@article{clifford1990markov,
  title={Markov random fields in statistics},
  author={Clifford, Peter},
  journal={Disorder in physical systems: A volume in honour of John M. Hammersley},
  year={1990}
}
@inproceedings{salakhutdinov2009deep,
  title={Deep boltzmann machines},
  author={Salakhutdinov, Ruslan and Hinton, Geoffrey},
  booktitle = {Proceedings of the 12th International Conference on Machine Learning},
  year={2009},
}
@article{leroux2008representational,
  author =       {Le Roux, Nicolas and Bengio, Yoshua},
  title =        {Representational Power of Restricted Boltzmann
                  Machines and Deep Belief Networks},
  journal =      {Neural Computation},
  year =         2008,
}
@article{montufar2017hierarchical,
  title={Hierarchical models as marginals of hierarchical models},
  author={Mont{\'u}far, Guido and Rauh, Johannes},
  journal={International Journal of Approximate Reasoning},
  year={2017},
}
@article{montufar2014deep,
  title={Deep narrow Boltzmann machines are universal approximators},
  author={Mont{\'u}far, Guido},
  journal={arXiv preprint arXiv:1411.3784},
  year={2014}
}
@inproceedings{bansal2018using,
  title = {Using Inherent Structures to design Lean 2-layer RBMs},
  author = {Bansal, Abhishek and Anand, Abhinav and Bhattacharyya, Chiranjib},
  booktitle = {Proceedings of the 35th International Conference on Machine Learning},
  year = {2018},
}
@article{ren2021comprehensive,
  title={A comprehensive survey of neural architecture search: Challenges and solutions},
  author={Ren, Pengzhen and Xiao, Yun and Chang, Xiaojun and Huang, Po-Yao and Li, Zhihui and Chen, Xiaojiang and Wang, Xin},
  journal={ACM Computing Surveys (CSUR)},
  year={2021},
}
@article{berzin2022kac,
  title={Kac-Rice Formula: A contemporary overview of the main results and applications},
  author={Berzin, Corinne and Latour, Alain and Le{\'o}n, Jos{\'e}},
  journal={arXiv preprint arXiv:2205.08742},
  year={2022}
}
@InProceedings{fischer2012introduction,
  title = {An Introduction to Restricted Boltzmann Machines},
  author = {Fischer, Asja and Igel, Christian},
  booktitle = {Progress in Pattern Recognition, Image Analysis, Computer Vision, and Applications},
  year={2012},
}
@article{sherrington1975solvable,
  title =        {Solvable Model of a Spin-Glass},
  author =       {Sherrington, David and Kirkpatrick, Scott},
  journal =      {Phys. Rev. Lett.},
  year =         1975,
}
@article{Stillinger1983InherentSI,
  title={Inherent structure in water},
  author={Frank H. Stillinger and Thomas A. Weber},
  journal={The Journal of Physical Chemistry},
  year={1983},
}
@article{singh1995fixed,
  title =        {Fixed points in a Hopfield model with random
                  asymmetric interactions},
  author =       {Singh, Manoranjan P. and Chengxiang, Zhang and
                  Dasgupta, Chandan},
  journal =      {Phys. Rev. E},
  year =         1995,
}
@article{gutfreund1988attractors,
title = {The nature of attractors in an asymmetric spin glass with deterministic dynamics},
author = {Gutfreund, H and  Reger, J D and Young, A P},
journal = {Journal of Physics A: Mathematical and General},
year = {1988},
}
@article{tanaka1980analytic,
title = {Analytic theory of the ground state properties of a spin glass. I. Ising spin glass},
author = {Tanaka, F and  Edwards, S F},
journal = {Journal of Physics F: Metal Physics},
year = {1980},
}
@article{hartnett2018replica,
  title =        {Replica Symmetry Breaking in Bipartite Spin Glasses
                  and Neural Networks},
  author =       {Hartnett, Gavin and Parker, Edward and Geist,
                  Edward},
  journal =      {Phys. Rev. E 98, 022116 (2018)},
  year =         2018,
}
@article{berzin2022kac,
  title={Kac-Rice Formula: A contemporary overview of the main results and applications},
  author={Berzin, Corinne and Latour, Alain and Le{\'o}n, Jos{\'e}},
  journal={arXiv preprint arXiv:2205.08742},
  year={2022}
}
@incollection{nishimori2001spsg,
    title = {Statistical Physics of Spin Glasses and Information Processing: An Introduction},
    author = {Nishimori, Hidetoshi},
    publisher = {Oxford University Press},
    year = {2001},
}
@incollection{kardar2007spop,
    title = {Statistical physics of particles},
    author={Kardar, Mehran},
    publisher={Cambridge University Press},
    year={2007},
}
@article{montufar2015mixture,
  title={When does a mixture of products contain a product of mixtures?},
  author={Mont{\'u}far, Guido F and Morton, Jason},
  journal={SIAM Journal on Discrete Mathematics},
  year={2015},
}
@article{hubbard1959calculation,
  title={Calculation of partition functions},
  author={Hubbard, John},
  journal={Physical Review Letters},
  year={1959},
}
@article{schnabel2017dynamic,
title = {Dynamic greedy algorithms for the Edwardsâ€“Anderson model},
author = {Schnabel, Stefan and Janke, Wolfhard},
journal = {Computer Physics Communications},
year = {2017},
}
@article{bray1981metastable,
title = {Metastable states in spin glasses with short-ranged interactions},
author = {Bray, A J and  Moore, M A},
journal = {Journal of Physics C: Solid State Physics},
year = {1981},
}
@article{schnabel2018distribution,
  title =        {Distribution of metastable states of Ising spin
                  glasses},
  author =       {Schnabel, Stefan and Janke, Wolfhard},
  journal =      {Phys. Rev. B},
  year =         2018,
}
@article{waclaw2008counting,
  title =        {Counting metastable states of Ising spin glasses on
                  arbitrary graphs},
  author =       {Waclaw, B. and Burda, Z.},
  journal =      {Phys. Rev. E},
  year =         2008,
}
@inproceedings{schnabel2019distribution,
  title={Distribution of metastable states of spin glasses},
  author={Schnabel, Stefan and Janke, Wolfhard},
  booktitle={Journal of Physics: Conference Series},
  year={2019},
}
@article{schnabel2020counting,
  title={Counting metastable states of Ising spin glasses on hypercubic lattices},
  author={Schnabel, Stefan and Janke, Wolfhard},
  journal={The European Physical Journal B},
  year={2020},
}
@article{ichikawa2022statistical,
title = {Statistical-mechanical Study of Deep Boltzmann Machine Given Weight Parameters after Training by Singular Value Decomposition},
author = {Ichikawa ,Yuma and Hukushima ,Koji},
journal = {Journal of the Physical Society of Japan},
year = {2022},
}

