@article{allwein2000reducing,
  author =       {Allwein, Erin L. and Schapire, Robert E. and Singer,
                  Yoram},
  journal =      {J. Mach. Learn. Res.},
  note =         {\url{https://jmlr.org/papers/v1/allwein00a.html}},
  openalex =     {W1588401315},
  pages =        {113--141},
  title =        {Reducing Multiclass to Binary: A Unifying Approach
                  for Margin Classifiers},
  volume =       1,
  year =         2000
}

@article{boyan2000learning,
  author =       {Boyan, Justin A. and Moore, Andrew W.},
  journal =      {J. Mach. Learn. Res.},
  note =         {\url{https://jmlr.org/papers/v1/boyan00a.html}},
  pages =        {77--112},
  title =        {Learning Evaluation Functions to Improve
                  Optimization by Local Search},
  volume =       1,
  year =         2000
}

@article{collobert2001svmtorch,
  author =       {Collobert, Ronan and Bengio, Samy},
  journal =      {J. Mach. Learn. Res.},
  note =         {\url{https://jmlr.org/papers/v1/collobert01a.html}},
  pages =        {143--160},
  title =        {SVMTorch: Support Vector Machines for Large-Scale
                  Regression Problems},
  volume =       1,
  year =         2001
}

@article{heckerman2000dependency,
  author =       {Heckerman, David and Chickering, David Maxwell and
                  Meek, Christopher and Rounthwaite, Robert and Kadie,
                  Carl},
  journal =      {J. Mach. Learn. Res.},
  note =         {\url{https://jmlr.org/papers/v1/heckerman00a.html}},
  openalex =     {W4300002020},
  pages =        {49--75},
  title =        {Dependency Networks for Collaborative Filtering and
                  Data Visualization},
  volume =       1,
  year =         2000
}

@article{herbrich2001bayes,
  author =       {Herbrich, Ralf and Graepel, Thore and Campbell,
                  Colin},
  journal =      {J. Mach. Learn. Res.},
  note =         {\url{https://jmlr.org/papers/v1/herbrich01a.html}},
  pages =        {245--279},
  title =        {Bayes Point Machines},
  volume =       1,
  year =         2001
}

@article{herbster2001tracking,
  author =       {Herbster, Mark and Warmuth, Manfred K.},
  journal =      {J. Mach. Learn. Res.},
  note =         {\url{https://jmlr.org/papers/v1/herbster01a.html}},
  pages =        {281--309},
  title =        {Tracking the Best Linear Predictor},
  volume =       1,
  year =         2001
}

@article{mahony2001prior,
  author =       {Mahony, Robert E. and Williamson, Robert C.},
  journal =      {J. Mach. Learn. Res.},
  note =         {\url{https://jmlr.org/papers/v1/mahony01a.html}},
  pages =        {311--355},
  title =        {Prior Knowledge and Preferential Structures in
                  Gradient Descent Learning Algorithms},
  volume =       1,
  year =         2001
}

@article{mangasarian2001lagrangian,
  author =       {Mangasarian, Olvi L. and Musicant, David R.},
  journal =      {J. Mach. Learn. Res.},
  note =
                  {\url{https://jmlr.org/papers/v1/mangasarian01a.html}},
  pages =        {161--177},
  title =        {Lagrangian Support Vector Machines},
  volume =       1,
  year =         2001
}

@article{meila2000learning,
  author =       {Meila, Marina and Jordan, Michael I.},
  journal =      {J. Mach. Learn. Res.},
  note =         {\url{https://jmlr.org/papers/v1/meila00a.html}},
  pages =        {1--48},
  title =        {Learning with Mixtures of Trees},
  volume =       1,
  year =         2000
}

@article{smola2001regularized,
  author =       {Smola, Alexander J. and Mika, Sebastian and
                  Sch√∂lkopf, Bernhard and Williamson, Robert C.},
  journal =      {J. Mach. Learn. Res.},
  note =         {\url{https://jmlr.org/papers/v1/smola01a.html}},
  pages =        {179--209},
  title =        {Regularized Principal Manifolds},
  volume =       1,
  year =         2001
}

@article{tipping2001sparse,
  author =       {Tipping, Michael E.},
  journal =      {J. Mach. Learn. Res.},
  note =         {\url{https://jmlr.org/papers/v1/tipping01a.html}},
  pages =        {211--244},
  title =        {Sparse Bayesian Learning and the Relevance Vector
                  Machine},
  volume =       1,
  year =         2001
}
