@article{benHur2001support,
 author = {Ben-Hur, Asa and Horn, David and Siegelmann, Hava T. and Vapnik, Vladimir},
 journal = {J. Mach. Learn. Res.},
 note = {\url{https://jmlr.org/papers/v2/horn01a.html}},
 pages = {125--137},
 title = {Support Vector Clustering},
 volume = {2},
 year = {2001}
}

@article{bousquet2002stability,
 author = {Bousquet, Olivier and Elisseeff, André},
 journal = {J. Mach. Learn. Res.},
 note = {\url{https://jmlr.org/papers/v2/bousquet02a.html}},
 pages = {499--526},
 title = {Stability and Generalization},
 volume = {2},
 year = {2002}
}

@article{bshouty2002using,
 author = {Bshouty, Nader H. and Feldman, Vitaly},
 journal = {J. Mach. Learn. Res.},
 note = {\url{https://jmlr.org/papers/v2/bshouty02a.html}},
 pages = {359--395},
 title = {On Using Extended Statistical Queries to Avoid Membership Queries},
 volume = {2},
 year = {2002}
}

@article{cannon2002machine,
 author = {Cannon, Adam and Ettinger, J. Mark and Hush, Don R. and Scovel, Clint},
 journal = {J. Mach. Learn. Res.},
 note = {\url{https://jmlr.org/papers/v2/cannon02a.html}},
 pages = {335--358},
 title = {Machine Learning with Data Dependent Hypothesis Classes},
 volume = {2},
 year = {2002}
}

@article{chickering2002learning,
 author = {Chickering, David Maxwell},
 journal = {J. Mach. Learn. Res.},
 note = {\url{https://jmlr.org/papers/v2/chickering02a.html}},
 pages = {445--498},
 title = {Learning Equivalence Classes of Bayesian-Network Structures},
 volume = {2},
 year = {2002}
}

@article{crammer2001algorithmic,
 author = {Crammer, Koby and Singer, Yoram},
 journal = {J. Mach. Learn. Res.},
 note = {\url{https://jmlr.org/papers/v2/crammer01a.html}},
 pages = {265--292},
 title = {On the Algorithmic Implementation of Multiclass Kernel-based Vector Machines},
 volume = {2},
 year = {2001}
}

@article{dejean2002learning,
 author = {Déjean, Hervé},
 journal = {J. Mach. Learn. Res.},
 note = {\url{https://jmlr.org/papers/v2/dejean02a.html}},
 pages = {669--693},
 title = {Learning Rules and Their Exceptions},
 volume = {2},
 year = {2002}
}

@article{downs2001exact,
 author = {Downs, Tom and Gates, Kevin E. and Masters, Annette},
 journal = {J. Mach. Learn. Res.},
 note = {\url{https://jmlr.org/papers/v2/downs01a.html}},
 pages = {293--297},
 title = {Exact Simplification of Support Vector Solutions},
 volume = {2},
 year = {2001}
}

@article{fine2001efficient,
 author = {Fine, Shai and Scheinberg, Katya},
 journal = {J. Mach. Learn. Res.},
 note = {\url{https://jmlr.org/papers/v2/fine01a.html}},
 pages = {243--264},
 title = {Efficient SVM Training Using Low-Rank Kernel Representations},
 volume = {2},
 year = {2001}
}

@article{furnkranz2002round,
 author = {Fürnkranz, Johannes},
 journal = {J. Mach. Learn. Res.},
 note = {\url{https://jmlr.org/papers/v2/fuernkranz02a.html}},
 pages = {721--747},
 title = {Round Robin Classification},
 volume = {2},
 year = {2002}
}

@article{gentile2001new,
 author = {Gentile, Claudio},
 journal = {J. Mach. Learn. Res.},
 note = {\url{https://jmlr.org/papers/v2/gentile01a.html}},
 pages = {213--242},
 title = {A New Approximate Maximal Margin Classification Algorithm},
 volume = {2},
 year = {2001}
}

@article{genton2001classes,
 author = {Genton, Marc G.},
 journal = {J. Mach. Learn. Res.},
 note = {\url{https://jmlr.org/papers/v2/genton01a.html}},
 pages = {299--312},
 title = {Classes of Kernels for Machine Learning: A Statistics Perspective},
 volume = {2},
 year = {2001}
}

@article{hammerton2002introduction,
 author = {Hammerton, James Alistair and Osborne, Miles and Armstrong, Susan and Daelemans, Walter},
 journal = {J. Mach. Learn. Res.},
 note = {\url{https://jmlr.org/papers/v2/hammerton02a.html}},
 pages = {551--558},
 title = {Introduction to Special Issue on Machine Learning Approaches to Shallow Parsing},
 volume = {2},
 year = {2002}
}

@article{jonyer2001graph,
 author = {Jonyer, Istvan and Cook, Diane J. and Holder, Lawrence B.},
 journal = {J. Mach. Learn. Res.},
 note = {\url{https://jmlr.org/papers/v2/jonyer01a.html}},
 pages = {19--43},
 title = {Graph-Based Hierarchical Conceptual Clustering},
 volume = {2},
 year = {2001}
}

@article{lodhi2002text,
 author = {Lodhi, Huma and Saunders, Craig and Shawe-Taylor, John and Cristianini, Nello and Watkins, Christopher J. C. H.},
 journal = {J. Mach. Learn. Res.},
 note = {\url{https://jmlr.org/papers/v2/lodhi02a.html}},
 pages = {419--444},
 title = {Text Classification using String Kernels},
 volume = {2},
 year = {2002}
}

@article{manevitz2001one,
 author = {Manevitz, Larry M. and Yousef, Malik},
 journal = {J. Mach. Learn. Res.},
 note = {\url{https://jmlr.org/papers/v2/manevitz01a.html}},
 pages = {139--154},
 title = {One-Class SVMs for Document Classification},
 volume = {2},
 year = {2001}
}

@article{meek2002learning,
 author = {Meek, Christopher and Thiesson, Bo and Heckerman, David},
 journal = {J. Mach. Learn. Res.},
 note = {\url{https://jmlr.org/papers/v2/meek02a.html}},
 pages = {397--418},
 title = {The Learning-Curve Sampling Method Applied to Model-Based Clustering},
 volume = {2},
 year = {2002}
}

@article{megyesi2002shallow,
 author = {Megyesi, Beata},
 journal = {J. Mach. Learn. Res.},
 note = {\url{https://jmlr.org/papers/v2/megyesi02a.html}},
 pages = {639--668},
 title = {Shallow Parsing with PoS Taggers and Linguistic Features},
 volume = {2},
 year = {2002}
}

@article{mendelson2001on,
 author = {Mendelson, Shahar},
 journal = {J. Mach. Learn. Res.},
 note = {\url{https://jmlr.org/papers/v2/mendelson01a.html}},
 pages = {1--18},
 title = {On the Size of Convex Hulls of Small Sets},
 volume = {2},
 year = {2001}
}

@article{molina2002shallow,
 author = {Molina, Antonio and Pla, Ferran},
 journal = {J. Mach. Learn. Res.},
 note = {\url{https://jmlr.org/papers/v2/molina02a.html}},
 pages = {595--613},
 title = {Shallow Parsing using Specialized HMMs},
 volume = {2},
 year = {2002}
}

@article{osborne2002shallow,
 author = {Osborne, Miles},
 journal = {J. Mach. Learn. Res.},
 note = {\url{https://jmlr.org/papers/v2/osborne02a.html}},
 pages = {695--719},
 title = {Shallow Parsing using Noisy and Non-Stationary Training Material},
 volume = {2},
 year = {2002}
}

@article{pekalska2001generalized,
 author = {Pekalska, Elzbieta and Paclík, Pavel and Duin, Robert P. W.},
 journal = {J. Mach. Learn. Res.},
 note = {\url{https://jmlr.org/papers/v2/pekalska01a.html}},
 pages = {175--211},
 title = {A Generalized Kernel Approach to Dissimilarity-based Classification},
 volume = {2},
 year = {2001}
}

@article{rosipal2001kernel,
 author = {Rosipal, Roman and Trejo, Leonard J.},
 journal = {J. Mach. Learn. Res.},
 note = {\url{https://jmlr.org/papers/v2/rosipal01a.html}},
 pages = {97--123},
 title = {Kernel Partial Least Squares Regression in Reproducing Kernel Hilbert Space},
 volume = {2},
 year = {2001}
}

@article{sang2002memory,
 author = {Tjong Kim Sang, Erik F.},
 journal = {J. Mach. Learn. Res.},
 note = {\url{https://jmlr.org/papers/v2/tks02a.html}},
 pages = {559--594},
 title = {Memory-Based Shallow Parsing},
 volume = {2},
 year = {2002}
}

@article{steinwart2001influence,
 author = {Steinwart, Ingo},
 journal = {J. Mach. Learn. Res.},
 note = {\url{https://jmlr.org/papers/v2/steinwart01a.html}},
 pages = {67--93},
 title = {On the Influence of the Kernel on the Consistency of Support Vector Machines},
 volume = {2},
 year = {2001}
}

@article{tax2001uniform,
 author = {Tax, David M. J. and Duin, Robert P. W.},
 journal = {J. Mach. Learn. Res.},
 note = {\url{https://jmlr.org/papers/v2/tax01a.html}},
 pages = {155--173},
 title = {Uniform Object Generation for Optimizing One-class Classifiers},
 volume = {2},
 year = {2001}
}

@article{tong2001support,
 author = {Tong, Simon and Koller, Daphne},
 journal = {J. Mach. Learn. Res.},
 note = {\url{https://jmlr.org/papers/v2/tong01a.html}},
 pages = {45--66},
 title = {Support Vector Machine Active Learning with Applications to Text Classification},
 volume = {2},
 year = {2001}
}

@article{zhang2002covering,
 author = {Zhang, Tong},
 journal = {J. Mach. Learn. Res.},
 note = {\url{https://jmlr.org/papers/v2/zhang02b.html}},
 pages = {527--550},
 title = {Covering Number Bounds of Certain Regularized Linear Function Classes},
 volume = {2},
 year = {2002}
}

@article{zhang2002recommender,
 author = {Zhang, Tong and Iyengar, Vijay S.},
 journal = {J. Mach. Learn. Res.},
 note = {\url{https://jmlr.org/papers/v2/zhang02a.html}},
 pages = {313--334},
 title = {Recommender Systems Using Linear Classifier},
 volume = {2},
 year = {2002}
}

@article{zhang2002text,
 author = {Zhang, Tong and Damerau, Fred and Johnson, David},
 journal = {J. Mach. Learn. Res.},
 note = {\url{https://jmlr.org/papers/v2/zhang02c.html}},
 pages = {615--637},
 title = {Text Chunking based on a Generalization of Winnow},
 volume = {2},
 year = {2002}
}
