@article{benHur2001support,
  author = {Ben‐Hur, Asa and Horn, D. and Siegelmann, Hava T. and Vapnik, Vladimir},
  journal = {J. Mach. Learn. Res.},
  note = {\url{https://jmlr.org/papers/v2/horn01a.html}},
  openalex = {W1943383135},
  pages = {125--137},
  title = {Support vector clustering},
  volume = {2},
  year = {2001}
}

@article{bousquet2002stability,
  author = {Bousquet, Olivier and Elisseeff, André},
  journal = {J. Mach. Learn. Res.},
  note = {\url{https://jmlr.org/papers/v2/bousquet02a.html}},
  openalex = {W2110630246},
  pages = {499--526},
  title = {Algorithmic Stability and Generalization Performance},
  volume = {2},
  year = {2002}
}

@article{bshouty2002using,
  author = {Bshouty, Nader H. and Feldman, Vitaly},
  journal = {J. Mach. Learn. Res.},
  note = {\url{https://jmlr.org/papers/v2/bshouty02a.html}},
  openalex = {W2123974195},
  pages = {359--395},
  title = {On Using Extended Statistical Queries to Avoid Membership Queries},
  volume = {2},
  year = {2002}
}

@article{cannon2002machine,
  author = {Cannon, Adam and Ettinger, J. Mark and Hush, Don R. and Scovel, Clint},
  journal = {J. Mach. Learn. Res.},
  note = {\url{https://jmlr.org/papers/v2/cannon02a.html}},
  pages = {335--358},
  title = {Machine Learning with Data Dependent Hypothesis Classes},
  volume = {2},
  year = {2002}
}

@article{chickering2002learning,
  author = {Chickering, David Maxwell},
  journal = {J. Mach. Learn. Res.},
  note = {\url{https://jmlr.org/papers/v2/chickering02a.html}},
  openalex = {W1587150650},
  pages = {445--498},
  title = {Learning equivalence classes of Bayesian network structures},
  volume = {2},
  year = {2002}
}

@article{crammer2001algorithmic,
  author = {Crammer, Koby and Singer, Yoram},
  journal = {J. Mach. Learn. Res.},
  note = {\url{https://jmlr.org/papers/v2/crammer01a.html}},
  openalex = {W2157791002},
  pages = {265--292},
  title = {On the algorithmic implementation of multiclass kernel-based vector machines},
  volume = {2},
  year = {2001}
}

@article{dejean2002learning,
  author = {Déjean, Hervé},
  journal = {J. Mach. Learn. Res.},
  note = {\url{https://jmlr.org/papers/v2/dejean02a.html}},
  openalex = {W1564627696},
  pages = {669--693},
  title = {Learning rules and their exceptions},
  volume = {2},
  year = {2002}
}

@article{downs2001exact,
  author = {Downs, Tom and Gates, Kevin E. and Masters, Annette},
  journal = {J. Mach. Learn. Res.},
  note = {\url{https://jmlr.org/papers/v2/downs01a.html}},
  pages = {293--297},
  title = {Exact Simplification of Support Vector Solutions},
  volume = {2},
  year = {2001}
}

@article{fine2001efficient,
  author = {Fine, Shai and Scheinberg, Katya},
  journal = {J. Mach. Learn. Res.},
  note = {\url{https://jmlr.org/papers/v2/fine01a.html}},
  openalex = {W2137557016},
  pages = {243--264},
  title = {Efficient svm training using low-rank kernel representations},
  volume = {2},
  year = {2001}
}

@article{furnkranz2002round,
  author = {Fürnkranz, Johannes},
  journal = {J. Mach. Learn. Res.},
  note = {\url{https://jmlr.org/papers/v2/fuernkranz02a.html}},
  pages = {721--747},
  title = {Round Robin Classification},
  volume = {2},
  year = {2002}
}

@article{gentile2001new,
  author = {Gentile, Claudio},
  journal = {J. Mach. Learn. Res.},
  note = {\url{https://jmlr.org/papers/v2/gentile01a.html}},
  openalex = {W1762008180},
  pages = {213--242},
  title = {A new approximate maximal margin classification algorithm},
  volume = {2},
  year = {2001}
}

@article{genton2001classes,
  author = {Genton, Marc G.},
  journal = {J. Mach. Learn. Res.},
  note = {\url{https://jmlr.org/papers/v2/genton01a.html}},
  openalex = {W1567012231},
  pages = {299--312},
  title = {Classes of kernels for machine learning: a statistics perspective},
  volume = {2},
  year = {2001}
}

@article{hammerton2002introduction,
  author = {Hammerton, James Alistair and Osborne, Miles and Armstrong, Susan and Daelemans, Walter},
  journal = {J. Mach. Learn. Res.},
  note = {\url{https://jmlr.org/papers/v2/hammerton02a.html}},
  pages = {551--558},
  title = {Introduction to Special Issue on Machine Learning Approaches to Shallow Parsing},
  volume = {2},
  year = {2002}
}

@article{jonyer2001graph,
  author = {Jónyer, István and Holder, Lawrence B. and Cook, Diane J.},
  journal = {J. Mach. Learn. Res.},
  note = {\url{https://jmlr.org/papers/v2/jonyer01a.html}},
  openalex = {W2036868373},
  pages = {19--43},
  title = {GRAPH-BASED HIERARCHICAL CONCEPTUAL CLUSTERING},
  volume = {2},
  year = {2001}
}

@article{lodhi2002text,
  author = {Lodhi, Huma and Shawe‐Taylor, John and Cristianini, Nello and Watkins, Christopher J.},
  journal = {J. Mach. Learn. Res.},
  note = {\url{https://jmlr.org/papers/v2/lodhi02a.html}},
  openalex = {W2107425660},
  pages = {419--444},
  title = {Text Classification using String Kernels},
  volume = {2},
  year = {2002}
}

@article{manevitz2001one,
  author = {Manevitz, Larry M. and Yousef, Malik},
  journal = {J. Mach. Learn. Res.},
  note = {\url{https://jmlr.org/papers/v2/manevitz01a.html}},
  openalex = {W2131904035},
  pages = {139--154},
  title = {One-class svms for document classification},
  volume = {2},
  year = {2001}
}

@article{meek2002learning,
  author = {Meek, Christopher and Thiesson, Bo and Heckerman, David},
  journal = {J. Mach. Learn. Res.},
  note = {\url{https://jmlr.org/papers/v2/meek02a.html}},
  pages = {397--418},
  title = {The Learning-Curve Sampling Method Applied to Model-Based Clustering},
  volume = {2},
  year = {2002}
}

@article{megyesi2002shallow,
  author = {Megyesi, Beáta},
  journal = {J. Mach. Learn. Res.},
  note = {\url{https://jmlr.org/papers/v2/megyesi02a.html}},
  openalex = {W2150600651},
  pages = {639--668},
  title = {Shallow parsing with pos taggers and linguistic features},
  volume = {2},
  year = {2002}
}

@article{mendelson2001on,
  author = {Mendelson, Shahar},
  journal = {J. Mach. Learn. Res.},
  note = {\url{https://jmlr.org/papers/v2/mendelson01a.html}},
  pages = {1--18},
  title = {On the Size of Convex Hulls of Small Sets},
  volume = {2},
  year = {2001}
}

@article{molina2002shallow,
  author = {Molina, Antonio and Plà, Ferran},
  journal = {J. Mach. Learn. Res.},
  note = {\url{https://jmlr.org/papers/v2/molina02a.html}},
  openalex = {W2099008367},
  pages = {595--613},
  title = {Shallow parsing using specialized hmms},
  volume = {2},
  year = {2002}
}

@article{osborne2002shallow,
  author = {Osborne, Miles},
  journal = {J. Mach. Learn. Res.},
  note = {\url{https://jmlr.org/papers/v2/osborne02a.html}},
  openalex = {W2161221633},
  pages = {695--719},
  title = {Shallow parsing using noisy and non-stationary training material},
  volume = {2},
  year = {2002}
}

@article{pekalska2001generalized,
  author = {Pękalska, Elżbieta and Paclík, Pavel and Duin, Robert P. W.},
  journal = {J. Mach. Learn. Res.},
  note = {\url{https://jmlr.org/papers/v2/pekalska01a.html}},
  openalex = {W2157656721},
  pages = {175--211},
  title = {A generalized kernel approach to dissimilarity-based classification},
  volume = {2},
  year = {2001}
}

@article{rosipal2001kernel,
  author = {Rosipal, Roman and Trejo, Leonard J.},
  journal = {J. Mach. Learn. Res.},
  note = {\url{https://jmlr.org/papers/v2/rosipal01a.html}},
  openalex = {W2139269942},
  pages = {97--123},
  title = {Kernel partial least squares regression in reproducing kernel hilbert space},
  volume = {2},
  year = {2001}
}

@article{sang2002memory,
  author = {Sang, Erik F. Tjong Kim},
  journal = {J. Mach. Learn. Res.},
  note = {\url{https://jmlr.org/papers/v2/tks02a.html}},
  openalex = {W1823542770},
  pages = {559--594},
  title = {Memory-based shallow parsing},
  volume = {2},
  year = {2002}
}

@article{steinwart2001influence,
  author = {Steinwart, Ingo},
  journal = {J. Mach. Learn. Res.},
  note = {\url{https://jmlr.org/papers/v2/steinwart01a.html}},
  pages = {67--93},
  title = {On the Influence of the Kernel on the Consistency of Support Vector Machines},
  volume = {2},
  year = {2001}
}

@article{tax2001uniform,
  author = {Tax, David M. J. and Duin, Robert P. W.},
  journal = {J. Mach. Learn. Res.},
  note = {\url{https://jmlr.org/papers/v2/tax01a.html}},
  openalex = {W2153477625},
  pages = {155--173},
  title = {Uniform object generation for optimizing one-class classifiers},
  volume = {2},
  year = {2001}
}

@article{tong2001support,
  author = {Tong, Simon and Koller, Daphne},
  journal = {J. Mach. Learn. Res.},
  note = {\url{https://jmlr.org/papers/v2/tong01a.html}},
  openalex = {W1515450954},
  pages = {45--66},
  title = {Support Vector Machine Active Learning with Application sto Text Classification},
  volume = {2},
  year = {2001}
}

@article{zhang2002covering,
  author = {Zhang, Tong},
  journal = {J. Mach. Learn. Res.},
  note = {\url{https://jmlr.org/papers/v2/zhang02b.html}},
  pages = {527--550},
  title = {Covering Number Bounds of Certain Regularized Linear Function Classes},
  volume = {2},
  year = {2002}
}

@article{zhang2002recommender,
  author = {Zhang, Tong and Iyengar, Vijay S.},
  journal = {J. Mach. Learn. Res.},
  note = {\url{https://jmlr.org/papers/v2/zhang02a.html}},
  pages = {313--334},
  title = {Recommender Systems Using Linear Classifier},
  volume = {2},
  year = {2002}
}

@article{zhang2002text,
  author = {Zhang, Tong and Damerau, Fred J. and Johnson, David E.},
  journal = {J. Mach. Learn. Res.},
  note = {\url{https://jmlr.org/papers/v2/zhang02c.html}},
  openalex = {W2099942883},
  pages = {615--637},
  title = {Text chunking based on a generalization of winnow},
  volume = {2},
  year = {2002}
}
