@article{antos2002data,
  author = {Antos, András and Kégl, Balázs and Linder, Tamás and Lugosi, Gábor},
  journal = {J. Mach. Learn. Res.},
  note = {\url{\url{https://jmlr.org/papers/v3/antos02a.html}}},
  pages = {73--98},
  title = {Data-dependent margin-based generalization bounds for classification},
  volume = {3},
  year = {2002}
}

@article{auer2002using,
  author = {Auer, Peter},
  journal = {J. Mach. Learn. Res.},
  note = {\url{\url{https://jmlr.org/papers/v3/auer02a.html}}},
  openalex = {W2108114251},
  pages = {397--422},
  title = {Using confidence bounds for exploitation-exploration trade-offs},
  volume = {3},
  year = {2002}
}

@article{bach2002kernel,
  author = {Bach, Francis and Jordan, Michael I.},
  journal = {J. Mach. Learn. Res.},
  note = {\url{\url{https://jmlr.org/papers/v3/bach02a.html}}},
  openalex = {W1588424744},
  pages = {1--48},
  title = {Kernel independent component analysis},
  volume = {3},
  year = {2002}
}

@article{barnard2003matching,
  author = {Barnard, Kobus and Duygulu, Pinar and Forsyth, David A. and de Freitas, Nando and Blei, David M. and Jordan, Michael I.},
  journal = {J. Mach. Learn. Res.},
  note = {\url{\url{https://jmlr.org/papers/v3/barnard03a.html}}},
  pages = {1107--1135},
  title = {Matching Words and Pictures},
  volume = {3},
  year = {2003}
}

@article{bartlett2002rademacher,
  author = {Bartlett, Peter L. and Mendelson, Shahar},
  journal = {J. Mach. Learn. Res.},
  note = {\url{\url{https://jmlr.org/papers/v3/bartlett02a.html}}},
  openalex = {W2579923771},
  pages = {463--482},
  title = {Rademacher and Gaussian Complexities: Risk Bounds and Structural Results},
  volume = {3},
  year = {2002}
}

@article{bekkerman2003distributional,
  author = {Bekkerman, Ron and El‐Yaniv, Ran and Tishby, Naftali and Winter, Yoad},
  journal = {J. Mach. Learn. Res.},
  note = {\url{\url{https://jmlr.org/papers/v3/bekkerman03a.html}}},
  openalex = {W1730404227},
  pages = {1183--1208},
  title = {Distributional word clusters vs. words for text categorization},
  volume = {3},
  year = {2003}
}

@article{bendavid2002limitations,
  author = {Ben-David, Shai and Eiron, Nadav and Simon, Hans Ulrich},
  journal = {J. Mach. Learn. Res.},
  note = {\url{\url{https://jmlr.org/papers/v3/bendavid02a.html}}},
  openalex = {W2154904274},
  pages = {441--461},
  title = {Limitations of Learning via Embeddings in Euclidean Half-Spaces},
  volume = {3},
  year = {2002}
}

@article{bengio2003extensions,
  author = {Bengio, Yoshua and Chapados, Nicolas},
  journal = {J. Mach. Learn. Res.},
  note = {\url{\url{https://jmlr.org/papers/v3/bengio03b.html}}},
  openalex = {W2095710475},
  pages = {1209--1227},
  title = {Extensions to metric based model selection},
  volume = {3},
  year = {2003}
}

@article{bengio2003neural,
  author = {Bengio, Yoshua and Ducharme, Réjean and Vincent, Pascal and Janvin, Christian},
  journal = {J. Mach. Learn. Res.},
  note = {\url{\url{https://jmlr.org/papers/v3/bengio03a.html}}},
  pages = {1137--1155},
  title = {A Neural Probabilistic Language Model},
  volume = {3},
  year = {2003}
}

@article{bi2003dimensionality,
  author = {Bi, Jinbo and Bennett, Kristin P. and Embrechts, Mark J. and Breneman, Curt M. and Song, Minghu},
  journal = {J. Mach. Learn. Res.},
  note = {\url{\url{https://jmlr.org/papers/v3/bi03a.html}}},
  openalex = {W2115729631},
  pages = {1229--1243},
  title = {Dimensionality reduction via sparse support vector machines},
  volume = {3},
  year = {2003}
}

@article{blei2003latent,
  author = {Blei, David M. and Ng, Andrew Y. and Jordan, Michael I.},
  journal = {J. Mach. Learn. Res.},
  note = {\url{\url{https://jmlr.org/papers/v3/blei03a.html}}},
  openalex = {W1880262756},
  pages = {993--1022},
  title = {Latent dirichlet allocation},
  volume = {3},
  year = {2003}
}

@article{blockeel2002efficient,
  author = {Blockeel, Hendrik and Struyf, Jan},
  journal = {J. Mach. Learn. Res.},
  note = {\url{\url{https://jmlr.org/papers/v3/blockeel02a.html}}},
  openalex = {W1545265859},
  pages = {621--650},
  title = {Efficient algorithms for decision tree cross-validation},
  volume = {3},
  year = {2002}
}

@article{bousquet2002tracking,
  author = {Bousquet, Olivier and Warmuth, Manfred K.},
  journal = {J. Mach. Learn. Res.},
  note = {\url{\url{https://jmlr.org/papers/v3/bousquet02b.html}}},
  openalex = {W2115193820},
  pages = {363--396},
  title = {Tracking a Small Set of Experts by Mixing Past Posteriors},
  volume = {3},
  year = {2002}
}

@article{brafman2002rmax,
  author = {Brafman, Ronen I. and Tennenholtz, Moshe},
  journal = {J. Mach. Learn. Res.},
  note = {\url{\url{https://jmlr.org/papers/v3/brafman02a.html}}},
  openalex = {W2161966552},
  pages = {213--231},
  title = {R-MAX: a general polynomial time algorithm for near-optimal reinforcement learning},
  volume = {3},
  year = {2002}
}

@article{bshouty2002boosting,
  author = {Bshouty, Nader H. and Gavinsky, Dmitry},
  journal = {J. Mach. Learn. Res.},
  note = {\url{\url{https://jmlr.org/papers/v3/bshouty02b.html}}},
  openalex = {W2149079208},
  pages = {483--506},
  title = {On boosting with polynomially bounded distributions},
  volume = {3},
  year = {2002}
}

@article{bshouty2002learning,
  author = {Bshouty, Nader H. and Eiron, Nadav},
  journal = {J. Mach. Learn. Res.},
  note = {\url{\url{https://jmlr.org/papers/v3/bshouty02a.html}}},
  openalex = {W2168756625},
  pages = {49--57},
  title = {Learning Monotone DNF from a Teacher That Almost Does Not Answer Membership Queries},
  volume = {3},
  year = {2002}
}

@article{cancedda2003word,
  author = {Cancedda, Nicola and Gaussier, Éric and Goutte, Cyril and Renders, J.-M.},
  journal = {J. Mach. Learn. Res.},
  note = {\url{\url{https://jmlr.org/papers/v3/cancedda03a.html}}},
  openalex = {W2170750237},
  pages = {1059--1082},
  title = {Word sequence kernels},
  volume = {3},
  year = {2003}
}

@article{caruana2003benefitting,
  author = {Caruana, Rich and de, Virginia R.},
  journal = {J. Mach. Learn. Res.},
  note = {\url{\url{https://jmlr.org/papers/v3/caruana03a.html}}},
  openalex = {W2105000755},
  pages = {1245--1264},
  title = {Benefitting from the variables that variable selection discards},
  volume = {3},
  year = {2003}
}

@article{chan2002variational,
  author = {Chan, Kwokleung and Lee, Te-Won and Sejnowski, Terrence J.},
  journal = {J. Mach. Learn. Res.},
  note = {\url{\url{https://jmlr.org/papers/v3/chan02a.html}}},
  pages = {99--114},
  title = {Variational Learning of Clusters of Undercomplete Nonsymmetric Independent Components},
  volume = {3},
  year = {2002}
}

@article{chickering2002optimal,
  author = {Chickering, David Maxwell},
  journal = {J. Mach. Learn. Res.},
  note = {\url{\url{https://jmlr.org/papers/v3/chickering02b.html}}},
  pages = {507--554},
  title = {Optimal Structure Identification With Greedy Search},
  volume = {3},
  year = {2002}
}

@article{crammer2003family,
  author = {Crammer, Koby and Singer, Yoram},
  journal = {J. Mach. Learn. Res.},
  note = {\url{\url{https://jmlr.org/papers/v3/crammer03b.html}}},
  openalex = {W2107753812},
  pages = {1025--1058},
  title = {A family of additive online algorithms for category ranking},
  volume = {3},
  year = {2003}
}

@article{crammer2003ultraconservative,
  author = {Crammer, Koby and Singer, Yoram},
  journal = {J. Mach. Learn. Res.},
  note = {\url{\url{https://jmlr.org/papers/v3/crammer03a.html}}},
  openalex = {W2169423212},
  pages = {951--991},
  title = {Ultraconservative Online Algorithms for Multiclass Problems},
  volume = {3},
  year = {2003}
}

@article{dhillon2003divisive,
  author = {Dhillon, Inderjit S. and Mallela, Subramanyam and Kumar, Rahul},
  journal = {J. Mach. Learn. Res.},
  note = {\url{\url{https://jmlr.org/papers/v3/dhillon03a.html}}},
  openalex = {W2138570191},
  pages = {1265--1287},
  title = {A divisive information theoretic feature clustering algorithm for text classification},
  volume = {3},
  year = {2003}
}

@article{dooly2002multiple,
  author = {Amar, R. and Dooly, Daniel R. and Goldman, Sally A. and Zhang, Qi},
  journal = {J. Mach. Learn. Res.},
  note = {\url{\url{https://jmlr.org/papers/v3/dooly02a.html}}},
  openalex = {W1581034630},
  pages = {651--678},
  title = {Multiple-Instance Learning of Real-Valued Data},
  volume = {3},
  year = {2002}
}

@article{forman2003extensive,
  author = {Forman, George},
  journal = {J. Mach. Learn. Res.},
  note = {\url{\url{https://jmlr.org/papers/v3/forman03a.html}}},
  openalex = {W2103333826},
  pages = {1289--1305},
  title = {An extensive empirical study of feature selection metrics for text classification},
  volume = {3},
  year = {2003}
}

@article{fung2002minimal,
  author = {Fung, Glenn and Mangasarian, Olvi L. and Smola, Alexander J.},
  journal = {J. Mach. Learn. Res.},
  note = {\url{\url{https://jmlr.org/papers/v3/fung02a.html}}},
  pages = {303--321},
  title = {Minimal Kernel Classifiers},
  volume = {3},
  year = {2002}
}

@article{gers2002learning,
  author = {Gers, Felix A. and Schraudolph, Nicol N. and Schmidhuber, Jürgen},
  journal = {J. Mach. Learn. Res.},
  note = {\url{\url{https://jmlr.org/papers/v3/gers02a.html}}},
  pages = {115--143},
  title = {Learning Precise Timing with LSTM Recurrent Networks},
  volume = {3},
  year = {2002}
}

@article{getoor2002learning,
  author = {Getoor, Lisa and Friedman, Nir and Koller, Daphne and Taskar, Benjamin},
  journal = {J. Mach. Learn. Res.},
  note = {\url{\url{https://jmlr.org/papers/v3/getoor02a.html}}},
  openalex = {W2160664735},
  pages = {679--707},
  title = {Learning probabilistic models of link structure},
  volume = {3},
  year = {2002}
}

@article{globerson2003sufficient,
  author = {Globerson, Amir and Tishby, Naftali},
  journal = {J. Mach. Learn. Res.},
  note = {\url{\url{https://jmlr.org/papers/v3/globerson03a.html}}},
  openalex = {W2141585001},
  pages = {1307--1331},
  title = {Sufficient dimensionality reduction},
  volume = {3},
  year = {2003}
}

@article{guyon2003introduction,
  author = {Guyon, Isabelle and Elisseeff, André},
  journal = {J. Mach. Learn. Res.},
  note = {\url{\url{https://jmlr.org/papers/v3/guyon03a.html}}},
  pages = {1157--1182},
  title = {An Introduction to Variable and Feature Selection},
  volume = {3},
  year = {2003}
}

@article{herbrich2002algorithmic,
  author = {Herbrich, Ralf and Williamson, Robert C.},
  journal = {J. Mach. Learn. Res.},
  note = {\url{\url{https://jmlr.org/papers/v3/herbrich02a.html}}},
  openalex = {W2294659999},
  pages = {175--212},
  title = {Algorithmic Luckiness},
  volume = {3},
  year = {2002}
}

@article{kalai2002efficient,
  author = {Kalai, Adam and Vempala, Santosh S.},
  journal = {J. Mach. Learn. Res.},
  note = {\url{\url{https://jmlr.org/papers/v3/kalai02a.html}}},
  pages = {423--440},
  title = {Efficient Algorithms for Universal Portfolios},
  volume = {3},
  year = {2002}
}

@article{lanckriet2002robust,
  author = {Lanckriet, Gert R. G. and El Ghaoui, Laurent and Bhattacharyya, Chiranjib and Jordan, Michael I.},
  journal = {J. Mach. Learn. Res.},
  note = {\url{\url{https://jmlr.org/papers/v3/lanckriet02a.html}}},
  pages = {555--582},
  title = {A Robust Minimax Approach to Classification},
  volume = {3},
  year = {2002}
}

@article{ling2002representational,
  author = {Ling, Charles X. and Zhang, Huajie},
  journal = {J. Mach. Learn. Res.},
  note = {\url{\url{https://jmlr.org/papers/v3/ling02a.html}}},
  openalex = {W2140084830},
  pages = {709--721},
  title = {The representational power of discrete bayesian networks},
  volume = {3},
  year = {2002}
}

@article{marchand2002set,
  author = {Marchand, Mario and Shawe‐Taylor, John},
  journal = {J. Mach. Learn. Res.},
  note = {\url{\url{https://jmlr.org/papers/v3/marchand02a.html}}},
  openalex = {W2170708028},
  pages = {723--746},
  title = {The set covering machine},
  volume = {3},
  year = {2002}
}

@article{marx2002coupled,
  author = {Marx, Zvika and Dagan, Ido and Buhmann, Joachim M. and Shamir, Eli},
  journal = {J. Mach. Learn. Res.},
  note = {\url{\url{https://jmlr.org/papers/v3/marx02a.html}}},
  openalex = {W2101561981},
  pages = {747--780},
  title = {Coupled clustering: a method for detecting structural correspondence},
  volume = {3},
  year = {2002}
}

@article{nair2002some,
  author = {Nair, Prasanth B. and Choudhury, Arindam and Keane, Andy J.},
  journal = {J. Mach. Learn. Res.},
  note = {\url{\url{https://jmlr.org/papers/v3/nair02a.html}}},
  openalex = {W2111579412},
  pages = {781--801},
  title = {Some greedy learning algorithms for sparse regression and classification with mercer kernels},
  volume = {3},
  year = {2002}
}

@article{nevo2002online,
  author = {Nevo, Ziv and El-Yaniv, Ran},
  journal = {J. Mach. Learn. Res.},
  note = {\url{\url{https://jmlr.org/papers/v3/nevo02a.html}}},
  pages = {271--301},
  title = {On Online Learning of Decision Lists},
  volume = {3},
  year = {2002}
}

@article{perkins2002lyapunov,
  author = {Perkins, Theodore J. and Barto, Andrew G.},
  journal = {J. Mach. Learn. Res.},
  note = {\url{https://jmlr.org/papers/v3/perkins02a.html}},
  openalex = {W2164479831},
  pages = {803--832},
  title = {Lyapunov design for safe reinforcement learning},
  volume = {3},
  year = {2002}
}

@article{perkins2003grafting,
  author = {Perkins, Simon and Lacker, Kevin and Theiler, James},
  journal = {J. Mach. Learn. Res.},
  note = {\url{\url{https://jmlr.org/papers/v3/perkins03a.html}}},
  openalex = {W1680014149},
  pages = {1333--1356},
  title = {Grafting: fast, incremental feature selection by gradient descent in function space},
  volume = {3},
  year = {2003}
}

@article{rakotomamonjy2003variable,
  author = {Rakotomamonjy, Alain},
  journal = {J. Mach. Learn. Res.},
  note = {\url{\url{https://jmlr.org/papers/v3/rakotomamonjy03a.html}}},
  openalex = {W2116948717},
  pages = {1357--1370},
  title = {Variable selection using svm based criteria},
  volume = {3},
  year = {2003}
}

@article{reunanen2003overfitting,
  author = {Reunanen, Juha},
  journal = {J. Mach. Learn. Res.},
  note = {\url{\url{https://jmlr.org/papers/v3/reunanen03a.html}}},
  openalex = {W2167191085},
  pages = {1371--1382},
  title = {Overfitting in making comparisons between variable selection methods},
  volume = {3},
  year = {2003}
}

@article{rivals2003mlps,
  author = {Rivals, Isabelle and Personnaz, L.},
  journal = {J. Mach. Learn. Res.},
  note = {\url{\url{https://jmlr.org/papers/v3/rivals03a.html}}},
  openalex = {W2140664758},
  pages = {1383--1398},
  title = {Mlps (mono layer polynomials and multi layer perceptrons) for nonlinear modeling},
  volume = {3},
  year = {2003}
}

@article{scheffer2002finding,
  author = {Scheffer, Tobias and Wrobel, Stefan},
  journal = {J. Mach. Learn. Res.},
  note = {\url{https://jmlr.org/papers/v3/scheffer02a.html}},
  openalex = {W2153747975},
  pages = {833--862},
  title = {Finding the most interesting patterns in a database quickly by using sequential sampling},
  volume = {3},
  year = {2002}
}

@article{sebban2002stopping,
  author = {Sebban, Marc and Nock, Richard and Lallich, Stéphane},
  journal = {J. Mach. Learn. Res.},
  note = {\url{https://jmlr.org/papers/v3/sebban02a.html}},
  openalex = {W2146708886},
  pages = {863--885},
  title = {Stopping criterion for boosting based data reduction techniques: from binary to multiclass problem},
  volume = {3},
  year = {2002}
}

@article{seeger2002pac,
  author = {Seeger, Matthias},
  journal = {J. Mach. Learn. Res.},
  note = {\url{https://jmlr.org/papers/v3/seeger02a.html}},
  openalex = {W2168022998},
  pages = {233--269},
  title = {PAC-Bayesian Generalisation Error Bounds for Gaussian Process Classification},
  volume = {3},
  year = {2002}
}

@article{singer2002learning,
  author = {Singer, Bryan and Veloso, Manuela},
  journal = {J. Mach. Learn. Res.},
  note = {\url{https://jmlr.org/papers/v3/singer02a.html}},
  openalex = {W2150654326},
  pages = {887--919},
  title = {Learning to construct fast signal processing implementations},
  volume = {3},
  year = {2002}
}

@article{stoppiglia2003ranking,
  author = {Stoppiglia, Hervé and Dreyfus, Gérard and Dubois, Rémi and Oussar, Yacine},
  journal = {J. Mach. Learn. Res.},
  note = {\url{\url{https://jmlr.org/papers/v3/stoppiglia03a.html}}},
  openalex = {W2134229366},
  pages = {1399--1414},
  title = {Ranking a random feature for variable and feature selection},
  volume = {3},
  year = {2003}
}

@article{strehl2002cluster,
  author = {Strehl, Alexander and Ghosh, Joydeep},
  journal = {J. Mach. Learn. Res.},
  note = {\url{https://jmlr.org/papers/v3/strehl02a.html}},
  pages = {583--617},
  title = {Cluster Ensembles — A Knowledge Reuse Framework for Combining Multiple Partitions},
  volume = {3},
  year = {2002}
}

@article{strens2002policy,
  author = {Strens, Malcolm J. A. and Moore, Andrew},
  journal = {J. Mach. Learn. Res.},
  note = {\url{https://jmlr.org/papers/v3/strens02a.html}},
  openalex = {W2126049034},
  pages = {921--950},
  title = {Policy search using paired comparisons},
  volume = {3},
  year = {2002}
}

@article{sugiyama2002subspace,
  author = {Sugiyama, Masashi and Müller, Klaus-Robert},
  journal = {J. Mach. Learn. Res.},
  note = {\url{https://jmlr.org/papers/v3/sugiyama02a.html}},
  pages = {323--359},
  title = {The Subspace Information Criterion for Infinite Dimensional Hypothesis Spaces},
  volume = {3},
  year = {2002}
}

@article{szita2002mdps,
  author = {Szita, Istvan and Takács, Bálint and Lőrincz, András},
  journal = {J. Mach. Learn. Res.},
  note = {\url{https://jmlr.org/papers/v3/szita02a.html}},
  pages = {145--174},
  title = {MDPs: Learning in Varying Environments},
  volume = {3},
  year = {2002}
}

@article{torkkola2003feature,
  author = {Torkkola, Kari},
  journal = {J. Mach. Learn. Res.},
  note = {\url{\url{https://jmlr.org/papers/v3/torkkola03a.html}}},
  openalex = {W2116801843},
  pages = {1415--1438},
  title = {Feature extraction by non parametric mutual information maximization},
  volume = {3},
  year = {2003}
}

@article{tsitsiklis2002convergence,
  author = {Tsitsiklis, John N.},
  journal = {J. Mach. Learn. Res.},
  note = {\url{https://jmlr.org/papers/v3/tsitsiklis02a.html}},
  pages = {59--72},
  title = {On the Convergence of Optimistic Policy Iteration},
  volume = {3},
  year = {2002}
}

@article{weston2003use,
  author = {Weston, Jason and Elisseeff, André and Schölkopf, Bernhard and Tipping, Michael E.},
  journal = {J. Mach. Learn. Res.},
  note = {\url{\url{https://jmlr.org/papers/v3/weston03a.html}}},
  pages = {1439--1461},
  title = {Use of the Zero-Norm with Linear Models and Kernel Methods},
  volume = {3},
  year = {2003}
}

@article{zelenko2003kernel,
  author = {Zelenko, Dmitry and Aone, Chinatsu and Richardella, Anthony},
  journal = {J. Mach. Learn. Res.},
  note = {\url{\url{https://jmlr.org/papers/v3/zelenko03a.html}}},
  openalex = {W2162590473},
  pages = {1083--1106},
  title = {Kernel methods for relation extraction},
  volume = {3},
  year = {2003}
}
