@article{almeida2003mise,
  author =       {Almeida, Luís B.},
  journal =      {J. Mach. Learn. Res.},
  note =         {\url{https://jmlr.org/papers/v4/almeida03a.html}},
  pages =        {1297--1318},
  title =        {MISEP – Linear and Nonlinear ICA Based on Mutual
                  Information},
  volume =       4,
  year =         2003
}

@article{bach2003beyond,
  author =       {Bach, Francis R. and Jordan, Michael I.},
  journal =      {J. Mach. Learn. Res.},
  note =         {\url{https://jmlr.org/papers/v4/bach03a.html}},
  pages =        {1205--1233},
  title =        {Beyond Independent Components: Trees and Clusters},
  volume =       4,
  year =         2003
}

@article{bakker2003task,
  author =       {Bakker, Bart and Heskes, Tom},
  journal =      {J. Mach. Learn. Res.},
  note =         {\url{https://jmlr.org/papers/v4/bakker03a.html}},
  pages =        {83--99},
  title =        {Task Clustering and Gating for Bayesian Multitask
                  Learning},
  volume =       4,
  year =         2003
}

@article{baldi2003principled,
  author =       {Baldi, Pierre and Pollastri, Gianluca},
  journal =      {J. Mach. Learn. Res.},
  note =         {\url{https://jmlr.org/papers/v4/baldi03a.html}},
  pages =        {575--602},
  title =        {The Principled Design of Large-Scale Recursive
                  Neural Network Architectures–DAG-RNNs and the
                  Protein Structure Prediction Problem},
  volume =       4,
  year =         2003
}

@article{basalyga2003statistical,
  author =       {Basalyga, Gleb and Rattray, Magnus},
  journal =      {J. Mach. Learn. Res.},
  note =         {\url{https://jmlr.org/papers/v4/basalyga03a.html}},
  pages =        {1393--1410},
  title =        {Statistical Dynamics of On-line Independent
                  Component Analysis},
  volume =       4,
  year =         2003
}

@article{blanchard2003rate,
  author =       {Blanchard, Gilles and Lugosi, Gábor and Vayatis,
                  Nicolas},
  journal =      {J. Mach. Learn. Res.},
  note =         {\url{https://jmlr.org/papers/v4/blanchard03a.html}},
  pages =        {861--894},
  title =        {On the Rate of Convergence of Regularized Boosting
                  Classifiers},
  volume =       4,
  year =         2003
}

@article{botta2003relational,
  author =       {Botta, Marco and Giordana, Attilio and Saitta,
                  Lorenza and Sebag, Michèle},
  journal =      {J. Mach. Learn. Res.},
  note =         {\url{https://jmlr.org/papers/v4/botta03a.html}},
  pages =        {431--463},
  title =        {Relational Learning as Search in a Critical Region},
  volume =       4,
  year =         2003
}

@article{bounkong2003ica,
  author =       {Bounkong, Stéphane and Toch, Borémi and Saad, David
                  and Lowe, David},
  journal =      {J. Mach. Learn. Res.},
  note =         {\url{https://jmlr.org/papers/v4/bounkong03a.html}},
  pages =        {1471--1498},
  title =        {ICA for Watermarking Digital Images},
  volume =       4,
  year =         2003
}

@article{bshouty2003proper,
  author =       {Bshouty, Nader H. and Burroughs, Lynn},
  journal =      {J. Mach. Learn. Res.},
  note =         {\url{https://jmlr.org/papers/v4/bshouty03a.html}},
  pages =        {157--176},
  title =        {On the Proper Learning of Axis-Parallel Concepts},
  volume =       4,
  year =         2003
}

@article{califf2003bottom,
  author =       {Califf, Mary Elaine and Mooney, Raymond J.},
  journal =      {J. Mach. Learn. Res.},
  note =         {\url{https://jmlr.org/papers/v4/califf03a.html}},
  pages =        {177--210},
  title =        {Bottom-Up Relational Learning of Pattern Matching
                  Rules for Information Extraction},
  volume =       4,
  year =         2003
}

@article{cardoso2003dependence,
  author =       {Cardoso, Jean-François},
  journal =      {J. Mach. Learn. Res.},
  note =         {\url{https://jmlr.org/papers/v4/cardoso03a.html}},
  pages =        {1177--1203},
  title =        {Dependence, Correlation and Gaussianity in
                  Independent Component Analysis},
  volume =       4,
  year =         2003
}

@article{castelo2003inclusion,
  author =       {Castelo, Robert and Kocka, Tomás},
  journal =      {J. Mach. Learn. Res.},
  note =         {\url{https://jmlr.org/papers/v4/castelo03a.html}},
  pages =        {527--574},
  title =        {On Inclusion-Driven Learning of Bayesian Networks},
  volume =       4,
  year =         2003
}

@article{christensen2003designing,
  author =       {Christensen, Stefan W. and Sinclair, Ian and Reed,
                  Philippa A. S.},
  journal =      {J. Mach. Learn. Res.},
  note =
                  {\url{https://jmlr.org/papers/v4/christensen03a.html}},
  pages =        {39--66},
  title =        {Designing Committees of Models through Deliberate
                  Weighting of Data Points},
  volume =       4,
  year =         2003
}

@article{cicchello2003inducing,
  author =       {Cicchello, Orlando and Kremer, Stefan C.},
  journal =      {J. Mach. Learn. Res.},
  note =         {\url{https://jmlr.org/papers/v4/cicchello03a.html}},
  pages =        {603--632},
  title =        {Inducing Grammars from Sparse Data Sets: A Survey of
                  Algorithms and Results},
  volume =       4,
  year =         2003
}

@article{clarke2003comparing,
  author =       {Clarke, Bertrand S.},
  journal =      {J. Mach. Learn. Res.},
  note =         {\url{https://jmlr.org/papers/v4/clarke03a.html}},
  pages =        {683--712},
  title =        {Comparing Bayes Model Averaging and Stacking When
                  Model Approximation Error Cannot be Ignored},
  volume =       4,
  year =         2003
}

@article{claveau2003learning,
  author =       {Claveau, Vincent and Sébillot, Pascale and Fabre,
                  Cécile and Bouillon, Pierrette},
  journal =      {J. Mach. Learn. Res.},
  note =         {\url{https://jmlr.org/papers/v4/claveau03a.html}},
  pages =        {493--525},
  title =        {Learning Semantic Lexicons from a Part-of-Speech and
                  Semantically Tagged Corpus Using Inductive Logic
                  Programming},
  volume =       4,
  year =         2003
}

@article{costa2003query,
  author =       {Costa, Vítor Santos and Srinivasan, Ashwin and
                  Camacho, Rui and Blockeel, Hendrik and Demoen, Bart
                  and Janssens, Gerda and Struyf, Jan and
                  Vandecasteele, Henk and Van Laer, Wim},
  journal =      {J. Mach. Learn. Res.},
  note =         {\url{https://jmlr.org/papers/v4/costa03a.html}},
  pages =        {465--491},
  title =        {Query Transformations for Improving the Efficiency
                  of ILP Systems},
  volume =       4,
  year =         2003
}

@article{davignon2003tree,
  author =       {d'Avignon, Christian and Geman, Donald},
  journal =      {J. Mach. Learn. Res.},
  note =         {\url{https://jmlr.org/papers/v4/davignon03a.html}},
  pages =        {743--754},
  title =        {Tree-Structured Neural Decoding},
  volume =       4,
  year =         2003
}

@article{druzdzel2003combining,
  author =       {Druzdzel, Marek J. and Díez, Francisco Javier},
  journal =      {J. Mach. Learn. Res.},
  note =         {\url{https://jmlr.org/papers/v4/druzdzel03a.html}},
  pages =        {295--316},
  title =        {Combining Knowledge from Different Sources in Causal
                  Probabilistic Models},
  volume =       4,
  year =         2003
}

@article{freund2003efficient,
  author =       {Freund, Yoav and Iyer, Raj D. and Schapire, Robert
                  E. and Singer, Yoram},
  journal =      {J. Mach. Learn. Res.},
  note =         {\url{https://jmlr.org/papers/v4/freund03a.html}},
  pages =        {933--969},
  title =        {An Efficient Boosting Algorithm for Combining
                  Preferences},
  volume =       4,
  year =         2003
}

@article{friedman2003learning,
  author =       {Friedman, Craig and Sandow, Sven},
  journal =      {J. Mach. Learn. Res.},
  note =         {\url{https://jmlr.org/papers/v4/friedman03a.html}},
  pages =        {257--291},
  title =        {Learning Probabilistic Models: An Expected Utility
                  Maximization Approach},
  volume =       4,
  year =         2003
}

@article{gadanho2003learning,
  author =       {Gadanho, Sandra Clara},
  journal =      {J. Mach. Learn. Res.},
  note =         {\url{https://jmlr.org/papers/v4/gadanho03a.html}},
  pages =        {385--412},
  title =        {Learning Behavior-Selection by Emotions and
                  Cognition in a Multi-Goal Robot Task},
  volume =       4,
  year =         2003
}

@article{gavinsky2003optimally,
  author =       {Gavinsky, Dmitry},
  journal =      {J. Mach. Learn. Res.},
  note =         {\url{https://jmlr.org/papers/v4/gavinsky03a.html}},
  pages =        {101--117},
  title =        {Optimally-Smooth Adaptive Boosting and Application
                  to Agnostic Learning},
  volume =       4,
  year =         2003
}

@article{haddawy2003preference,
  author =       {Haddawy, Peter and Ha, Vu A. and Restificar, Angelo
                  C. and Geisler, Benjamin and Miyamoto, John},
  journal =      {J. Mach. Learn. Res.},
  note =         {\url{https://jmlr.org/papers/v4/haddawy03a.html}},
  pages =        {317--337},
  title =        {Preference Elicitation via Theory Refinement},
  volume =       4,
  year =         2003
}

@article{herbrich2003introduction,
  author =       {Herbrich, Ralf and Graepel, Thore},
  journal =      {J. Mach. Learn. Res.},
  note =
                  {\url{https://jmlr.org/papers/volume4/herbrich03a/herbrich03a.ps}},
  pages =        {755--757},
  title =        {Introduction to the Special Issue on Learning
                  Theory},
  volume =       4,
  year =         2003
}

@article{hu2003nash,
  author =       {Hu, Junling and Wellman, Michael P.},
  journal =      {J. Mach. Learn. Res.},
  note =         {\url{https://jmlr.org/papers/v4/hu03a.html}},
  pages =        {1039--1069},
  title =        {Nash Q-Learning for General-Sum Stochastic Games},
  volume =       4,
  year =         2003
}

@article{hutter2003optimality,
  author =       {Hutter, Marcus},
  journal =      {J. Mach. Learn. Res.},
  note =         {\url{https://jmlr.org/papers/v4/hutter03a.html}},
  pages =        {971--1000},
  title =        {Optimality of Universal Bayesian Sequence Prediction
                  for General Loss and Alphabet},
  volume =       4,
  year =         2003
}

@article{jang2003maximum,
  author =       {Jang, Gil-Jin and Lee, Te-Won},
  journal =      {J. Mach. Learn. Res.},
  note =         {\url{https://jmlr.org/papers/v4/jang03a.html}},
  pages =        {1365--1392},
  title =        {A Maximum Likelihood Approach to Single-channel
                  Source Separation},
  volume =       4,
  year =         2003
}

@article{kisilev2003multiscale,
  author =       {Kisilev, Pavel and Zibulevsky, Michael and Zeevi,
                  Yehoshua Y.},
  journal =      {J. Mach. Learn. Res.},
  note =         {\url{https://jmlr.org/papers/v4/kisilev03a.html}},
  pages =        {1339--1363},
  title =        {A Multiscale Framework For Blind Separation of
                  Linearly Mixed Signals},
  volume =       4,
  year =         2003
}

@article{klautau2003nearest,
  author =       {Klautau, Aldebaro and Jevtic, Nikola and Orlitsky,
                  Alon},
  journal =      {J. Mach. Learn. Res.},
  note =         {\url{https://jmlr.org/papers/v4/klautau03a.html}},
  pages =        {1--15},
  title =        {On Nearest-Neighbor Error-Correcting Output Codes
                  with Application to All-Pairs Multiclass Support
                  Vector Machines},
  volume =       4,
  year =         2003
}

@article{lagoudakis2003least,
  author =       {Lagoudakis, Michail G. and Parr, Ronald},
  journal =      {J. Mach. Learn. Res.},
  note =         {\url{https://jmlr.org/papers/v4/lagoudakis03a.html}},
  pages =        {1107--1149},
  title =        {Least-Squares Policy Iteration},
  volume =       4,
  year =         2003
}

@article{langseth2003fusion,
  author =       {Langseth, Helge and Nielsen, Thomas D.},
  journal =      {J. Mach. Learn. Res.},
  note =         {\url{https://jmlr.org/papers/v4/langseth03a.html}},
  pages =        {339--368},
  title =        {Fusion of Domain Knowledge with Data for Structural
                  Learning in Object Oriented Domains},
  volume =       4,
  year =         2003
}

@article{learnedmiller2003ica,
  author =       {Learned-Miller, Erik G. and Fisher III, John W.},
  journal =      {J. Mach. Learn. Res.},
  note =
                  {\url{https://jmlr.org/papers/v4/learned-miller03a.html}},
  pages =        {1271--1295},
  title =        {ICA Using Spacings Estimates of Entropy},
  volume =       4,
  year =         2003
}

@article{lee2003introduction,
  author =       {Lee, Te-Won and Cardoso, Jean-François and Oja,
                  Erkki and Amari, Shun-ichi},
  journal =      {J. Mach. Learn. Res.},
  note =
                  {\url{https://jmlr.org/papers/volume4/lee03a/lee03a.ps}},
  pages =        {1175--1176},
  title =        {Introduction to Special Issue on Independent
                  Components Analysis},
  volume =       4,
  year =         2003
}

@article{malzahn2003approximate,
  author =       {Malzahn, Dörthe and Opper, Manfred},
  journal =      {J. Mach. Learn. Res.},
  note =         {\url{https://jmlr.org/papers/v4/malzahn03a.html}},
  pages =        {1151--1173},
  title =        {An Approximate Analytical Approach to Resampling
                  Averages},
  volume =       4,
  year =         2003
}

@article{mannor2003greedy,
  author =       {Mannor, Shie and Meir, Ron and Zhang, Tong},
  journal =      {J. Mach. Learn. Res.},
  note =         {\url{https://jmlr.org/papers/v4/mannor03a.html}},
  pages =        {713--741},
  title =        {Greedy Algorithms for Classification – Consistency,
                  Convergence Rates, and Adaptivity},
  volume =       4,
  year =         2003
}

@article{markovitch2003speedup,
  author =       {Markovitch, Shaul and Shatil, Asaf},
  journal =      {J. Mach. Learn. Res.},
  note =         {\url{https://jmlr.org/papers/v4/markovitch03a.html}},
  pages =        {649--682},
  title =        {Speedup Learning for Repair-based Search by
                  Identifying Redundant Steps},
  volume =       4,
  year =         2003
}

@article{mcallester2003concentration,
  author =       {McAllester, David A. and Ortiz, Luis E.},
  journal =      {J. Mach. Learn. Res.},
  note =         {\url{https://jmlr.org/papers/v4/mcallester03a.html}},
  pages =        {895--911},
  title =        {Concentration Inequalities for the Missing Mass and
                  for Histogram Rule Error},
  volume =       4,
  year =         2003
}

@article{meir2003generalization,
  author =       {Meir, Ron and Zhang, Tong},
  journal =      {J. Mach. Learn. Res.},
  note =         {\url{https://jmlr.org/papers/v4/meir03a.html}},
  pages =        {839--860},
  title =        {Generalization Error Bounds for Bayesian Mixture
                  Algorithms},
  volume =       4,
  year =         2003
}

@article{mendelson2003performance,
  author =       {Mendelson, Shahar},
  journal =      {J. Mach. Learn. Res.},
  note =         {\url{https://jmlr.org/papers/v4/mendelson03a.html}},
  pages =        {759--771},
  title =        {On the Performance of Kernel Classes},
  volume =       4,
  year =         2003
}

@article{mesterharm2003tracking,
  author =       {Mesterharm, Chris},
  journal =      {J. Mach. Learn. Res.},
  note =         {\url{https://jmlr.org/papers/v4/mesterharm03a.html}},
  pages =        {819--838},
  title =        {Tracking Linear-threshold Concepts with Winnow},
  volume =       4,
  year =         2003
}

@article{page2003ilp,
  author =       {Page, David and Srinivasan, Ashwin},
  journal =      {J. Mach. Learn. Res.},
  note =         {\url{https://jmlr.org/papers/v4/page03a.html}},
  pages =        {415--430},
  title =        {ILP: A Short Look Back and a Longer Look Forward},
  volume =       4,
  year =         2003
}

@article{parra2003blind,
  author =       {Parra, Lucas C. and Sajda, Paul},
  journal =      {J. Mach. Learn. Res.},
  note =         {\url{https://jmlr.org/papers/v4/parra03a.html}},
  pages =        {1261--1269},
  title =        {Blind Source Separation via Generalized Eigenvalue
                  Decomposition},
  volume =       4,
  year =         2003
}

@article{perlich2003tree,
  author =       {Perlich, Claudia and Provost, Foster J. and
                  Simonoff, Jeffrey S.},
  journal =      {J. Mach. Learn. Res.},
  note =         {\url{https://jmlr.org/papers/v4/perlich03a.html}},
  pages =        {211--255},
  title =        {Tree Induction vs. Logistic Regression: A
                  Learning-Curve Analysis},
  volume =       4,
  year =         2003
}

@article{petridis2003finknn,
  author =       {Petridis, Vassilios and Kaburlasos, Vassilis G.},
  journal =      {J. Mach. Learn. Res.},
  note =         {\url{https://jmlr.org/papers/v4/petridis03a.html}},
  pages =        {17--37},
  title =        {FINkNN: A Fuzzy Interval Number k-Nearest Neighbor
                  Classifier for Prediction of Sugar Production from
                  Populations of Samples},
  volume =       4,
  year =         2003
}

@article{sarela2003overlearning,
  author =       {Sarela, Jaakko and Vigário, Ricardo},
  journal =      {J. Mach. Learn. Res.},
  note =         {\url{https://jmlr.org/papers/v4/sarela03a.html}},
  pages =        {1447--1469},
  title =        {Overlearning in Marginal Distribution-Based ICA:
                  Analysis and Solutions},
  volume =       4,
  year =         2003
}

@article{saul2003think,
  author =       {Saul, Lawrence K. and Roweis, Sam T.},
  journal =      {J. Mach. Learn. Res.},
  note =         {\url{https://jmlr.org/papers/v4/saul03a.html}},
  pages =        {119--155},
  title =        {Think Globally, Fit Locally: Unsupervised Learning
                  of Low Dimensional Manifold},
  volume =       4,
  year =         2003
}

@article{servedio2003smooth,
  author =       {Servedio, Rocco A.},
  journal =      {J. Mach. Learn. Res.},
  note =         {\url{https://jmlr.org/papers/v4/servedio03a.html}},
  pages =        {633--648},
  title =        {Smooth Boosting and Learning with Malicious Noise},
  volume =       4,
  year =         2003
}

@article{srinivasan2003empirical,
  author =       {Srinivasan, Ashwin and King, Ross D. and Bain,
                  Michael},
  journal =      {J. Mach. Learn. Res.},
  note =         {\url{https://jmlr.org/papers/v4/srinivasan03a.html}},
  pages =        {369--383},
  title =        {An Empirical Study of the Use of Relevance
                  Information in Inductive Logic Programming},
  volume =       4,
  year =         2003
}

@article{stainvas2003generative,
  author =       {Stainvas, Inna and Lowe, David},
  journal =      {J. Mach. Learn. Res.},
  note =         {\url{https://jmlr.org/papers/v4/stainvas03a.html}},
  pages =        {1499--1519},
  title =        {A Generative Model for Separating Illumination and
                  Reflectance from Images},
  volume =       4,
  year =         2003
}

@article{steinwart2003sparseness,
  author =       {Steinwart, Ingo},
  journal =      {J. Mach. Learn. Res.},
  note =         {\url{https://jmlr.org/papers/v4/steinwart03a.html}},
  pages =        {1071--1105},
  title =        {Sparseness of Support Vector Machines},
  volume =       4,
  year =         2003
}

@article{takimoto2003path,
  author =       {Takimoto, Eiji and Warmuth, Manfred K.},
  journal =      {J. Mach. Learn. Res.},
  note =         {\url{https://jmlr.org/papers/v4/takimoto03a.html}},
  pages =        {773--818},
  title =        {Path Kernels and Multiplicative Updates},
  volume =       4,
  year =         2003
}

@article{teh2003energy,
  author =       {Teh, Yee Whye and Welling, Max and Osindero, Simon
                  and Hinton, Geoffrey E.},
  journal =      {J. Mach. Learn. Res.},
  note =         {\url{https://jmlr.org/papers/v4/teh03a.html}},
  pages =        {1235--1260},
  title =        {Energy-Based Models for Sparse Overcomplete
                  Representations},
  volume =       4,
  year =         2003
}

@article{tsuda2003em,
  author =       {Tsuda, Koji and Akaho, Shotaro and Asai, Kiyoshi},
  journal =      {J. Mach. Learn. Res.},
  note =         {\url{https://jmlr.org/papers/v4/tsuda03a.html}},
  pages =        {67--81},
  title =        {The em Algorithm for Kernel Matrix Completion with
                  Auxiliary Data},
  volume =       4,
  year =         2003
}

@article{waheed2003blind,
  author =       {Waheed, Khurram and Salem, Fathi M.},
  journal =      {J. Mach. Learn. Res.},
  note =         {\url{https://jmlr.org/papers/v4/waheed03a.html}},
  pages =        {1411--1446},
  title =        {Blind Source Recovery: A Framework in the State
                  Space},
  volume =       4,
  year =         2003
}

@article{wolf2003learning,
  author =       {Wolf, Lior and Shashua, Amnon},
  journal =      {J. Mach. Learn. Res.},
  note =         {\url{https://jmlr.org/papers/v4/wolf03a.html}},
  pages =        {913--931},
  title =        {Learning over Sets using Kernel Principal Angles},
  volume =       4,
  year =         2003
}

@article{zhong2003unified,
  author =       {Zhong, Shi and Ghosh, Joydeep},
  journal =      {J. Mach. Learn. Res.},
  note =         {\url{https://jmlr.org/papers/v4/zhong03a.html}},
  pages =        {1001--1037},
  title =        {A Unified Framework for Model-based Clustering},
  volume =       4,
  year =         2003
}

@article{ziehe2003blind,
  author =       {Ziehe, Andreas and Kawanabe, Motoaki and Harmeling,
                  Stefan and Müller, Klaus-Robert},
  journal =      {J. Mach. Learn. Res.},
  note =         {\url{https://jmlr.org/papers/v4/ziehe03a.html}},
  pages =        {1319--1338},
  title =        {Blind Separation of Post-nonlinear Mixtures using
                  Linearizing Transformations and Temporal
                  Decorrelation},
  volume =       4,
  year =         2003
}
