@article{anthony2004generalization,
  author =       {Anthony, Martin},
  journal =      {J. Mach. Learn. Res.},
  note =
                  {\url{\url{https://jmlr.org/papers/volume5/anthony04a/anthony04a.pdf}}},
  openalex =     {W2126569875},
  pages =        {189--217},
  title =        {Generalization Error Bounds for Threshold Decision
                  Lists},
  volume =       5,
  year =         2004
}

@article{baram2004online,
  author =       {Baram, Yoram and El‐Yaniv, Ran and Luz, Kobi},
  journal =      {J. Mach. Learn. Res.},
  note =
                  {\url{\url{https://jmlr.org/papers/volume5/baram04a/baram04a.pdf}}},
  openalex =     {W2140679654},
  pages =        {255--291},
  title =        {Online Choice of Active Learning Algorithms},
  volume =       5,
  year =         2004
}

@article{basak2004weather,
  author =       {Basak, Jayanta and Sudarshan, Anant and Trivedi,
                  Deepak and Santhanam, M. S.},
  journal =      {J. Mach. Learn. Res.},
  note =
                  {\url{\url{https://jmlr.org/papers/volume5/basak04a/basak04a.pdf}}},
  pages =        {239--253},
  title =        {Weather Data Mining Using Independent Component
                  Analysis},
  volume =       5,
  year =         2004
}

@article{bengio2004no,
  author =       {Bengio, Yoshua and Grandvalet, Yves},
  journal =      {J. Mach. Learn. Res.},
  note =
                  {\url{\url{https://jmlr.org/papers/volume5/grandvalet04a/grandvalet04a.pdf}}},
  openalex =     {W1517808374},
  pages =        {1089--1105},
  title =        {No Unbiased Estimator of the Variance of K-Fold
                  Cross-Validation},
  volume =       5,
  year =         2004
}

@article{bhattacharyya2004second,
  author =       {Bhattacharyya, Chiranjib},
  journal =      {J. Mach. Learn. Res.},
  note =
                  {\url{\url{https://jmlr.org/papers/volume5/bhattacharyya04a/bhattacharyya04a.pdf}}},
  openalex =     {W2104580813},
  pages =        {1417--1433},
  title =        {Second Order Cone Programming Formulations for
                  Feature Selection},
  volume =       5,
  year =         2004
}

@article{blum2004preference,
  author =       {Blum, Avrim and Jackson, Jeffrey C. and Sandholm,
                  Tüomas and Zinkevich, Martin},
  journal =      {J. Mach. Learn. Res.},
  note =
                  {\url{\url{https://jmlr.org/papers/volume5/blum04a/blum04a.pdf}}},
  openalex =     {W2126528747},
  pages =        {649--667},
  title =        {Preference Elicitation and Query Learning},
  volume =       5,
  year =         2004
}

@article{chawla2004learning,
  author =       {Chawla, Nitesh V. and Hall, Lawrence and Bowyer,
                  Kevin W. and Kegelmeyer, W. Philip},
  journal =      {J. Mach. Learn. Res.},
  note =
                  {\url{\url{https://jmlr.org/papers/volume5/chawla04a/chawla04a.pdf}}},
  openalex =     {W1800271513},
  pages =        {421--451},
  title =        {Learning Ensembles from Bites: A Scalable and
                  Accurate Approach},
  volume =       5,
  year =         2004
}

@article{chen2004image,
  author =       {Chen, Yixin and Wang, James Z.},
  journal =      {J. Mach. Learn. Res.},
  note =
                  {\url{\url{https://jmlr.org/papers/volume5/chen04a/chen04a.pdf}}},
  openalex =     {W2136595724},
  pages =        {913--939},
  title =        {Image Categorization by Learning and Reasoning with
                  Regions},
  volume =       5,
  year =         2004
}

@article{chen2004support,
  author =       {Chen, Di‐Rong and Wu, Qiang and Ying, Yiming and
                  Zhou, Ding‐Xuan},
  journal =      {J. Mach. Learn. Res.},
  note =
                  {\url{\url{https://jmlr.org/papers/volume5/chen04b/chen04b.pdf}}},
  openalex =     {W2171798319},
  pages =        {1143--1175},
  title =        {Support Vector Machine Soft Margin Classifiers:
                  Error Analysis},
  volume =       5,
  year =         2004
}

@article{chickering2004large,
  author =       {Chickering, David Maxwell and Heckerman, David and
                  Meek, Christopher},
  journal =      {J. Mach. Learn. Res.},
  note =
                  {\url{\url{https://jmlr.org/papers/volume5/chickering04a/chickering04a.pdf}}},
  openalex =     {W2099900459},
  pages =        {1287--1330},
  title =        {Large-Sample Learning of Bayesian Networks is
                  NP-Hard},
  volume =       5,
  year =         2004
}

@article{christmann2004on,
  author =       {Christmann, Andreas and Steinwart, Ingo},
  journal =      {J. Mach. Learn. Res.},
  note =
                  {\url{\url{https://jmlr.org/papers/volume5/christmann04a/christmann04a.pdf}}},
  openalex =     {W2130789388},
  pages =        {1007--1034},
  title =        {On Robustness Properties of Convex Risk Minimization
                  Methods for Pattern Recognition},
  volume =       5,
  year =         2004
}

@article{clark2004pac,
  author =       {Clark, Alexander and Thollard, Franck},
  journal =      {J. Mach. Learn. Res.},
  note =
                  {\url{\url{https://jmlr.org/papers/volume5/clark04a/clark04a.pdf}}},
  openalex =     {W2136298992},
  pages =        {473--497},
  title =        {PAC-learnability of Probabilistic Deterministic
                  Finite State Automata},
  volume =       5,
  year =         2004
}

@article{cortes2004rational,
  author =       {Cortes, Corinna and Haffner, Patrick and Mohri,
                  Mehryar},
  journal =      {J. Mach. Learn. Res.},
  note =
                  {\url{\url{https://jmlr.org/papers/volume5/cortes04a/cortes04a.pdf}}},
  openalex =     {W2161195767},
  pages =        {1035--1062},
  title =        {Rational Kernels: Theory and Algorithms},
  volume =       5,
  year =         2004
}

@article{dash2004model,
  author =       {Dash, Denver and Cooper, Gregory F.},
  journal =      {J. Mach. Learn. Res.},
  note =
                  {\url{\url{https://jmlr.org/papers/volume5/dash04a/dash04a.pdf}}},
  openalex =     {W2112953696},
  pages =        {1177--1203},
  title =        {Model Averaging for Prediction with Discrete
                  Bayesian Networks},
  volume =       5,
  year =         2004
}

@article{devito2004some,
  author =       {Vito, Ernesto De and Rosasco, Lorenzo and
                  Caponnetto, Andrea and Piana, Michele and Verri,
                  Alessandro},
  bibsource =    {dblp computer science bibliography,
                  https://dblp.org},
  biburl =       {https://dblp.org/rec/journals/jmlr/VitoRCPV04.bib},
  journal =      {J. Mach. Learn. Res.},
  note =
                  {\url{https://jmlr.org/papers/volume5/devito04a/devito04a.pdf}},
  openalex =     {W2123856749},
  pages =        {1363--1390},
  timestamp =    {Wed, 11 Sep 2024 01:00:00 +0200},
  title =        {Some Properties of Regularized Kernel Methods},
  volume =       5,
  year =         2004
}

@article{dy2004feature,
  author =       {Dy, Jennifer and Brodley, Carla E.},
  journal =      {J. Mach. Learn. Res.},
  note =
                  {\url{\url{https://jmlr.org/papers/volume5/dy04a/dy04a.pdf}}},
  openalex =     {W2099322651},
  pages =        {845--889},
  title =        {Feature Selection for Unsupervised Learning},
  volume =       5,
  year =         2004
}

@article{evendar2003learning,
  author =       {Even-Dar, Eyal and Mansour, Yishay},
  bibsource =    {dblp computer science bibliography,
                  https://dblp.org},
  biburl =       {https://dblp.org/rec/journals/jmlr/Even-DarM03.bib},
  journal =      {J. Mach. Learn. Res.},
  note =         {\url{https://jmlr.org/papers/v5/evendar03a.html}},
  openalex =     {W2118686230},
  pages =        {1--25},
  timestamp =    {Wed, 11 Sep 2024 01:00:00 +0200},
  title =        {Learning Rates for Q-Learning},
  volume =       5,
  year =         2003
}

@article{fleuret2004fast,
  author =       {Fleuret, François},
  journal =      {J. Mach. Learn. Res.},
  note =
                  {\url{\url{https://jmlr.org/papers/volume5/fleuret04a/fleuret04a.pdf}}},
  openalex =     {W2149454242},
  pages =        {1531--1555},
  title =        {Fast Binary Feature Selection with Conditional
                  Mutual Information},
  volume =       5,
  year =         2004
}

@article{fukumizu2003dimensionality,
  author =       {Fukumizu, Kenji and Bach, Francis R. and Jordan,
                  Michael I.},
  journal =      {J. Mach. Learn. Res.},
  note =
                  {\url{\url{https://jmlr.org/papers/v5/fukumizu04a.html}}},
  openalex =     {W2157801062},
  pages =        {73--99},
  title =        {Dimensionality Reduction for Supervised Learning
                  With Reproducing Kernel Hilbert Spaces},
  volume =       5,
  year =         2004
}

@article{ginter2004new,
  author =       {Ginter, Filip and Boberg, Jorma and Järvinen, Jouni
                  and Salakoski, Tapio},
  journal =      {J. Mach. Learn. Res.},
  note =
                  {\url{\url{https://jmlr.org/papers/volume5/ginter04a/ginter04a.pdf}}},
  openalex =     {W2097058215},
  pages =        {605--621},
  title =        {New Techniques for Disambiguation in Natural
                  Language and Their Application to Biological Text},
  volume =       5,
  year =         2004
}

@article{greensmith2004variance,
  author =       {Greensmith, Evan and Bartlett, Peter L. and Baxter,
                  Jonathan},
  journal =      {J. Mach. Learn. Res.},
  note =
                  {\url{\url{https://jmlr.org/papers/volume5/greensmith04a/greensmith04a.pdf}}},
  openalex =     {W2108682071},
  pages =        {1471--1530},
  title =        {Variance Reduction Techniques for Gradient Estimates
                  in Reinforcement Learning},
  volume =       5,
  year =         2004
}

@article{hastie2004entire,
  author =       {Hastie, Trevor and Rosset, Saharon and Tibshirani,
                  Robert and Zhu, Ji},
  journal =      {J. Mach. Learn. Res.},
  note =
                  {\url{\url{https://jmlr.org/papers/volume5/hastie04a/hastie04a.pdf}}},
  openalex =     {W2133958955},
  pages =        {1391--1415},
  title =        {The Entire Regularization Path for the Support
                  Vector Machine},
  volume =       5,
  year =         2004
}

@article{higuchi2004robust,
  author =       {Higuchi, Isao and Eguchi, Shinto},
  journal =      {J. Mach. Learn. Res.},
  note =
                  {\url{\url{https://jmlr.org/papers/volume5/higuchi04a/higuchi04a.pdf}}},
  openalex =     {W2116649530},
  pages =        {453--471},
  title =        {Robust Principal Component Analysis with Adaptive
                  Selection for Tuning Parameters},
  volume =       5,
  year =         2004
}

@article{hoyer2004non,
  author =       {Hoyer, Patrik O.},
  journal =      {J. Mach. Learn. Res.},
  note =
                  {\url{\url{https://jmlr.org/papers/volume5/hoyer04a/hoyer04a.pdf}}},
  openalex =     {W2118718620},
  pages =        {1457--1469},
  title =        {Non-negative Matrix Factorization with Sparseness
                  Constraints},
  volume =       5,
  year =         2004
}

@article{huang2004minimum,
  author =       {Huang, Kaizhu and Yang, Haiqin and King, Irwin and
                  Lyu, Michael R. and Chan, Laiwan},
  journal =      {J. Mach. Learn. Res.},
  note =
                  {\url{\url{https://jmlr.org/papers/volume5/huang04a/huang04a.pdf}}},
  openalex =     {W2119320253},
  pages =        {1253--1286},
  title =        {The Minimum Error Minimax Probability Machine},
  volume =       5,
  year =         2004
}

@article{jebara2004probability,
  author =       {Jebara, Tony and Kondor, Risi and Howard, Andrew},
  journal =      {J. Mach. Learn. Res.},
  note =
                  {\url{\url{https://jmlr.org/papers/volume5/jebara04a/jebara04a.pdf}}},
  openalex =     {W2151531457},
  pages =        {819--844},
  title =        {Probability Product Kernels},
  volume =       5,
  year =         2004
}

@article{kaariainen2004selective,
  author =       {Kääriäinen, Matti and Malinen, Tuomo and Elomaa,
                  Tapio},
  journal =      {J. Mach. Learn. Res.},
  note =
                  {\url{\url{https://jmlr.org/papers/volume5/kaariainen04a/kaariainen04a.pdf}}},
  openalex =     {W2144098707},
  pages =        {1107--1126},
  title =        {Selective Rademacher Penalization and Reduced Error
                  Pruning of Decision Trees},
  volume =       5,
  year =         2004
}

@article{kauchak2004sources,
  author =       {Kauchak, David and Smarr, Joseph and Elkan, Charles},
  journal =      {J. Mach. Learn. Res.},
  note =
                  {\url{\url{https://jmlr.org/papers/volume5/kauchak04a/kauchak04a.pdf}}},
  openalex =     {W2151321914},
  pages =        {499--527},
  title =        {Sources of Success for Boosted Wrapper Induction},
  volume =       5,
  year =         2004
}

@article{koivisto2004exact,
  author =       {Koivisto, Mikko and Sood, Kismat},
  journal =      {J. Mach. Learn. Res.},
  note =
                  {\url{\url{https://jmlr.org/papers/volume5/koivisto04a/koivisto04a.pdf}}},
  openalex =     {W2169152096},
  pages =        {549--573},
  title =        {Exact Bayesian Structure Discovery in Bayesian
                  Networks},
  volume =       5,
  year =         2004
}

@article{lanckriet2003learning,
  author =       {Lanckriet, Gert and Cristianini, Nello and Bartlett,
                  Peter L. and Ghaoui, Laurent El and Jordan, Michael
                  I.},
  journal =      {J. Mach. Learn. Res.},
  note =
                  {\url{\url{https://jmlr.org/papers/v5/lanckriet04a.html}}},
  openalex =     {W2145295623},
  pages =        {27--72},
  title =        {Learning the Kernel Matrix with Semidefinite
                  Programming},
  volume =       5,
  year =         2004
}

@article{langford2004computable,
  author =       {Langford, John and McAllester, David},
  journal =      {J. Mach. Learn. Res.},
  note =
                  {\url{\url{https://jmlr.org/papers/volume5/langford04a/langford04a.pdf}}},
  openalex =     {W2120173732},
  pages =        {529--547},
  title =        {Computable Shell Decomposition Bounds},
  volume =       5,
  year =         2004
}

@article{laub2004feature,
  author =       {Laub, Julian and Müller, Klaus‐Robert},
  journal =      {J. Mach. Learn. Res.},
  note =
                  {\url{\url{https://jmlr.org/papers/volume5/laub04a/laub04a.pdf}}},
  openalex =     {W2140621370},
  pages =        {801--818},
  title =        {Feature Discovery in Non-Metric Pairwise Data},
  volume =       5,
  year =         2004
}

@article{lavrac2004subgroup,
  author =       {Lavrač, Nada and Kavšek, Branko and Flach, Peter and
                  Todorovski, Ljupčo},
  journal =      {J. Mach. Learn. Res.},
  note =
                  {\url{\url{https://jmlr.org/papers/volume5/lavrac04a/lavrac04a.pdf}}},
  openalex =     {W2113340410},
  pages =        {153--188},
  title =        {Subgroup Discovery with CN2-SD},
  volume =       5,
  year =         2004
}

@article{lee2004lossless,
  author =       {Lee, Herbert K. H. and Clyde, Merlise A.},
  journal =      {J. Mach. Learn. Res.},
  note =
                  {\url{\url{https://jmlr.org/papers/volume5/lee04a/lee04a.pdf}}},
  openalex =     {W2150407757},
  pages =        {143--151},
  title =        {Lossless Online Bayesian Bagging},
  volume =       5,
  year =         2004
}

@article{leslie2004fast,
  author =       {Leslie, Christina and Kuang, Rui},
  journal =      {J. Mach. Learn. Res.},
  note =
                  {\url{\url{https://jmlr.org/papers/volume5/leslie04a/leslie04a.pdf}}},
  openalex =     {W2119290215},
  pages =        {1435--1455},
  title =        {Fast String Kernels using Inexact Matching for
                  Protein Sequences},
  volume =       5,
  year =         2004
}

@article{lewis2004rcv1,
  author =       {Lewis, David D. and Yang, Yiming and Rose, Tony
                  G. and Li, Fan},
  journal =      {J. Mach. Learn. Res.},
  note =
                  {\url{\url{https://jmlr.org/papers/volume5/lewis04a/lewis04a.pdf}}},
  pages =        {361--397},
  title =        {RCV1: A New Benchmark Collection for Text
                  Categorization Research},
  volume =       5,
  year =         2004
}

@article{luxburg2004compression,
  author =       {Luxburg, Ulrike von and Bousquet, Olivier and
                  Schölkopf, Bernhard},
  journal =      {J. Mach. Learn. Res.},
  note =
                  {\url{\url{https://jmlr.org/papers/volume5/luxburg04a/luxburg04a.pdf}}},
  openalex =     {W2137563479},
  pages =        {293--323},
  title =        {A Compression Approach to Support Vector Model
                  Selection},
  volume =       5,
  year =         2004
}

@article{luxburg2004distance,
  author =       {Luxburg, Ulrike von and Bousquet, Olivier},
  journal =      {J. Mach. Learn. Res.},
  note =
                  {\url{\url{https://jmlr.org/papers/volume5/luxburg04b/luxburg04b.pdf}}},
  openalex =     {W2119451546},
  pages =        {669--695},
  title =        {Distance-Based Classification with Lipschitz
                  Functions},
  volume =       5,
  year =         2004
}

@article{mangasarian2004knowledge,
  author =       {Mangasarian, O. L. and Shavlik, Jude and Wild,
                  Edward W.},
  journal =      {J. Mach. Learn. Res.},
  note =
                  {\url{\url{https://jmlr.org/papers/volume5/mangasarian04a/mangasarian04a.pdf}}},
  openalex =     {W1584120419},
  pages =        {1127--1141},
  title =        {Knowledge-Based Kernel Approximation},
  volume =       5,
  year =         2004
}

@article{mannor2004geometric,
  author =       {Mannor, Shie and Shimkin, Nahum},
  journal =      {J. Mach. Learn. Res.},
  note =
                  {\url{\url{https://jmlr.org/papers/volume5/mannor04a/mannor04a.pdf}}},
  openalex =     {W2117626647},
  pages =        {325--360},
  title =        {A Geometric Approach to Multi-Criterion
                  Reinforcement Learning},
  volume =       5,
  year =         2004
}

@article{mannor2004sample,
  author =       {Mannor, Shie and Tsitsiklis, John N.},
  journal =      {J. Mach. Learn. Res.},
  note =
                  {\url{\url{https://jmlr.org/papers/volume5/mannor04b/mannor04b.pdf}}},
  openalex =     {W2132876566},
  pages =        {623--648},
  title =        {The Sample Complexity of Exploration in the
                  Multi-Armed Bandit Problem},
  volume =       5,
  year =         2004
}

@article{mendelson2004on,
  author =       {Mendelson, Shahar and Philips, Petra},
  journal =      {J. Mach. Learn. Res.},
  note =
                  {\url{\url{https://jmlr.org/papers/volume5/mendelson04a/mendelson04a.pdf}}},
  openalex =     {W2105918531},
  pages =        {219--238},
  title =        {On the Importance of Small Coordinate Projections},
  volume =       5,
  year =         2004
}

@article{quist2004distributional,
  author =       {Quist, Michael C. and Yona, Golan},
  journal =      {J. Mach. Learn. Res.},
  note =
                  {\url{\url{https://jmlr.org/papers/volume5/quist04a/quist04a.pdf}}},
  openalex =     {W2096904942},
  pages =        {399--420},
  title =        {Distributional Scaling: An Algorithm for
                  Structure-Preserving Embedding of Metric and
                  Nonmetric Spaces},
  volume =       5,
  year =         2004
}

@article{rifkin2003defense,
  author =       {Rifkin, Ryan and Klautau, Aldebaro},
  journal =      {J. Mach. Learn. Res.},
  note =
                  {\url{\url{https://jmlr.org/papers/v5/rifkin04a.html}}},
  openalex =     {W2133864802},
  pages =        {101--141},
  title =        {In Defense of One-Vs-All Classification},
  volume =       5,
  year =         2004
}

@article{rosset2004boosting,
  author =       {Rosset, Saharon and Zhu, Ji and Hastie, Trevor},
  journal =      {J. Mach. Learn. Res.},
  note =
                  {\url{\url{https://jmlr.org/papers/volume5/rosset04a/rosset04a.pdf}}},
  openalex =     {W2119073761},
  pages =        {941--973},
  title =        {Boosting as a Regularized Path to a Maximum Margin
                  Classifier},
  volume =       5,
  year =         2004
}

@article{rudin2004dynamics,
  author =       {Rudin, Cynthia and Daubechies, Ingrid and Schapire,
                  Robert E.},
  journal =      {J. Mach. Learn. Res.},
  note =
                  {\url{\url{https://jmlr.org/papers/v5/rudin04a.html}}},
  openalex =     {W1918179283},
  pages =        {1557--1595},
  title =        {The Dynamics of AdaBoost: Cyclic Behavior and
                  Convergence of Margins},
  volume =       5,
  year =         2004
}

@article{sallans2004reinforcement,
  author =       {Sallans, Brian and Hinton, Geoffrey E.},
  journal =      {J. Mach. Learn. Res.},
  note =
                  {\url{\url{https://jmlr.org/papers/volume5/sallans04a/sallans04a.pdf}}},
  openalex =     {W2145805610},
  pages =        {1063--1088},
  title =        {Reinforcement Learning with Factored States and
                  Actions},
  volume =       5,
  year =         2004
}

@article{schmitt2004some,
  author =       {Schmitt, Michael},
  bibsource =    {dblp computer science bibliography,
                  https://dblp.org},
  biburl =       {https://dblp.org/rec/journals/jmlr/Schmitt04.bib},
  journal =      {J. Mach. Learn. Res.},
  note =
                  {\url{https://jmlr.org/papers/volume5/schmitt04a/schmitt04a.pdf}},
  openalex =     {W2400174120},
  pages =        {891--912},
  timestamp =    {Wed, 11 Sep 2024 01:00:00 +0200},
  title =        {Some dichotomy theorems for neural learning
                  problems},
  volume =       5,
  year =         2004
}

@article{stracuzzi2004randomized,
  author =       {Stracuzzi, David John and Utgoff, Paul E.},
  bibsource =    {dblp computer science bibliography,
                  https://dblp.org},
  biburl =       {https://dblp.org/rec/journals/jmlr/StracuzziU04.bib},
  journal =      {J. Mach. Learn. Res.},
  note =
                  {\url{https://jmlr.org/papers/volume5/stracuzzi04a/stracuzzi04a.pdf}},
  openalex =     {W2165595216},
  pages =        {1331--1362},
  timestamp =    {Wed, 11 Sep 2024 01:00:00 +0200},
  title =        {Randomized Variable Elimination},
  volume =       5,
  year =         2004
}

@article{valentini2004bias,
  author =       {Valentini, Giorgio and Dietterich, Thomas G.},
  bibsource =    {dblp computer science bibliography,
                  https://dblp.org},
  biburl =       {https://dblp.org/rec/journals/jmlr/ValentiniD04.bib},
  journal =      {J. Mach. Learn. Res.},
  note =
                  {\url{https://jmlr.org/papers/volume5/valentini04a/valentini04a.pdf}},
  openalex =     {W1540358749},
  pages =        {725--775},
  timestamp =    {Wed, 11 Sep 2024 01:00:00 +0200},
  title =        {Bias-Variance Analysis of Support Vector Machines
                  for the Development of SVM-Based Ensemble Methods},
  volume =       5,
  year =         2004
}

@article{vovk2004universal,
  author =       {Vovk, Vladimir},
  bibsource =    {dblp computer science bibliography,
                  https://dblp.org},
  biburl =       {https://dblp.org/rec/journals/jmlr/Vovk04.bib},
  journal =      {J. Mach. Learn. Res.},
  note =
                  {\url{https://jmlr.org/papers/volume5/vovk04a/vovk04a.pdf}},
  openalex =     {W2172092479},
  pages =        {575--604},
  timestamp =    {Wed, 11 Sep 2024 01:00:00 +0200},
  title =        {Universal Well-Calibrated Algorithm for On-Line
                  Classification},
  volume =       5,
  year =         2004
}

@article{wu2004probability,
  author =       {Wu, Tingfan and Lin, Chih‐Jen and Weng, Ruby C.},
  bibsource =    {dblp computer science bibliography,
                  https://dblp.org},
  biburl =       {https://dblp.org/rec/journals/jmlr/WuLW04.bib},
  journal =      {J. Mach. Learn. Res.},
  note =
                  {\url{https://jmlr.org/papers/volume5/wu04a/wu04a.pdf}},
  openalex =     {W1510526001},
  pages =        {975--1005},
  timestamp =    {Wed, 11 Sep 2024 01:00:00 +0200},
  title =        {Probability Estimates for Multi-class Classification
                  by Pairwise Coupling},
  volume =       5,
  year =         2004
}

@article{yu2004efficient,
  author =       {Yu, Lei and Liu, Huan},
  bibsource =    {dblp computer science bibliography,
                  https://dblp.org},
  biburl =       {https://dblp.org/rec/journals/jmlr/YuL04.bib},
  journal =      {J. Mach. Learn. Res.},
  note =
                  {\url{https://jmlr.org/papers/volume5/yu04a/yu04a.pdf}},
  openalex =     {W2156571267},
  pages =        {1205--1224},
  timestamp =    {Wed, 11 Sep 2024 01:00:00 +0200},
  title =        {Efficient Feature Selection via Analysis of
                  Relevance and Redundancy},
  volume =       5,
  year =         2004
}

@article{zhang2004hierarchical,
  author =       {Zhang, Nevin Lianwen},
  bibsource =    {dblp computer science bibliography,
                  https://dblp.org},
  biburl =       {https://dblp.org/rec/journals/jmlr/Zhang04.bib},
  journal =      {J. Mach. Learn. Res.},
  note =
                  {\url{https://jmlr.org/papers/volume5/zhang04a/zhang04a.pdf}},
  pages =        {697--723},
  timestamp =    {Wed, 11 Sep 2024 01:00:00 +0200},
  title =        {Hierarchical Latent Class Models for Cluster
                  Analysis},
  volume =       5,
  year =         2004
}

@article{zhang2004statistical,
  author =       {Zhang, Tong},
  bibsource =    {dblp computer science bibliography,
                  https://dblp.org},
  biburl =       {https://dblp.org/rec/journals/jmlr/Zhang04a.bib},
  journal =      {J. Mach. Learn. Res.},
  note =
                  {\url{https://jmlr.org/papers/volume5/zhang04b/zhang04b.pdf}},
  openalex =     {W2096520669},
  pages =        {1225--1251},
  timestamp =    {Wed, 11 Sep 2024 01:00:00 +0200},
  title =        {Statistical Analysis of Some Multi-Category Large
                  Margin Classification Methods},
  volume =       5,
  year =         2004
}

@article{ziehe2004fast,
  author =       {Ziehe, Andreas and Laskov, Pavel and Nolte, Guido
                  and Müller, Klaus‐Robert},
  bibsource =    {dblp computer science bibliography,
                  https://dblp.org},
  biburl =       {https://dblp.org/rec/journals/jmlr/ZieheLNM04.bib},
  journal =      {J. Mach. Learn. Res.},
  note =
                  {\url{https://jmlr.org/papers/volume5/ziehe04a/ziehe04a.pdf}},
  openalex =     {W2142975003},
  pages =        {777--800},
  timestamp =    {Wed, 11 Sep 2024 01:00:00 +0200},
  title =        {A Fast Algorithm for Joint Diagonalization with
                  Non-orthogonal Transformations and its Application
                  to Blind Source Separation},
  volume =       5,
  year =         2004
}
