@article{agarwal2005generalization,
  author =       {Agarwal, Shivani and Graepel, Thore and Herbrich,
                  Ralf and Har-Peled, Sariel and Roth, Dan},
  journal =      {Journal of Machine Learning Research},
  note =         {\url{http://jmlr.org/papers/v6/agarwal05a.html}},
  number =       14,
  pages =        {393--425},
  title =        {Generalization Bounds for the Area Under the ROC
                  Curve},
  volume =       6,
  year =         2005
}

@article{aiolli2005multiclass,
  author =       {Aiolli, Fabio and Sperduti, Alessandro},
  journal =      {Journal of Machine Learning Research},
  note =         {\url{http://jmlr.org/papers/v6/aiolli05a.html}},
  number =       28,
  pages =        {817--850},
  title =        {Multiclass Classification with Multi-Prototype
                  Support Vector Machines},
  volume =       6,
  year =         2005
}

@article{almeida2005separating,
  author =       {Almeida, Luís B.},
  journal =      {Journal of Machine Learning Research},
  note =         {\url{http://jmlr.org/papers/v6/almeida05a.html}},
  number =       41,
  pages =        {1199--1229},
  title =        {Separating a Real-Life Nonlinear Image Mixture},
  volume =       6,
  year =         2005
}

@article{ando2005framework,
  author =       {Ando, Rie Kubota and Zhang, Tong},
  journal =      {Journal of Machine Learning Research},
  note =         {\url{http://jmlr.org/papers/v6/ando05a.html}},
  number =       61,
  pages =        {1817--1853},
  title =        {A Framework for Learning Predictive Structures from
                  Multiple Tasks and Unlabeled Data},
  volume =       6,
  year =         2005
}

@article{banerjee2005clusteringa,
  author =       {Banerjee, Arindam and Dhillon, Inderjit S. and
                  Ghosh, Joydeep and Sra, Suvrit},
  journal =      {Journal of Machine Learning Research},
  note =         {\url{http://jmlr.org/papers/v6/banerjee05a.html}},
  number =       46,
  pages =        {1345--1382},
  title =        {Clustering on the Unit Hypersphere using von
                  Mises-Fisher Distributions},
  volume =       6,
  year =         2005
}

@article{banerjee2005clusteringb,
  author =       {Banerjee, Arindam and Merugu, Srujana and Dhillon,
                  Inderjit S. and Ghosh, Joydeep},
  journal =      {Journal of Machine Learning Research},
  note =         {\url{http://jmlr.org/papers/v6/banerjee05b.html}},
  number =       58,
  pages =        {1705--1749},
  title =        {Clustering with Bregman Divergences},
  volume =       6,
  year =         2005
}

@article{barhillel2005learning,
  author =       {Bar-Hillel, Aharon and Hertz, Tomer and Shental,
                  Noam and Weinshall, Daphna},
  journal =      {Journal of Machine Learning Research},
  note =         {\url{http://jmlr.org/papers/v6/bar-hillel05a.html}},
  number =       32,
  pages =        {937--965},
  title =        {Learning a Mahalanobis Metric from Equivalence
                  Constraints},
  volume =       6,
  year =         2005
}

@article{binev2005universal,
  author =       {Binev, Peter and Cohen, Albert and Dahmen, Wolfgang
                  and DeVore, Ronald and Temlyakov, Vladimir},
  journal =      {Journal of Machine Learning Research},
  note =         {\url{http://jmlr.org/papers/v6/binev05a.html}},
  number =       44,
  pages =        {1297--1321},
  title =        {"Universal algorithms in learning theory - Part I:
                  piecewise constant functions"},
  volume =       6,
  year =         2005
}

@article{bongard2005active,
  author =       {Bongard, Josh and Lipson, Hod},
  journal =      {Journal of Machine Learning Research},
  note =         {\url{http://jmlr.org/papers/v6/bongard05a.html}},
  number =       56,
  pages =        {1651--1678},
  title =        {Active Coevolutionary Learning of Deterministic
                  Finite Automata},
  volume =       6,
  year =         2005
}

@article{bordes2005fast,
  author =       {Bordes, Antoine and Ertekin, Seyda and Weston, Jason
                  and Bottou, Léon},
  journal =      {Journal of Machine Learning Research},
  note =         {\url{http://jmlr.org/papers/v6/bordes05a.html}},
  number =       54,
  pages =        {1579--1619},
  title =        {Fast Kernel Classifiers with Online and Active
                  Learning},
  volume =       6,
  year =         2005
}

@article{boulle2005bayes,
  author =       {Boullé, Marc},
  journal =      {Journal of Machine Learning Research},
  note =         {\url{http://jmlr.org/papers/v6/boulle05a.html}},
  number =       49,
  pages =        {1431--1452},
  title =        {A Bayes Optimal Approach for Partitioning the Values
                  of Categorical Attributes},
  volume =       6,
  year =         2005
}

@article{brown2005managing,
  author =       {Brown, Gavin and Wyatt, Jeremy L. and Tin̆o, Peter},
  journal =      {Journal of Machine Learning Research},
  note =         {\url{http://jmlr.org/papers/v6/brown05a.html}},
  number =       55,
  pages =        {1621--1650},
  title =        {Managing Diversity in Regression Ensembles},
  volume =       6,
  year =         2005
}

@article{chechik2005information,
  author =       {Chechik, Gal and Globerson, Amir and Tishby, Naftali
                  and Weiss, Yair},
  journal =      {Journal of Machine Learning Research},
  note =         {\url{http://jmlr.org/papers/v6/chechik05a.html}},
  number =       6,
  pages =        {165--188},
  title =        {Information Bottleneck for Gaussian Variables},
  volume =       6,
  year =         2005
}

@article{chu2005gaussian,
  author =       {Chu, Wei and Ghahramani, Zoubin},
  journal =      {Journal of Machine Learning Research},
  note =         {\url{http://jmlr.org/papers/v6/chu05a.html}},
  number =       35,
  pages =        {1019--1041},
  title =        {Gaussian Processes for Ordinal Regression},
  volume =       6,
  year =         2005
}

@article{cowell2005local,
  author =       {Cowell, Robert G.},
  journal =      {Journal of Machine Learning Research},
  note =         {\url{http://jmlr.org/papers/v6/cowell05a.html}},
  number =       52,
  pages =        {1517--1550},
  title =        {Local Propagation in Conditional Gaussian Bayesian
                  Networks},
  volume =       6,
  year =         2005
}

@article{cuturi2005semigroup,
  author =       {Cuturi, Marco and Fukumizu, Kenji and Vert,
                  Jean-Philippe},
  journal =      {Journal of Machine Learning Research},
  note =         {\url{http://jmlr.org/papers/v6/cuturi05a.html}},
  number =       40,
  pages =        {1169--1198},
  title =        {Semigroup Kernels on Measures},
  volume =       6,
  year =         2005
}

@article{daume2005bayesian,
  author =       {Daumé III, Hal and Marcu, Daniel},
  journal =      {Journal of Machine Learning Research},
  note =         {\url{http://jmlr.org/papers/v6/daume05a.html}},
  number =       53,
  pages =        {1551--1577},
  title =        {A Bayesian Model for Supervised Clustering with the
                  Dirichlet Process Prior},
  volume =       6,
  year =         2005
}

@article{dekel2005smooth,
  author =       {Dekel, Ofer and Shalev-Shwartz, Shai and Singer,
                  Yoram},
  journal =      {Journal of Machine Learning Research},
  note =         {\url{http://jmlr.org/papers/v6/dekel05a.html}},
  number =       25,
  pages =        {711--741},
  title =        {Smooth ε-Insensitive Regression by Loss
                  Symmetrization},
  volume =       6,
  year =         2005
}

@article{devito2005learning,
  author =       {De Vito, Ernesto and Rosasco, Lorenzo and
                  Caponnetto, Andrea and De Giovannini, Umberto and
                  Odone, Francesca},
  journal =      {Journal of Machine Learning Research},
  note =         {\url{http://jmlr.org/papers/v6/devito05a.html}},
  number =       30,
  pages =        {883--904},
  title =        {Learning from Examples as an Inverse Problem},
  volume =       6,
  year =         2005
}

@article{drineas2005nystrom,
  author =       {Drineas, Petros and Mahoney, Michael W.},
  journal =      {Journal of Machine Learning Research},
  note =         {\url{http://jmlr.org/papers/v6/drineas05a.html}},
  number =       72,
  pages =        {2153--2175},
  title =        {On the Nystrom Method for Approximating a Gram
                  Matrix for Improved Kernel-Based Learning},
  volume =       6,
  year =         2005
}

@article{drukh2005concentration,
  author =       {Drukh, Evgeny and Mansour, Yishay},
  journal =      {Journal of Machine Learning Research},
  note =         {\url{http://jmlr.org/papers/v6/drukh05a.html}},
  number =       42,
  pages =        {1231--1264},
  title =        {Concentration Bounds for Unigrams Language Model},
  volume =       6,
  year =         2005
}

@article{eibl2005multiclass,
  author =       {Eibl, Günther and Pfeiffer, Karl-Peter},
  journal =      {Journal of Machine Learning Research},
  note =         {\url{http://jmlr.org/papers/v6/eibl05a.html}},
  number =       7,
  pages =        {189--210},
  title =        {Multiclass Boosting for Weak Classifiers},
  volume =       6,
  year =         2005
}

@article{elidan2005learning,
  author =       {Elidan, Gal and Friedman, Nir},
  journal =      {Journal of Machine Learning Research},
  note =         {\url{http://jmlr.org/papers/v6/elidan05a.html}},
  number =       4,
  pages =        {81--127},
  title =        {Learning Hidden Variable Networks: The Information
                  Bottleneck Approach},
  volume =       6,
  year =         2005
}

@article{elisseeff2005stability,
  author =       {Elisseeff, Andre and Evgeniou, Theodoros and Pontil,
                  Massimiliano},
  journal =      {Journal of Machine Learning Research},
  note =         {\url{http://jmlr.org/papers/v6/elisseeff05a.html}},
  number =       3,
  pages =        {55--79},
  title =        {Stability of Randomized Learning Algorithms},
  volume =       6,
  year =         2005
}

@article{ernst2005tree,
  author =       {Ernst, Damien and Geurts, Pierre and Wehenkel,
                  Louis},
  journal =      {Journal of Machine Learning Research},
  note =         {\url{http://jmlr.org/papers/v6/ernst05a.html}},
  number =       18,
  pages =        {503--556},
  title =        {Tree-Based Batch Mode Reinforcement Learning},
  volume =       6,
  year =         2005
}

@article{evgeniou2005learning,
  author =       {Evgeniou, Theodoros and Micchelli, Charles A. and
                  Pontil, Massimiliano},
  journal =      {Journal of Machine Learning Research},
  note =         {\url{http://jmlr.org/papers/v6/evgeniou05a.html}},
  number =       21,
  pages =        {615--637},
  title =        {Learning Multiple Tasks with Kernel Methods},
  volume =       6,
  year =         2005
}

@article{fan2005working,
  author =       {Fan, Rong-En and Chen, Pai-Hsuen and Lin, Chih-Jen},
  journal =      {Journal of Machine Learning Research},
  note =         {\url{http://jmlr.org/papers/v6/fan05a.html}},
  number =       63,
  pages =        {1889--1918},
  title =        {Working Set Selection Using Second Order Information
                  for Training Support Vector Machines},
  volume =       6,
  year =         2005
}

@article{fiori2005quasi,
  author =       {Fiori, Simone},
  journal =      {Journal of Machine Learning Research},
  note =         {\url{http://jmlr.org/papers/v6/fiori05a.html}},
  number =       26,
  pages =        {743--781},
  title =        {Quasi-Geodesic Neural Learning Algorithms Over the
                  Orthogonal Group: A Tutorial},
  volume =       6,
  year =         2005
}

@article{goldsmith2005new,
  author =       {Goldsmith, Judy and Sloan, Robert H.},
  journal =      {Journal of Machine Learning Research},
  note =         {\url{http://jmlr.org/papers/v6/goldsmith05a.html}},
  number =       64,
  pages =        {1919--1938},
  title =        {New Horn Revision Algorithms},
  volume =       6,
  year =         2005
}

@article{gretton2005kernel,
  author =       {Gretton, Arthur and Herbrich, Ralf and Smola,
                  Alexander and Bousquet, Olivier and Schölkopf,
                  Bernhard},
  journal =      {Journal of Machine Learning Research},
  note =         {\url{http://jmlr.org/papers/v6/gretton05a.html}},
  number =       70,
  pages =        {2075--2129},
  title =        {Kernel Methods for Measuring Independence},
  volume =       6,
  year =         2005
}

@article{gunawardana2005convergence,
  author =       {Gunawardana, Asela and Byrne, William},
  journal =      {Journal of Machine Learning Research},
  note =         {\url{http://jmlr.org/papers/v6/gunawardana05a.html}},
  number =       69,
  pages =        {2049--2073},
  title =        {Convergence Theorems for Generalized Alternating
                  Minimization Procedures},
  volume =       6,
  year =         2005
}

@article{hutter2005adaptive,
  author =       {Hutter, Marcus and Poland, Jan},
  journal =      {Journal of Machine Learning Research},
  note =         {\url{http://jmlr.org/papers/v6/hutter05a.html}},
  number =       22,
  pages =        {639--660},
  title =        {Adaptive Online Prediction by Following the
                  Perturbed Leader},
  volume =       6,
  year =         2005
}

@article{hyvarinen2005estimation,
  author =       {Hyvärinen, Aapo},
  journal =      {Journal of Machine Learning Research},
  note =         {\url{http://jmlr.org/papers/v6/hyvarinen05a.html}},
  number =       24,
  pages =        {695--709},
  title =        {Estimation of Non-Normalized Statistical Models by
                  Score Matching},
  volume =       6,
  year =         2005
}

@article{ihler2005loopy,
  author =       {Ihler, Alexander T. and Fisher III, John W. and
                  Willsky, Alan S.},
  journal =      {Journal of Machine Learning Research},
  note =         {\url{http://jmlr.org/papers/v6/ihler05a.html}},
  number =       31,
  pages =        {905--936},
  title =        {Loopy Belief Propagation: Convergence and Effects of
                  Message Errors},
  volume =       6,
  year =         2005
}

@article{jaeger2005generalization,
  author =       {Jaeger, Savina Andonova},
  journal =      {Journal of Machine Learning Research},
  note =         {\url{http://jmlr.org/papers/v6/jaeger05a.html}},
  number =       11,
  pages =        {307--340},
  title =        {Generalization Bounds and Complexities Based on
                  Sparsity and Clustering for Convex Combinations of
                  Functions from Random Classes},
  volume =       6,
  year =         2005
}

@article{kawanabe2005estimating,
  author =       {Kawanabe, Motoaki and Müller, Klaus-Robert},
  journal =      {Journal of Machine Learning Research},
  note =         {\url{http://jmlr.org/papers/v6/kawanabe05a.html}},
  number =       16,
  pages =        {453--482},
  title =        {Estimating Functions for Blind Separation when
                  Sources Have Variance-Dependencies},
  volume =       6,
  year =         2005
}

@article{keerthi2005modified,
  author =       {Keerthi, S. Sathiya and DeCoste, Dennis},
  journal =      {Journal of Machine Learning Research},
  note =         {\url{http://jmlr.org/papers/v6/keerthi05a.html}},
  number =       12,
  pages =        {341--361},
  title =        {A Modified Finite Newton Method for Fast Solution of
                  Large Scale Linear SVMs},
  volume =       6,
  year =         2005
}

@article{khardon2005maximum,
  author =       {Khardon, Roni and Servedio, Rocco A.},
  journal =      {Journal of Machine Learning Research},
  note =         {\url{http://jmlr.org/papers/v6/khardon05a.html}},
  number =       48,
  pages =        {1405--1429},
  title =        {Maximum Margin Algorithms with Boolean Kernels},
  volume =       6,
  year =         2005
}

@article{kim2005dimension,
  author =       {Kim, Hyunsoo and Howland, Peg and Park, Haesun},
  journal =      {Journal of Machine Learning Research},
  note =         {\url{http://jmlr.org/papers/v6/kim05a.html}},
  number =       2,
  pages =        {37--53},
  title =        {Dimension Reduction in Text Classification with
                  Support Vector Machines},
  volume =       6,
  year =         2005
}

@article{kuss2005assessing,
  author =       {Kuss, Malte and Rasmussen, Carl Edward},
  journal =      {Journal of Machine Learning Research},
  note =         {\url{http://jmlr.org/papers/v6/kuss05a.html}},
  number =       57,
  pages =        {1679--1704},
  title =        {Assessing Approximate Inference for Binary Gaussian
                  Process Classification},
  volume =       6,
  year =         2005
}

@article{lafferty2005diffusion,
  author =       {Lafferty, John and Lebanon, Guy},
  journal =      {Journal of Machine Learning Research},
  note =         {\url{http://jmlr.org/papers/v6/lafferty05a.html}},
  number =       5,
  pages =        {129--163},
  title =        {Diffusion Kernels on Statistical Manifolds},
  volume =       6,
  year =         2005
}

@article{langford2005tutorial,
  author =       {Langford, John},
  journal =      {Journal of Machine Learning Research},
  note =         {\url{http://jmlr.org/papers/v6/langford05a.html}},
  number =       10,
  pages =        {273--306},
  title =        {Tutorial on Practical Prediction Theory for
                  Classification},
  volume =       6,
  year =         2005
}

@article{lawrence2005probabilistic,
  author =       {Lawrence, Neil},
  journal =      {Journal of Machine Learning Research},
  note =         {\url{http://jmlr.org/papers/v6/lawrence05a.html}},
  number =       60,
  pages =        {1783--1816},
  title =        {Probabilistic Non-linear Principal Component
                  Analysis with Gaussian Process Latent Variable
                  Models},
  volume =       6,
  year =         2005
}

@article{luo2005active,
  author =       {Luo, Tong and Kramer, Kurt and Goldgof, Dmitry
                  B. and Hall, Lawrence O. and Samson, Scott and
                  Remsen, Andrew and Hopkins, Thomas},
  journal =      {Journal of Machine Learning Research},
  note =         {\url{http://jmlr.org/papers/v6/luo05a.html}},
  number =       20,
  pages =        {589--613},
  title =        {Active learning to recognize multiple types of
                  plankton},
  volume =       6,
  year =         2005
}

@article{marchand2005learning,
  author =       {Marchand, Mario and Sokolova, Marina},
  journal =      {Journal of Machine Learning Research},
  note =         {\url{http://jmlr.org/papers/v6/marchand05a.html}},
  number =       15,
  pages =        {427--451},
  title =        {Learning with Decision Lists of Data-Dependent
                  Features},
  volume =       6,
  year =         2005
}

@article{markatou2005analysis,
  author =       {Markatou, Marianthi and Tian, Hong and Biswas,
                  Shameek and Hripcsak, George},
  journal =      {Journal of Machine Learning Research},
  note =         {\url{http://jmlr.org/papers/v6/markatou05a.html}},
  number =       39,
  pages =        {1127--1168},
  title =        {Analysis of Variance of Cross-Validation Estimators
                  of the Generalization Error},
  volume =       6,
  year =         2005
}

@article{maurer2005algorithmic,
  author =       {Maurer, Andreas},
  journal =      {Journal of Machine Learning Research},
  note =         {\url{http://jmlr.org/papers/v6/maurer05a.html}},
  number =       33,
  pages =        {967--994},
  title =        {Algorithmic Stability and Meta-Learning},
  volume =       6,
  year =         2005
}

@article{micchelli2005learning,
  author =       {Micchelli, Charles A. and Pontil, Massimiliano},
  journal =      {Journal of Machine Learning Research},
  note =         {\url{http://jmlr.org/papers/v6/micchelli05a.html}},
  number =       38,
  pages =        {1099--1125},
  title =        {Learning the Kernel Function via Regularization},
  volume =       6,
  year =         2005
}

@article{mohammadi2005asymptotics,
  author =       {Mohammadi, Leila and van de Geer, Sara},
  journal =      {Journal of Machine Learning Research},
  note =         {\url{http://jmlr.org/papers/v6/mohammadi05a.html}},
  number =       68,
  pages =        {2027--2047},
  title =        {Asymptotics in empirical risk minimization},
  volume =       6,
  year =         2005
}

@article{murphy2005generalization,
  author =       {Murphy, Susan A.},
  journal =      {Journal of Machine Learning Research},
  note =         {\url{http://jmlr.org/papers/v6/murphy05a.html}},
  number =       37,
  pages =        {1073--1097},
  title =        {A Generalization Error for Q-Learning},
  volume =       6,
  year =         2005
}

@article{murray2005machine,
  author =       {Murray, Joseph F. and Hughes, Gordon F. and
                  Kreutz-Delgado, Kenneth},
  journal =      {Journal of Machine Learning Research},
  note =         {\url{http://jmlr.org/papers/v6/murray05a.html}},
  number =       27,
  pages =        {783--816},
  title =        {Machine Learning Methods for Predicting Failures in
                  Hard Drives: A Multiple-Instance Application},
  volume =       6,
  year =         2005
}

@article{nakamura2005inner,
  author =       {Nakamura, Atsuyoshi and Schmitt, Michael and
                  Schmitt, Niels and Simon, Hans Ulrich},
  journal =      {Journal of Machine Learning Research},
  note =         {\url{http://jmlr.org/papers/v6/nakamura05a.html}},
  number =       47,
  pages =        {1383--1403},
  title =        {Inner Product Spaces for Bayesian Networks},
  volume =       6,
  year =         2005
}

@article{ong2005learning,
  author =       {Ong, Cheng Soon and Smola, Alexander J. and
                  Williamson, Robert C.},
  journal =      {Journal of Machine Learning Research},
  note =         {\url{http://jmlr.org/papers/v6/ong05a.html}},
  number =       36,
  pages =        {1043--1071},
  title =        {Learning the Kernel with Hyperkernels},
  volume =       6,
  year =         2005
}

@article{opper2005expectation,
  author =       {Opper, Manfred and Winther, Ole},
  journal =      {Journal of Machine Learning Research},
  note =         {\url{http://jmlr.org/papers/v6/opper05a.html}},
  number =       73,
  pages =        {2177--2204},
  title =        {Expectation Consistent Approximate Inference},
  volume =       6,
  year =         2005
}

@article{quinonerocandela2005unifying,
  author =       {Quiñonero-Candela, Joaquin and Rasmussen, Carl
                  Edward},
  journal =      {Journal of Machine Learning Research},
  note =
                  {\url{http://jmlr.org/papers/v6/quinonero-candela05a.html}},
  number =       65,
  pages =        {1939--1959},
  title =        {A Unifying View of Sparse Approximate Gaussian
                  Process Regression},
  volume =       6,
  year =         2005
}

@article{rakotomamonjy2005frames,
  author =       {Rakotomamonjy, Alain and Canu, Stéphane},
  journal =      {Journal of Machine Learning Research},
  note =
                  {\url{http://jmlr.org/papers/v6/rakotomamonjy05a.html}},
  number =       51,
  pages =        {1485--1515},
  title =        {Frames, Reproducing Kernels, Regularization and
                  Learning},
  volume =       6,
  year =         2005
}

@article{ratsch2005efficient,
  author =       {Rätsch, Gunnar and Warmuth, Manfred K.},
  journal =      {Journal of Machine Learning Research},
  note =         {\url{http://jmlr.org/papers/v6/ratsch05a.html}},
  number =       71,
  pages =        {2131--2152},
  title =        {Efficient Margin Maximizing with Boosting},
  volume =       6,
  year =         2005
}

@article{rousu2005efficient,
  author =       {Rousu, Juho and Shawe-Taylor, John},
  journal =      {Journal of Machine Learning Research},
  note =         {\url{http://jmlr.org/papers/v6/rousu05a.html}},
  number =       45,
  pages =        {1323--1344},
  title =        {Efficient Computation of Gapped Substring Kernels on
                  Large Alphabets},
  volume =       6,
  year =         2005
}

@article{rusakov2005asymptotic,
  author =       {Rusakov, Dmitry and Geiger, Dan},
  journal =      {Journal of Machine Learning Research},
  note =         {\url{http://jmlr.org/papers/v6/rusakov05a.html}},
  number =       1,
  pages =        {1--35},
  title =        {Asymptotic Model Selection for Naive Bayesian
                  Networks},
  volume =       6,
  year =         2005
}

@article{sarela2005denoising,
  author =       {Särelä, Jaakko and Valpola, Harri},
  journal =      {Journal of Machine Learning Research},
  note =         {\url{http://jmlr.org/papers/v6/sarela05a.html}},
  number =       9,
  pages =        {233--272},
  title =        {Denoising Source Separation},
  volume =       6,
  year =         2005
}

@article{segal2005learning,
  author =       {Segal, Eran and Pe'er, Dana and Regev, Aviv and
                  Koller, Daphne and Friedman, Nir},
  journal =      {Journal of Machine Learning Research},
  note =         {\url{http://jmlr.org/papers/v6/segal05a.html}},
  number =       19,
  pages =        {557--588},
  title =        {Learning Module Networks},
  volume =       6,
  year =         2005
}

@article{shani2005mdp,
  author =       {Shani, Guy and Heckerman, David and Brafman, Ronen
                  I.},
  journal =      {Journal of Machine Learning Research},
  note =         {\url{http://jmlr.org/papers/v6/shani05a.html}},
  number =       43,
  pages =        {1265--1295},
  title =        {An MDP-Based Recommender System},
  volume =       6,
  year =         2005
}

@article{sigletos2005combining,
  author =       {Sigletos, Georgios and Paliouras, Georgios and
                  Spyropoulos, Constantine D. and Hatzopoulos,
                  Michalis},
  journal =      {Journal of Machine Learning Research},
  note =         {\url{http://jmlr.org/papers/v6/sigletos05a.html}},
  number =       59,
  pages =        {1751--1782},
  title =        {Combining Information Extraction Systems Using
                  Voting and Stacked Generalization},
  volume =       6,
  year =         2005
}

@article{steinwart2005classification,
  author =       {Steinwart, Ingo and Hush, Don and Scovel, Clint},
  journal =      {Journal of Machine Learning Research},
  note =         {\url{http://jmlr.org/papers/v6/steinwart05a.html}},
  number =       8,
  pages =        {211--232},
  title =        {A Classification Framework for Anomaly Detection},
  volume =       6,
  year =         2005
}

@article{tsang2005core,
  author =       {Tsang, Ivor W. and Kwok, James T. and Cheung,
                  Pak-Ming},
  journal =      {Journal of Machine Learning Research},
  note =         {\url{http://jmlr.org/papers/v6/tsang05a.html}},
  number =       13,
  pages =        {363--392},
  title =        {Core Vector Machines: Fast SVM Training on Very
                  Large Data Sets},
  volume =       6,
  year =         2005
}

@article{tsochantaridis2005large,
  author =       {Tsochantaridis, Ioannis and Joachims, Thorsten and
                  Hofmann, Thomas and Altun, Yasemin},
  journal =      {Journal of Machine Learning Research},
  note =
                  {\url{http://jmlr.org/papers/v6/tsochantaridis05a.html}},
  number =       50,
  pages =        {1453--1484},
  title =        {Large Margin Methods for Structured and
                  Interdependent Output Variables},
  volume =       6,
  year =         2005
}

@article{tsuda2005matrix,
  author =       {Tsuda, Koji and Rätsch, Gunnar and Warmuth, Manfred
                  K.},
  journal =      {Journal of Machine Learning Research},
  note =         {\url{http://jmlr.org/papers/v6/tsuda05a.html}},
  number =       34,
  pages =        {995--1018},
  title =        {Matrix Exponentiated Gradient Updates for On-line
                  Learning and Bregman Projection},
  volume =       6,
  year =         2005
}

@article{wingate2005prioritization,
  author =       {Wingate, David and Seppi, Kevin D.},
  journal =      {Journal of Machine Learning Research},
  note =         {\url{http://jmlr.org/papers/v6/wingate05a.html}},
  number =       29,
  pages =        {851--881},
  title =        {Prioritization Methods for Accelerating MDP Solvers},
  volume =       6,
  year =         2005
}

@article{winn2005variational,
  author =       {Winn, John and Bishop, Christopher M.},
  journal =      {Journal of Machine Learning Research},
  note =         {\url{http://jmlr.org/papers/v6/winn05a.html}},
  number =       23,
  pages =        {661--694},
  title =        {Variational Message Passing},
  volume =       6,
  year =         2005
}

@article{wolf2005feature,
  author =       {Wolf, Lior and Shashua, Amnon},
  journal =      {Journal of Machine Learning Research},
  note =         {\url{http://jmlr.org/papers/v6/wolf05a.html}},
  number =       62,
  pages =        {1855--1887},
  title =        {Feature Selection for Unsupervised and Supervised
                  Inference: The Emergence of Sparsity in a
                  Weight-Based Approach},
  volume =       6,
  year =         2005
}

@article{wong2005whats,
  author =       {Wong, Weng-Keen and Moore, Andrew and Cooper,
                  Gregory and Wagner, Michael},
  journal =      {Journal of Machine Learning Research},
  note =         {\url{http://jmlr.org/papers/v6/wong05a.html}},
  number =       66,
  pages =        {1961--1998},
  title =        {What's Strange About Recent Events (WSARE): An
                  Algorithm for the Early Detection of Disease
                  Outbreaks},
  volume =       6,
  year =         2005
}

@article{ye2005characterization,
  author =       {Ye, Jieping},
  journal =      {Journal of Machine Learning Research},
  note =         {\url{http://jmlr.org/papers/v6/ye05a.html}},
  number =       17,
  pages =        {483--502},
  title =        {Characterization of a Family of Algorithms for
                  Generalized Discriminant Analysis on Undersampled
                  Problems},
  volume =       6,
  year =         2005
}

@article{zoeter2005change,
  author =       {Zoeter, Onno and Heskes, Tom},
  journal =      {Journal of Machine Learning Research},
  note =         {\url{http://jmlr.org/papers/v6/zoeter05a.html}},
  number =       67,
  pages =        {1999--2026},
  title =        {Change Point Problems in Linear Dynamical Systems},
  volume =       6,
  year =         2005
}
