@comment{}

@comment{@articlewainwright2006estimating,
  author = {Wainwright, Martin J.},
  title = {Estimating the Wrong Graphical Model: Benefits in the Computation-Limited Setting},
  journal = {Journal of Machine Learning Research},
  year = {2006},
  volume = {7},
  number = {66},
  pages = {1829--1859},
  note = {\url{http://jmlr.org/papers/v7/wainwright06a.html}},
}}}

@article{abbeel2006learning,
 author = {Abbeel, Pieter and Koller, Daphne and Ng, Andrew Y.},
 journal = {Journal of Machine Learning Research},
 note = {\url{http://jmlr.org/papers/v7/abbeel06a.html}},
 number = {64},
 pages = {1743--1788},
 title = {Learning Factor Graphs in Polynomial Time and Sample Complexity},
 volume = {7},
 year = {2006}
}

@article{angluin2006learning,
 author = {Angluin, Dana and Chen, Jiang},
 journal = {Journal of Machine Learning Research},
 note = {\url{http://jmlr.org/papers/v7/angluin06a.html}},
 number = {79},
 pages = {2215--2236},
 title = {Learning a Hidden Hypergraph},
 volume = {7},
 year = {2006}
}

@article{bach2006considering,
 author = {Bach, Francis R. and Heckerman, David and Horvitz, Eric},
 journal = {Journal of Machine Learning Research},
 note = {\url{http://jmlr.org/papers/v7/bach06a.html}},
 number = {63},
 pages = {1713--1741},
 title = {Considering Cost Asymmetry in Learning Classifiers},
 volume = {7},
 year = {2006}
}

@article{bach2006learning,
 author = {Bach, Francis R. and Jordan, Michael I.},
 journal = {Journal of Machine Learning Research},
 note = {\url{http://jmlr.org/papers/v7/bach06b.html}},
 number = {71},
 pages = {1963--2001},
 title = {Learning Spectral Clustering, With Application To Speech Separation},
 volume = {7},
 year = {2006}
}

@article{barber2006expectation,
 author = {Barber, David},
 journal = {Journal of Machine Learning Research},
 note = {\url{http://jmlr.org/papers/v7/barber06a.html}},
 number = {89},
 pages = {2515--2540},
 title = {Expectation Correction for Smoothed Inference in Switching Linear Dynamical Systems},
 volume = {7},
 year = {2006}
}

@article{begleiter2006superior,
 author = {Begleiter, Ron and El-Yaniv, Ran},
 journal = {Journal of Machine Learning Research},
 note = {\url{http://jmlr.org/papers/v7/begleiter06a.html}},
 number = {13},
 pages = {379--411},
 title = {Superior Guarantees for Sequential Prediction and Lossless Compression via Alphabet Decomposition},
 volume = {7},
 year = {2006}
}

@article{belkin2006manifold,
 author = {Belkin, Mikhail and Niyogi, Partha and Sindhwani, Vikas},
 journal = {Journal of Machine Learning Research},
 note = {\url{http://jmlr.org/papers/v7/belkin06a.html}},
 number = {85},
 pages = {2399--2434},
 title = {Manifold Regularization: A Geometric Framework for Learning from Labeled and Unlabeled Examples},
 volume = {7},
 year = {2006}
}

@article{bergkvist2006linear,
 author = {Bergkvist, Anders and Damaschke, Peter and Lüthi, Marcel},
 journal = {Journal of Machine Learning Research},
 note = {\url{http://jmlr.org/papers/v7/bergkvist06a.html}},
 number = {49},
 pages = {1339--1355},
 title = {Linear Programs for Hypotheses Selection in Probabilistic Inference Models},
 volume = {7},
 year = {2006}
}

@article{bhatnagar2006simulation,
 author = {Bhatnagar, Shalabh and Borkar, Vivek S. and Akarapu, Madhukar},
 journal = {Journal of Machine Learning Research},
 note = {\url{http://jmlr.org/papers/v7/bhatnagar06a.html}},
 number = {70},
 pages = {1937--1962},
 title = {A Simulation-Based Algorithm for Ergodic Control of Markov Chains Conditioned on Rare Events},
 volume = {7},
 year = {2006}
}

@article{bickel2006some,
 author = {Bickel, Peter J. and Ritov, Ya'acov and Zakai, Alon},
 journal = {Journal of Machine Learning Research},
 note = {\url{http://jmlr.org/papers/v7/bickel06a.html}},
 number = {25},
 pages = {705--732},
 title = {Some Theory for Generalized Boosting Algorithms},
 volume = {7},
 year = {2006}
}

@article{blanchard2006search,
 author = {Blanchard, Gilles and Kawanabe, Motoaki and Sugiyama, Masashi and Spokoiny, Vladimir and Müller, Klaus-Robert},
 journal = {Journal of Machine Learning Research},
 note = {\url{http://jmlr.org/papers/v7/blanchard06a.html}},
 number = {9},
 pages = {247--282},
 title = {In Search of Non-Gaussian Components of a High-Dimensional Distribution},
 volume = {7},
 year = {2006}
}

@article{bratko2006spam,
 author = {Bratko, Andrej and Cormack, Gordon V. and Filipič, Bogdan and Lynam, Thomas R. and Zupan, Blaž},
 journal = {Journal of Machine Learning Research},
 note = {\url{http://jmlr.org/papers/v7/bratko06a.html}},
 number = {97},
 pages = {2673--2698},
 title = {Spam Filtering Using Statistical Data Compression Models},
 volume = {7},
 year = {2006}
}

@article{braun2006accurate,
 author = {Braun, Mikio L.},
 journal = {Journal of Machine Learning Research},
 note = {\url{http://jmlr.org/papers/v7/braun06a.html}},
 number = {82},
 pages = {2303--2328},
 title = {Accurate Error Bounds for the Eigenvalues of the Kernel Matrix},
 volume = {7},
 year = {2006}
}

@article{buehlmann2006sparse,
 author = {Bühlmann, Peter and Yu, Bin},
 journal = {Journal of Machine Learning Research},
 note = {\url{http://jmlr.org/papers/v7/buehlmann06a.html}},
 number = {36},
 pages = {1001--1024},
 title = {Sparse Boosting},
 volume = {7},
 year = {2006}
}

@article{caponnetto2006stability,
 author = {Caponnetto, Andrea and Rakhlin, Alexander},
 journal = {Journal of Machine Learning Research},
 note = {\url{http://jmlr.org/papers/v7/caponnetto06a.html}},
 number = {91},
 pages = {2565--2583},
 title = {Stability Properties of Empirical Risk Minimization over Donsker Classes},
 volume = {7},
 year = {2006}
}

@article{castelo2006robust,
 author = {Castelo, Robert and Roverato, Alberto},
 journal = {Journal of Machine Learning Research},
 note = {\url{http://jmlr.org/papers/v7/castelo06a.html}},
 number = {94},
 pages = {2621--2650},
 title = {A Robust Procedure For Gaussian Graphical Model Search From Microarray Data With p Larger Than n},
 volume = {7},
 year = {2006}
}

@article{castillo2006very,
 author = {Castillo, Enrique and Guijarro-Berdiñas, Bertha and Fontenla-Romero, Oscar and Alonso-Betanzos, Amparo},
 journal = {Journal of Machine Learning Research},
 note = {\url{http://jmlr.org/papers/v7/castillo06a.html}},
 number = {42},
 pages = {1159--1182},
 title = {A Very Fast Learning Method for Neural Networks Based on Sensitivity Analysis},
 volume = {7},
 year = {2006}
}

@article{centeno2006optimising,
 author = {Centeno, Tonatiuh Peña and Lawrence, Neil D.},
 journal = {Journal of Machine Learning Research},
 note = {\url{http://jmlr.org/papers/v7/centeno06a.html}},
 number = {16},
 pages = {455--491},
 title = {Optimising Kernel Parameters and Regularisation Coefficients for Non-linear Discriminant Analysis},
 volume = {7},
 year = {2006}
}

@article{cesabianchi2006incremental,
 author = {Cesa-Bianchi, Nicoló and Gentile, Claudio and Zaniboni, Luca},
 journal = {Journal of Machine Learning Research},
 note = {\url{http://jmlr.org/papers/v7/cesa-bianchi06a.html}},
 number = {2},
 pages = {31--54},
 title = {Incremental Algorithms for Hierarchical Classification},
 volume = {7},
 year = {2006}
}

@article{cesabianchi2006worst,
 author = {Cesa-Bianchi, Nicoló and Gentile, Claudio and Zaniboni, Luca},
 journal = {Journal of Machine Learning Research},
 note = {\url{http://jmlr.org/papers/v7/cesa-bianchi06b.html}},
 number = {44},
 pages = {1205--1230},
 title = {Worst-Case Analysis of Selective Sampling for Linear Classification},
 volume = {7},
 year = {2006}
}

@article{chang2006adaptive,
 author = {Chang, Fu and Lin, Chin-Chin and Lu, Chi-Jen},
 journal = {Journal of Machine Learning Research},
 note = {\url{http://jmlr.org/papers/v7/chang06a.html}},
 number = {76},
 pages = {2125--2148},
 title = {Adaptive Prototype Learning Algorithms: Theoretical and Experimental Studies},
 volume = {7},
 year = {2006}
}

@article{chen2006consistency,
 author = {Chen, Di-Rong and Sun, Tao},
 journal = {Journal of Machine Learning Research},
 note = {\url{http://jmlr.org/papers/v7/chen06a.html}},
 number = {86},
 pages = {2435--2447},
 title = {Consistency of Multiclass Empirical Risk Minimization Methods Based on Convex Loss},
 volume = {7},
 year = {2006}
}

@article{climer2006rearrangement,
 author = {Climer, Sharlee and Zhang, Weixiong},
 journal = {Journal of Machine Learning Research},
 note = {\url{http://jmlr.org/papers/v7/climer06a.html}},
 number = {32},
 pages = {919--943},
 title = {Rearrangement Clustering: Pitfalls, Remedies, and Applications},
 volume = {7},
 year = {2006}
}

@article{collobert2006large,
 author = {Collobert, Ronan and Sinz, Fabian and Weston, Jason and Bottou, Léon},
 journal = {Journal of Machine Learning Research},
 note = {\url{http://jmlr.org/papers/v7/collobert06a.html}},
 number = {62},
 pages = {1687--1712},
 title = {Large Scale Transductive SVMs},
 volume = {7},
 year = {2006}
}

@article{crammer2006online,
 author = {Crammer, Koby and Dekel, Ofer and Keshet, Joseph and Shalev-Shwartz, Shai and Singer, Yoram},
 journal = {Journal of Machine Learning Research},
 note = {\url{http://jmlr.org/papers/v7/crammer06a.html}},
 number = {19},
 pages = {551--585},
 title = {Online Passive-Aggressive Algorithms},
 volume = {7},
 year = {2006}
}

@article{debie2006fast,
 author = {De Bie, Tijl and Cristianini, Nello},
 journal = {Journal of Machine Learning Research},
 note = {\url{http://jmlr.org/papers/v7/debie06a.html}},
 number = {52},
 pages = {1409--1436},
 title = {Fast SDP Relaxations of Graph Cut Clustering, Transduction, and Other Combinatorial Problems},
 volume = {7},
 year = {2006}
}

@article{decampos2006scoring,
 author = {de Campos, Luis M.},
 journal = {Journal of Machine Learning Research},
 note = {\url{http://jmlr.org/papers/v7/decampos06a.html}},
 number = {77},
 pages = {2149--2187},
 title = {A Scoring Function for Learning Bayesian Networks based on Mutual Information and Conditional Independence Tests},
 volume = {7},
 year = {2006}
}

@article{demsar2006statistical,
 author = {Demšar, Janez},
 journal = {Journal of Machine Learning Research},
 note = {\url{http://jmlr.org/papers/v7/demsar06a.html}},
 number = {1},
 pages = {1--30},
 title = {Statistical Comparisons of Classifiers over Multiple Data Sets},
 volume = {7},
 year = {2006}
}

@article{ekdahl2006bounds,
 author = {Ekdahl, Magnus and Koski, Timo},
 journal = {Journal of Machine Learning Research},
 note = {\url{http://jmlr.org/papers/v7/ekdahl06a.html}},
 number = {87},
 pages = {2449--2480},
 title = {Bounds for the Loss in Probability of Correct Classification Under Model Based Approximation},
 volume = {7},
 year = {2006}
}

@article{evendar2006action,
 author = {Even-Dar, Eyal and Mannor, Shie and Mansour, Yishay},
 journal = {Journal of Machine Learning Research},
 note = {\url{http://jmlr.org/papers/v7/evendar06a.html}},
 number = {39},
 pages = {1079--1105},
 title = {Action Elimination and Stopping Conditions for the Multi-Armed Bandit and Reinforcement Learning Problems},
 volume = {7},
 year = {2006}
}

@article{fumera2006spam,
 author = {Fumera, Giorgio and Pillai, Ignazio and Roli, Fabio},
 journal = {Journal of Machine Learning Research},
 note = {\url{http://jmlr.org/papers/v7/fumera06a.html}},
 number = {98},
 pages = {2699--2720},
 title = {Spam Filtering Based On The Analysis Of Text Information Embedded Into Images},
 volume = {7},
 year = {2006}
}

@article{gardner2006one,
 author = {Gardner, Andrew B. and Krieger, Abba M. and Vachtsevanos, George and Litt, Brian},
 journal = {Journal of Machine Learning Research},
 note = {\url{http://jmlr.org/papers/v7/gardner06a.html}},
 number = {37},
 pages = {1025--1044},
 title = {One-Class Novelty Detection for Seizure Analysis from Intracranial EEG},
 volume = {7},
 year = {2006}
}

@article{glasmachers2006maximum,
 author = {Glasmachers, Tobias and Igel, Christian},
 journal = {Journal of Machine Learning Research},
 note = {\url{http://jmlr.org/papers/v7/glasmachers06a.html}},
 number = {53},
 pages = {1437--1466},
 title = {Maximum-Gain Working Set Selection for SVMs},
 volume = {7},
 year = {2006}
}

@article{goldberg2006some,
 author = {Goldberg, Paul W.},
 journal = {Journal of Machine Learning Research},
 note = {\url{http://jmlr.org/papers/v7/goldberg06a.html}},
 number = {10},
 pages = {283--306},
 title = {Some Discriminant-Based PAC Algorithms},
 volume = {7},
 year = {2006}
}

@article{hamerly2006using,
 author = {Hamerly, Greg and Perelman, Erez and Lau, Jeremy and Calder, Brad and Sherwood, Timothy},
 journal = {Journal of Machine Learning Research},
 note = {\url{http://jmlr.org/papers/v7/hamerly06a.html}},
 number = {12},
 pages = {343--378},
 title = {Using Machine Learning to Guide Architecture Simulation},
 volume = {7},
 year = {2006}
}

@article{heiler2006learning,
 author = {Heiler, Matthias and Schnörr, Christoph},
 journal = {Journal of Machine Learning Research},
 note = {\url{http://jmlr.org/papers/v7/heiler06a.html}},
 number = {51},
 pages = {1385--1407},
 title = {Learning Sparse Representations by Non-Negative Matrix Factorization and Sequential Cone Programming},
 volume = {7},
 year = {2006}
}

@article{huang2006generalized,
 author = {Huang, Tzu-Kuo and Weng, Ruby C. and Lin, Chih-Jen},
 journal = {Journal of Machine Learning Research},
 note = {\url{http://jmlr.org/papers/v7/huang06a.html}},
 number = {4},
 pages = {85--115},
 title = {Generalized Bradley-Terry Models and Multi-Class Probability Estimates},
 volume = {7},
 year = {2006}
}

@article{hush2006qp,
 author = {Hush, Don and Kelly, Patrick and Scovel, Clint and Steinwart, Ingo},
 journal = {Journal of Machine Learning Research},
 note = {\url{http://jmlr.org/papers/v7/hush06a.html}},
 number = {26},
 pages = {733--769},
 title = {QP Algorithms with Guaranteed Accuracy and Run Time for Support Vector Machines},
 volume = {7},
 year = {2006}
}

@article{jonsson2006causal,
 author = {Jonsson, Anders and Barto, Andrew},
 journal = {Journal of Machine Learning Research},
 note = {\url{http://jmlr.org/papers/v7/jonsson06a.html}},
 number = {81},
 pages = {2259--2301},
 title = {Causal Graph Based Decomposition of Factored MDPs},
 volume = {7},
 year = {2006}
}

@article{kaempke2006distance,
 author = {Kämpke, Thomas},
 journal = {Journal of Machine Learning Research},
 note = {\url{http://jmlr.org/papers/v7/kaempke06a.html}},
 number = {74},
 pages = {2065--2086},
 title = {Distance Patterns in Structural Similarity},
 volume = {7},
 year = {2006}
}

@article{keerthi2006building,
 author = {Keerthi, S. Sathiya and Chapelle, Olivier and DeCoste, Dennis},
 journal = {Journal of Machine Learning Research},
 note = {\url{http://jmlr.org/papers/v7/keerthi06a.html}},
 number = {55},
 pages = {1493--1515},
 title = {Building Support Vector Machines with Reduced Classifier Complexity},
 volume = {7},
 year = {2006}
}

@article{kim2006segmental,
 author = {Kim, Seyoung and Smyth, Padhraic},
 journal = {Journal of Machine Learning Research},
 note = {\url{http://jmlr.org/papers/v7/kim06a.html}},
 number = {33},
 pages = {945--969},
 title = {Segmental Hidden Markov Models with Random Effects for Waveform Modeling},
 volume = {7},
 year = {2006}
}

@article{kitzelmann2006inductive,
 author = {Kitzelmann, Emanuel and Schmid, Ute},
 journal = {Journal of Machine Learning Research},
 note = {\url{http://jmlr.org/papers/v7/kitzelmann06a.html}},
 number = {15},
 pages = {429--454},
 title = {Inductive Synthesis of Functional Programs: An Explanation Based Generalization Approach},
 volume = {7},
 year = {2006}
}

@article{klivans2006toward,
 author = {Klivans, Adam R. and Servedio, Rocco A.},
 journal = {Journal of Machine Learning Research},
 note = {\url{http://jmlr.org/papers/v7/klivans06a.html}},
 number = {20},
 pages = {587--602},
 title = {Toward Attribute Efficient Learning of Decision Lists and Parities},
 volume = {7},
 year = {2006}
}

@article{kok2006collaborative,
 author = {Kok, Jelle R. and Vlassis, Nikos},
 journal = {Journal of Machine Learning Research},
 note = {\url{http://jmlr.org/papers/v7/kok06a.html}},
 number = {65},
 pages = {1789--1828},
 title = {Collaborative Multiagent Reinforcement Learning by Payoff Propagation},
 volume = {7},
 year = {2006}
}

@article{kolter2006learning,
 author = {Kolter, J. Zico and Maloof, Marcus A.},
 journal = {Journal of Machine Learning Research},
 note = {\url{http://jmlr.org/papers/v7/kolter06a.html}},
 number = {99},
 pages = {2721--2744},
 title = {Learning to Detect and Classify Malicious Executables in the Wild},
 volume = {7},
 year = {2006}
}

@article{langley2006learning,
 author = {Langley, Pat and Choi, Dongkyu},
 journal = {Journal of Machine Learning Research},
 note = {\url{http://jmlr.org/papers/v7/langley06a.html}},
 number = {17},
 pages = {493--518},
 title = {Learning Recursive Control Programs from Problem Solving},
 volume = {7},
 year = {2006}
}

@article{laskov2006incremental,
 author = {Laskov, Pavel and Gehl, Christian and Krüger, Stefan and Müller, Klaus-Robert},
 journal = {Journal of Machine Learning Research},
 note = {\url{http://jmlr.org/papers/v7/laskov06a.html}},
 number = {69},
 pages = {1909--1936},
 title = {Incremental Support Vector Learning: Analysis, Implementation and Applications},
 volume = {7},
 year = {2006}
}

@article{lecue2006lower,
 author = {Lecué, Guillaume},
 journal = {Journal of Machine Learning Research},
 note = {\url{http://jmlr.org/papers/v7/lecue06a.html}},
 number = {34},
 pages = {971--981},
 title = {Lower bounds and aggregation in density estimation},
 volume = {7},
 year = {2006}
}

@article{lippert2006infinite,
 author = {Lippert, Ross A. and Rifkin, Ryan M.},
 journal = {Journal of Machine Learning Research},
 note = {\url{http://jmlr.org/papers/v7/lippert06a.html}},
 number = {30},
 pages = {855--876},
 title = {Infinite-Ï Limits For Tikhonov Regularization},
 volume = {7},
 year = {2006}
}

@article{liu2006new,
 author = {Liu, Ting and Moore, Andrew W. and Gray, Alexander},
 journal = {Journal of Machine Learning Research},
 note = {\url{http://jmlr.org/papers/v7/liu06a.html}},
 number = {41},
 pages = {1135--1158},
 title = {New Algorithms for Efficient High-Dimensional Nonparametric Classification},
 volume = {7},
 year = {2006}
}

@article{malioutov2006walk,
 author = {Malioutov, Dmitry M. and Johnson, Jason K. and Willsky, Alan S.},
 journal = {Journal of Machine Learning Research},
 note = {\url{http://jmlr.org/papers/v7/malioutov06a.html}},
 number = {73},
 pages = {2031--2064},
 title = {Walk-Sums and Belief Propagation in Gaussian Graphical Models},
 volume = {7},
 year = {2006}
}

@article{mangasarian2006exact,
 author = {Mangasarian, Olvi L.},
 journal = {Journal of Machine Learning Research},
 note = {\url{http://jmlr.org/papers/v7/mangasarian06a.html}},
 number = {56},
 pages = {1517--1530},
 title = {Exact 1-Norm Support Vector Machines Via Unconstrained Convex Differentiable Minimization},
 volume = {7},
 year = {2006}
}

@article{maurer2006bounds,
 author = {Maurer, Andreas},
 journal = {Journal of Machine Learning Research},
 note = {\url{http://jmlr.org/papers/v7/maurer06a.html}},
 number = {5},
 pages = {117--139},
 title = {Bounds for Linear Multi-Task Learning},
 volume = {7},
 year = {2006}
}

@article{meinshausen2006quantile,
 author = {Meinshausen, Nicolai},
 journal = {Journal of Machine Learning Research},
 note = {\url{http://jmlr.org/papers/v7/meinshausen06a.html}},
 number = {35},
 pages = {983--999},
 title = {Quantile Regression Forests},
 volume = {7},
 year = {2006}
}

@article{micchelli2006universal,
 author = {Micchelli, Charles A. and Xu, Yuesheng and Zhang, Haizhang},
 journal = {Journal of Machine Learning Research},
 note = {\url{http://jmlr.org/papers/v7/micchelli06a.html}},
 number = {95},
 pages = {2651--2667},
 title = {Universal Kernels},
 volume = {7},
 year = {2006}
}

@article{MLOPTintro2006interplay,
 author = {Bennett, Kristin P. and Parrado-Hernández, Emilio},
 journal = {Journal of Machine Learning Research},
 note = {\url{http://jmlr.org/papers/v7/MLOPT-intro06a.html}},
 number = {46},
 pages = {1265--1281},
 title = {The Interplay of Optimization and Machine Learning Research},
 volume = {7},
 year = {2006}
}

@article{MLSECintro2006machine,
 author = {Chan, Philip K. and Lippmann, Richard P.},
 journal = {Journal of Machine Learning Research},
 note = {\url{http://jmlr.org/papers/v7/MLSEC-intro06a.html}},
 number = {96},
 pages = {2669--2672},
 title = {Machine Learning for Computer Security},
 volume = {7},
 year = {2006}
}

@article{moser2006representing,
 author = {Moser, Bernhard},
 journal = {Journal of Machine Learning Research},
 note = {\url{http://jmlr.org/papers/v7/moser06a.html}},
 number = {93},
 pages = {2603--2620},
 title = {On Representing and Generating Kernels by Fuzzy Equivalence Relations},
 volume = {7},
 year = {2006}
}

@article{mukherjee2006estimation,
 author = {Mukherjee, Sayan and Wu, Qiang},
 journal = {Journal of Machine Learning Research},
 note = {\url{http://jmlr.org/papers/v7/mukherjee06b.html}},
 number = {88},
 pages = {2481--2514},
 title = {Estimation of Gradients and Coordinate Covariation in Classification},
 volume = {7},
 year = {2006}
}

@article{mukherjee2006learning,
 author = {Mukherjee, Sayan and Zhou, Ding-Xuan},
 journal = {Journal of Machine Learning Research},
 note = {\url{http://jmlr.org/papers/v7/mukherjee06a.html}},
 number = {18},
 pages = {519--549},
 title = {Learning Coordinate Covariances via Gradients},
 volume = {7},
 year = {2006}
}

@article{munos2006geometric,
 author = {Munos, Rémi},
 journal = {Journal of Machine Learning Research},
 note = {\url{http://jmlr.org/papers/v7/munos06a.html}},
 number = {14},
 pages = {413--427},
 title = {Geometric Variance Reduction in Markov Chains: Application to Value Function and Gradient Estimation},
 volume = {7},
 year = {2006}
}

@article{munos2006policy,
 author = {Munos, Rémi},
 journal = {Journal of Machine Learning Research},
 note = {\url{http://jmlr.org/papers/v7/munos06b.html}},
 number = {27},
 pages = {771--791},
 title = {Policy Gradient in Continuous Time},
 volume = {7},
 year = {2006}
}

@article{niculescu2006bayesian,
 author = {Niculescu, Radu Stefan and Mitchell, Tom M. and Rao, R. Bharat},
 journal = {Journal of Machine Learning Research},
 note = {\url{http://jmlr.org/papers/v7/niculescu06a.html}},
 number = {50},
 pages = {1357--1383},
 title = {Bayesian Network Learning with Parameter Constraints},
 volume = {7},
 year = {2006}
}

@article{olsson2006linear,
 author = {Olsson, Rasmus Kongsgaard and Hansen, Lars Kai},
 journal = {Journal of Machine Learning Research},
 note = {\url{http://jmlr.org/papers/v7/olsson06a.html}},
 number = {92},
 pages = {2585--2602},
 title = {Linear State-Space Models for Blind Source Separation},
 volume = {7},
 year = {2006}
}

@article{passerini2006kernels,
 author = {Passerini, Andrea and Frasconi, Paolo and De Raedt, Luc},
 journal = {Journal of Machine Learning Research},
 note = {\url{http://jmlr.org/papers/v7/passerini06a.html}},
 number = {11},
 pages = {307--342},
 title = {Kernels on Prolog Proof Trees: Statistical Learning in the ILP Setting},
 volume = {7},
 year = {2006}
}

@article{peer2006minreg,
 author = {Pe'er, Dana and Tanay, Amos and Regev, Aviv},
 journal = {Journal of Machine Learning Research},
 note = {\url{http://jmlr.org/papers/v7/peer06a.html}},
 number = {7},
 pages = {167--189},
 title = {MinReg: A Scalable Algorithm for Learning Parsimonious Regulatory Networks in Yeast and Mammals},
 volume = {7},
 year = {2006}
}

@article{porta2006point,
 author = {Porta, Josep M. and Vlassis, Nikos and Spaan, Matthijs T.J. and Poupart, Pascal},
 journal = {Journal of Machine Learning Research},
 note = {\url{http://jmlr.org/papers/v7/porta06a.html}},
 number = {83},
 pages = {2329--2367},
 title = {Point-Based Value Iteration for Continuous POMDPs},
 volume = {7},
 year = {2006}
}

@article{raghavan2006active,
 author = {Raghavan, Hema and Madani, Omid and Jones, Rosie},
 journal = {Journal of Machine Learning Research},
 note = {\url{http://jmlr.org/papers/v7/raghavan06a.html}},
 number = {61},
 pages = {1655--1686},
 title = {Active Learning with Feedback on Features and Instances},
 volume = {7},
 year = {2006}
}

@article{ross2006learning,
 author = {Ross, David A. and Zemel, Richard S.},
 journal = {Journal of Machine Learning Research},
 note = {\url{http://jmlr.org/papers/v7/ross06a.html}},
 number = {84},
 pages = {2369--2397},
 title = {Learning Parts-Based Representations of Data},
 volume = {7},
 year = {2006}
}

@article{rousu2006kernel,
 author = {Rousu, Juho and Saunders, Craig and Szedmak, Sandor and Shawe-Taylor, John},
 journal = {Journal of Machine Learning Research},
 note = {\url{http://jmlr.org/papers/v7/rousu06a.html}},
 number = {59},
 pages = {1601--1626},
 title = {Kernel-Based Learning of Hierarchical Multilabel Classification Models},
 volume = {7},
 year = {2006}
}

@article{roverato2006graphical,
 author = {Roverato, Alberto and Studený, Milan},
 journal = {Journal of Machine Learning Research},
 note = {\url{http://jmlr.org/papers/v7/roverato06a.html}},
 number = {38},
 pages = {1045--1078},
 title = {A Graphical Representation of Equivalence Classes of AMP Chain Graphs},
 volume = {7},
 year = {2006}
}

@article{ryabko2006pattern,
 author = {Ryabko, Daniil},
 journal = {Journal of Machine Learning Research},
 note = {\url{http://jmlr.org/papers/v7/ryabko06a.html}},
 number = {23},
 pages = {645--664},
 title = {Pattern Recognition for Conditionally Independent Data},
 volume = {7},
 year = {2006}
}

@article{sahbi2006hierarchy,
 author = {Sahbi, Hichem and Geman, Donald},
 journal = {Journal of Machine Learning Research},
 note = {\url{http://jmlr.org/papers/v7/sahbi06a.html}},
 number = {75},
 pages = {2087--2123},
 title = {A Hierarchy of Support Vector Machines for Pattern Detection},
 volume = {7},
 year = {2006}
}

@article{scheinberg2006efficient,
 author = {Scheinberg, Katya},
 journal = {Journal of Machine Learning Research},
 note = {\url{http://jmlr.org/papers/v7/scheinberg06a.html}},
 number = {80},
 pages = {2237--2257},
 title = {An Efficient Implementation of an Active Set Method for SVMs},
 volume = {7},
 year = {2006}
}

@article{schmitt2006complexity,
 author = {Schmitt, Michael and Martignon, Laura},
 journal = {Journal of Machine Learning Research},
 note = {\url{http://jmlr.org/papers/v7/schmitt06a.html}},
 number = {3},
 pages = {55--83},
 title = {On the Complexity of Learning Lexicographic Strategies},
 volume = {7},
 year = {2006}
}

@article{schraudolph2006step,
 author = {Schraudolph, Nicol N. and Vishwanathan, S. V. N. and Smola, Alex J.},
 journal = {Journal of Machine Learning Research},
 note = {\url{http://jmlr.org/papers/v7/schraudolph06a.html}},
 number = {40},
 pages = {1107--1133},
 title = {Step Size Adaptation in Reproducing Kernel Hilbert Space},
 volume = {7},
 year = {2006}
}

@article{scott2006learning,
 author = {Scott, Clayton D. and Nowak, Robert D.},
 journal = {Journal of Machine Learning Research},
 note = {\url{http://jmlr.org/papers/v7/scott06a.html}},
 number = {24},
 pages = {665--704},
 title = {Learning Minimum Volume Sets},
 volume = {7},
 year = {2006}
}

@article{shalevshwartz2006efficient,
 author = {Shalev-Shwartz, Shai and Singer, Yoram},
 journal = {Journal of Machine Learning Research},
 note = {\url{http://jmlr.org/papers/v7/shalev-shwartz06a.html}},
 number = {58},
 pages = {1567--1599},
 title = {Efficient Learning of Label Ranking by Soft Projections onto Polyhedra},
 volume = {7},
 year = {2006}
}

@article{shimizu2006linear,
 author = {Shimizu, Shohei and Hoyer, Patrik O. and Hyvärinen, Aapo and Kerminen, Antti},
 journal = {Journal of Machine Learning Research},
 note = {\url{http://jmlr.org/papers/v7/shimizu06a.html}},
 number = {72},
 pages = {2003--2030},
 title = {A Linear Non-Gaussian Acyclic Model for Causal Discovery},
 volume = {7},
 year = {2006}
}

@article{shivaswamy2006second,
 author = {Shivaswamy, Pannagadatta K. and Bhattacharyya, Chiranjib and Smola, Alexander J.},
 journal = {Journal of Machine Learning Research},
 note = {\url{http://jmlr.org/papers/v7/shivaswamy06a.html}},
 number = {47},
 pages = {1283--1314},
 title = {Second Order Cone Programming Approaches for Handling Missing and Uncertain Data},
 volume = {7},
 year = {2006}
}

@article{silva2006learning,
 author = {Silva, Ricardo and Scheine, Richard and Glymour, Clark and Spirtes, Peter},
 journal = {Journal of Machine Learning Research},
 note = {\url{http://jmlr.org/papers/v7/silva06a.html}},
 number = {8},
 pages = {191--246},
 title = {Learning the Structure of Linear Latent Variable Models},
 volume = {7},
 year = {2006}
}

@article{singliar2006noisy,
 author = {Šingliar, Tomáš and Hauskrecht, Miloš},
 journal = {Journal of Machine Learning Research},
 note = {\url{http://jmlr.org/papers/v7/singliar06a.html}},
 number = {78},
 pages = {2189--2213},
 title = {Noisy-OR Component Analysis and its Application to Link Analysis},
 volume = {7},
 year = {2006}
}

@article{sonnenburg2006large,
 author = {Sören Sonnenburg and Rätsch, Gunnar and Schäfer, Christin and Schölkopf, Bernhard},
 journal = {Journal of Machine Learning Research},
 note = {\url{http://jmlr.org/papers/v7/sonnenburg06a.html}},
 number = {57},
 pages = {1531--1565},
 title = {Large Scale Multiple Kernel Learning},
 volume = {7},
 year = {2006}
}

@article{spratling2006learning,
 author = {Spratling, Michael W.},
 journal = {Journal of Machine Learning Research},
 note = {\url{http://jmlr.org/papers/v7/spratling06a.html}},
 number = {28},
 pages = {793--815},
 title = {Learning Image Components for Object Recognition},
 volume = {7},
 year = {2006}
}

@article{sugiyama2006active,
 author = {Sugiyama, Masashi},
 journal = {Journal of Machine Learning Research},
 note = {\url{http://jmlr.org/papers/v7/sugiyama06a.html}},
 number = {6},
 pages = {141--166},
 title = {Active Learning in Approximately Linear Regression Based on Conditional Expectation of Generalization Error},
 volume = {7},
 year = {2006}
}

@article{takeuchi2006nonparametric,
 author = {Takeuchi, Ichiro and Le, Quoc V. and Sears, Timothy D. and Smola, Alexander J.},
 journal = {Journal of Machine Learning Research},
 note = {\url{http://jmlr.org/papers/v7/takeuchi06a.html}},
 number = {45},
 pages = {1231--1264},
 title = {Nonparametric Quantile Estimation},
 volume = {7},
 year = {2006}
}

@article{taskar2006structured,
 author = {Taskar, Ben and Lacoste-Julien, Simon and Jordan, Michael I.},
 journal = {Journal of Machine Learning Research},
 note = {\url{http://jmlr.org/papers/v7/taskar06a.html}},
 number = {60},
 pages = {1627--1653},
 title = {Structured Prediction, Dual Extragradient and Bregman Projections},
 volume = {7},
 year = {2006}
}

@article{vert2006consistency,
 author = {Vert, Régis and Vert, Jean-Philippe},
 journal = {Journal of Machine Learning Research},
 note = {\url{http://jmlr.org/papers/v7/vert06a.html}},
 number = {29},
 pages = {817--854},
 title = {Consistency and Convergence Rates of One-Class SVMs and Related Algorithms},
 volume = {7},
 year = {2006}
}

@article{watanabe2006stochastic,
 author = {Watanabe, Kazuho and Watanabe, Sumio},
 journal = {Journal of Machine Learning Research},
 note = {\url{http://jmlr.org/papers/v7/watanabe06a.html}},
 number = {22},
 pages = {625--644},
 title = {Stochastic Complexities of Gaussian Mixtures in Variational Bayesian Approximation},
 volume = {7},
 year = {2006}
}

@article{whiteson2006evolutionary,
 author = {Whiteson, Shimon and Stone, Peter},
 journal = {Journal of Machine Learning Research},
 note = {\url{http://jmlr.org/papers/v7/whiteson06a.html}},
 number = {31},
 pages = {877--917},
 title = {Evolutionary Function Approximation for Reinforcement Learning},
 volume = {7},
 year = {2006}
}

@article{wright2006inferring,
 author = {Wright, Charles V. and Monrose, Fabian and Masson, Gerald M.},
 journal = {Journal of Machine Learning Research},
 note = {\url{http://jmlr.org/papers/v7/wright06a.html}},
 number = {100},
 pages = {2745--2769},
 title = {On Inferring Application Protocol Behaviors in Encrypted Network Traffic},
 volume = {7},
 year = {2006}
}

@article{wu2006direct,
 author = {Wu, Mingrui and Schölkopf, Bernhard and Bakir, Gökhan},
 journal = {Journal of Machine Learning Research},
 note = {\url{http://jmlr.org/papers/v7/wu06a.html}},
 number = {21},
 pages = {603--624},
 title = {A Direct Method for Building Sparse Kernel Learning Algorithms},
 volume = {7},
 year = {2006}
}

@article{yanover2006linear,
 author = {Yanover, Chen and Meltzer, Talya and Weiss, Yair},
 journal = {Journal of Machine Learning Research},
 note = {\url{http://jmlr.org/papers/v7/yanover06a.html}},
 number = {68},
 pages = {1887--1907},
 title = {Linear Programming Relaxations and Belief Propagation – An Empirical Study},
 volume = {7},
 year = {2006}
}

@article{ye2006computational,
 author = {Ye, Jieping and Xiong, Tao},
 journal = {Journal of Machine Learning Research},
 note = {\url{http://jmlr.org/papers/v7/ye06a.html}},
 number = {43},
 pages = {1183--1204},
 title = {Computational and Theoretical Analysis of Null Space and Orthogonal Linear Discriminant Analysis},
 volume = {7},
 year = {2006}
}

@article{zanni2006parallel,
 author = {Zanni, Luca and Serafini, Thomas and Zanghirati, Gaetano},
 journal = {Journal of Machine Learning Research},
 note = {\url{http://jmlr.org/papers/v7/zanni06a.html}},
 number = {54},
 pages = {1467--1492},
 title = {Parallel Software for Training Large Scale Support Vector Machines on Multiprocessor Systems},
 volume = {7},
 year = {2006}
}

@article{zhang2006ensemble,
 author = {Zhang, Yi and Burer, Samuel and Street, W. Nick},
 journal = {Journal of Machine Learning Research},
 note = {\url{http://jmlr.org/papers/v7/zhang06a.html}},
 number = {48},
 pages = {1315--1338},
 title = {Ensemble Pruning Via Semi-definite Programming},
 volume = {7},
 year = {2006}
}

@article{zhao2006model,
 author = {Zhao, Peng and Yu, Bin},
 journal = {Journal of Machine Learning Research},
 note = {\url{http://jmlr.org/papers/v7/zhao06a.html}},
 number = {90},
 pages = {2541--2563},
 title = {On Model Selection Consistency of Lasso},
 volume = {7},
 year = {2006}
}

@article{zhou2006streamwise,
 author = {Zhou, Jing and Foster, Dean P. and Stine, Robert A. and Ungar, Lyle H.},
 journal = {Journal of Machine Learning Research},
 note = {\url{http://jmlr.org/papers/v7/zhou06a.html}},
 number = {67},
 pages = {1861--1885},
 title = {Streamwise feature selection},
 volume = {7},
 year = {2006}
}
