@article{alaizrodriguez2007minimax,
  author = {Alaiz-Rodríguez, Rocío and Guerrero-Curieses, Alicia and Cid-Sueiro, Jesús},
  journal = {Journal of Machine Learning Research},
  note = {<http://jmlr.org/papers/v8/alaiz-rodriguez07a.html>},
  number = {4},
  openalex = {W2118443521},
  pages = {103–130},
  title = {Minimax Regret Classifier for Imprecise Class Distributions},
  volume = {8},
  year = {2007}
}

@article{arias2007learning,
  author = {Arias, Marta and Khardon, Roni and Maloberti, Jérôme},
  journal = {Journal of Machine Learning Research},
  note = {<http://jmlr.org/papers/v8/arias07a.html>},
  number = {20},
  openalex = {W2131102221},
  pages = {549–587},
  title = {Learning Horn Expressions with LOGAN-H},
  volume = {8},
  year = {2007}
}

@article{audibert2007combining,
  author = {Audibert, Jean-Yves and Bousquet, Olivier},
  journal = {Journal of Machine Learning Research},
  note = {<http://jmlr.org/papers/v8/audibert07a.html>},
  number = {32},
  openalex = {W2129278264},
  pages = {863–889},
  title = {Combining PAC-Bayesian and Generic Chaining Bounds},
  volume = {8},
  year = {2007}
}

@article{banerjee2007generalized,
  author = {Banerjee, Arindam and Dhillon, Inderjit and Ghosh, Joydeep and Merugu, Srujana and Modha, Dharmendra S.},
  journal = {Journal of Machine Learning Research},
  note = {<http://jmlr.org/papers/v8/banerjee07a.html>},
  number = {67},
  openalex = {W1929593512},
  pages = {1919–1986},
  title = {A Generalized Maximum Entropy Approach to Bregman Co-clustering and Matrix Approximation},
  volume = {8},
  year = {2007}
}

@article{bartlett2007adaboost,
  author = {Bartlett, Peter L. and Traskin, Mikhail},
  journal = {Journal of Machine Learning Research},
  note = {<http://jmlr.org/papers/v8/bartlett07b.html>},
  number = {78},
  openalex = {W2128808713},
  pages = {2347–2368},
  title = {AdaBoost is Consistent},
  volume = {8},
  year = {2007}
}

@article{bartlett2007sparseness,
  author = {Bartlett, Peter L. and Tewari, Ambuj},
  journal = {Journal of Machine Learning Research},
  note = {<http://jmlr.org/papers/v8/bartlett07a.html>},
  number = {28},
  pages = {775–790},
  title = {Sparseness vs Estimating Conditional Probabilities: Some Asymptotic Results},
  volume = {8},
  year = {2007}
}

@article{biehl2007dynamics,
  author = {Biehl, Michael and Ghosh, Anarta and Hammer, Barbara},
  journal = {Journal of Machine Learning Research},
  note = {<http://jmlr.org/papers/v8/biehl07a.html>},
  number = {13},
  openalex = {W2109834471},
  pages = {323–360},
  title = {Dynamics and Generalization Ability of LVQ Algorithms},
  volume = {8},
  year = {2007}
}

@article{blum2007from,
  author = {Blum, Avrim and Mansour, Yishay},
  journal = {Journal of Machine Learning Research},
  note = {<http://jmlr.org/papers/v8/blum07a.html>},
  number = {47},
  openalex = {W3021703980},
  pages = {1307–1324},
  title = {From External to Internal Regret},
  volume = {8},
  year = {2007}
}

@article{boulle2007compression,
  author = {Boullé, Marc},
  journal = {Journal of Machine Learning Research},
  note = {<http://jmlr.org/papers/v8/boulle07a.html>},
  number = {58},
  openalex = {W183657245},
  pages = {1659–1685},
  title = {Compression-Based Averaging of Selective Naive Bayes Classifiers},
  volume = {8},
  year = {2007}
}

@article{cardoso2007learning,
  author = {Cardoso, Jaime S. and Pinto da Costa, Joaquim F.},
  journal = {Journal of Machine Learning Research},
  note = {<http://jmlr.org/papers/v8/cardoso07a.html>},
  number = {50},
  openalex = {W2164939051},
  pages = {1393–1429},
  title = {Learning to Classify Ordinal Data: The Data Replication Method},
  volume = {8},
  year = {2007}
}

@article{cawley2007preventing,
  author = {Cawley, Gavin C. and Talbot, Nicola L. C.},
  journal = {Journal of Machine Learning Research},
  note = {<http://jmlr.org/papers/v8/cawley07a.html>},
  number = {31},
  openalex = {W2116882733},
  pages = {841–861},
  title = {Preventing Over-Fitting during Model Selection via Bayesian Regularisation of the Hyper-Parameters},
  volume = {8},
  year = {2007}
}

@article{chakrabartty2007gini,
  author = {Chakrabartty, Shantanu and Cauwenberghs, Gert},
  journal = {Journal of Machine Learning Research},
  note = {<http://jmlr.org/papers/v8/chakrabartty07a.html>},
  number = {30},
  openalex = {W1763059553},
  pages = {813–839},
  title = {Gini Support Vector Machine: Quadratic Entropy Based Robust Multi-Class Probability Regression},
  volume = {8},
  year = {2007}
}

@article{chariatis2007very,
  author = {Chariatis, Aggelos},
  journal = {Journal of Machine Learning Research},
  note = {<http://jmlr.org/papers/v8/chariatis07a.html>},
  number = {69},
  openalex = {W82708644},
  pages = {2017–2045},
  title = {Very Fast Online Learning of Highly Non Linear Problems},
  volume = {8},
  year = {2007}
}

@article{chhabra2007behavioral,
  author = {Chhabra, Manu and Jacobs, Robert A. and Štefankovič, Daniel},
  journal = {Journal of Machine Learning Research},
  note = {<http://jmlr.org/papers/v8/chhabra07a.html>},
  number = {64},
  openalex = {W2136058362},
  pages = {1835–1865},
  title = {Behavioral Shaping for Geometric Concepts},
  volume = {8},
  year = {2007}
}

@article{clark2007polynomial,
  author = {Clark, Alexander and Eyraud, Rémi},
  journal = {Journal of Machine Learning Research},
  note = {<http://jmlr.org/papers/v8/clark07a.html>},
  number = {60},
  openalex = {W2147152274},
  pages = {1725–1745},
  title = {Polynomial Identification in the Limit of Substitutable Context-free Languages},
  volume = {8},
  year = {2007}
}

@article{clemencon2007ranking,
  author = {Clémençon, Stéphane and Vayatis, Nicolas},
  journal = {Journal of Machine Learning Research},
  note = {<http://jmlr.org/papers/v8/clemencon07a.html>},
  number = {88},
  openalex = {W1581941705},
  pages = {2671–2699},
  title = {Ranking the Best Instances},
  volume = {8},
  year = {2007}
}

@article{dasgupta2007probabilistic,
  author = {Dasgupta, Sanjoy and Schulman, Leonard},
  journal = {Journal of Machine Learning Research},
  note = {<http://jmlr.org/papers/v8/dasgupta07a.html>},
  number = {7},
  openalex = {W2146758737},
  pages = {203–226},
  title = {A Probabilistic Analysis of EM for Mixtures of Separated, Spherical Gaussians},
  volume = {8},
  year = {2007}
}

@article{dekel2007online,
  author = {Dekel, Ofer and Long, Philip M. and Singer, Yoram},
  journal = {Journal of Machine Learning Research},
  note = {<http://jmlr.org/papers/v8/dekel07a.html>},
  number = {75},
  openalex = {W2145134605},
  pages = {2233–2264},
  title = {Online Learning of Multiple Tasks with a Shared Loss},
  volume = {8},
  year = {2007}
}

@article{dinuzzo2007representer,
  author = {Dinuzzo, Francesco and Neve, Marta and De Nicolao, Giuseppe and Gianazza, Ugo Pietro},
  journal = {Journal of Machine Learning Research},
  note = {<http://jmlr.org/papers/v8/dinuzzo07a.html>},
  number = {82},
  openalex = {W2151462928},
  pages = {2467–2495},
  title = {On the Representer Theorem and Equivalent Degrees of Freedom of SVR},
  volume = {8},
  year = {2007}
}

@article{dudik2007maximum,
  author = {Dudík, Miroslav and Phillips, Steven J. and Schapire, Robert E.},
  journal = {Journal of Machine Learning Research},
  note = {<http://jmlr.org/papers/v8/dudik07a.html>},
  number = {44},
  openalex = {W2158231134},
  pages = {1217–1260},
  title = {Maximum Entropy Density Estimation with Generalized Regularization and an Application to Species Distribution Modeling},
  volume = {8},
  year = {2007}
}

@article{dyrholm2007bilinear,
  author = {Dyrholm, Mads and Christoforou, Christoforos and Parra, Lucas C.},
  journal = {Journal of Machine Learning Research},
  note = {<http://jmlr.org/papers/v8/dyrholm07a.html>},
  number = {39},
  openalex = {W2156163061},
  pages = {1097–1111},
  title = {Bilinear Discriminant Component Analysis},
  volume = {8},
  year = {2007}
}

@article{elbaz2007separating,
  author = {Elbaz, Ariel and Lee, Homin K. and Servedio, Rocco A. and Wan, Andrew},
  journal = {Journal of Machine Learning Research},
  note = {<http://jmlr.org/papers/v8/elbaz07a.html>},
  number = {10},
  pages = {277–290},
  title = {Separating Models of Learning from Correlated and Uncorrelated Data},
  volume = {8},
  year = {2007}
}

@article{elidan2007ideal,
  author = {Elidan, Gal and Nachman, Iftach and Friedman, Nir},
  journal = {Journal of Machine Learning Research},
  note = {<http://jmlr.org/papers/v8/elidan07a.html>},
  number = {63},
  openalex = {W2113078405},
  pages = {1799–1833},
  title = {Ideal Parent Structure Learning for Continuous Variable Bayesian Networks},
  volume = {8},
  year = {2007}
}

@article{esmeir2007anytime,
  author = {Esmeir, Saher and Markovitch, Shaul},
  journal = {Journal of Machine Learning Research},
  note = {<http://jmlr.org/papers/v8/esmeir07a.html>},
  number = {33},
  openalex = {W2170849167},
  pages = {891–933},
  title = {Anytime Learning of Decision Trees},
  volume = {8},
  year = {2007}
}

@article{feldman2007on,
  author = {Feldman, Vitaly},
  journal = {Journal of Machine Learning Research},
  note = {<http://jmlr.org/papers/v8/feldman07a.html>},
  number = {51},
  openalex = {W2151654130},
  pages = {1431–1460},
  title = {On Attribute Efficient and Non-adaptive Learning of Parities and DNF Expressions},
  volume = {8},
  year = {2007}
}

@article{fukumizu2007statistical,
  author = {Fukumizu, Kenji and Bach, Francis R. and Gretton, Arthur},
  journal = {Journal of Machine Learning Research},
  note = {<http://jmlr.org/papers/v8/fukumizu07a.html>},
  number = {14},
  openalex = {W2156204103},
  pages = {361–383},
  title = {Statistical Consistency of Kernel Canonical Correlation Analysis},
  volume = {8},
  year = {2007}
}

@article{gabrilovich2007harnessing,
  author = {Gabrilovich, Evgeniy and Markovitch, Shaul},
  journal = {Journal of Machine Learning Research},
  note = {<http://jmlr.org/papers/v8/gabrilovich07a.html>},
  number = {77},
  openalex = {W2189067371},
  pages = {2297–2345},
  title = {Harnessing the Expertise of 70,000 Human Editors: Knowledge-Based Feature Generation for Text Categorization},
  volume = {8},
  year = {2007}
}

@article{gadat2007stochastic,
  author = {Gadat, Sébastien and Younes, Laurent},
  journal = {Journal of Machine Learning Research},
  note = {<http://jmlr.org/papers/v8/gadat07a.html>},
  number = {19},
  openalex = {W2146653490},
  pages = {509–547},
  title = {A Stochastic Algorithm for Feature Selection in Pattern Recognition},
  volume = {8},
  year = {2007}
}

@article{garciapedrajas2007nonlinear,
  author = {García-Pedrajas, Nicolás and García-Osorio, César and Fyfe, Colin},
  journal = {Journal of Machine Learning Research},
  note = {<http://jmlr.org/papers/v8/garcia-pedrajas07a.html>},
  number = {1},
  openalex = {W1499706286},
  pages = {1–33},
  title = {Nonlinear Boosting Projections for Ensemble Construction},
  volume = {8},
  year = {2007}
}

@article{ghavamzadeh2007hierarchical,
  author = {Ghavamzadeh, Mohammad and Mahadevan, Sridhar},
  journal = {Journal of Machine Learning Research},
  note = {<http://jmlr.org/papers/v8/ghavamzadeh07a.html>},
  number = {87},
  openalex = {W2143496582},
  pages = {2629–2669},
  title = {Hierarchical Average Reward Reinforcement Learning},
  volume = {8},
  year = {2007}
}

@article{globerson2007euclidean,
  author = {Globerson, Amir and Chechik, Gal and Pereira, Fernando and Tishby, Naftali},
  journal = {Journal of Machine Learning Research},
  note = {<http://jmlr.org/papers/v8/globerson07a.html>},
  number = {76},
  openalex = {W2096814070},
  pages = {2265–2295},
  title = {Euclidean Embedding of Co-occurrence Data},
  volume = {8},
  year = {2007}
}

@article{gomez2007truncating,
  author = {Gómez, Vicenç and Mooij, Joris M. and Kappen, Hilbert J.},
  journal = {Journal of Machine Learning Research},
  note = {<http://jmlr.org/papers/v8/gomez07a.html>},
  number = {68},
  openalex = {W1617577371},
  pages = {1987–2016},
  title = {Truncating the Loop Series Expansion for Belief Propagation},
  volume = {8},
  year = {2007}
}

@article{grauman2007pyramid,
  author = {Grauman, Kristen and Darrell, Trevor},
  journal = {Journal of Machine Learning Research},
  note = {<http://jmlr.org/papers/v8/grauman07a.html>},
  number = {26},
  openalex = {W2435338979},
  pages = {725–760},
  title = {The Pyramid Match Kernel: Efficient Learning with Sets of Features},
  volume = {8},
  year = {2007}
}

@article{guenter2007fast,
  author = {Günter, Simon and Schraudolph, Nicol N. and Vishwanathan, S. V. N.},
  journal = {Journal of Machine Learning Research},
  note = {<http://jmlr.org/papers/v8/guenter07a.html>},
  number = {66},
  openalex = {W2162457093},
  pages = {1893–1918},
  title = {Fast Iterative Kernel Principal Component Analysis},
  volume = {8},
  year = {2007}
}

@article{guermeur2007vc,
  author = {Guermeur, Yann},
  journal = {Journal of Machine Learning Research},
  note = {<http://jmlr.org/papers/v8/guermeur07a.html>},
  number = {85},
  openalex = {W3000669664},
  pages = {2551–2594},
  title = {VC theory of large margin multi-category classifiers},
  volume = {8},
  year = {2007}
}

@article{gyoergy2007on,
  author = {György, András and Linder, Tamás and Lugosi, Gábor and Ottucsák, György},
  journal = {Journal of Machine Learning Research},
  note = {<http://jmlr.org/papers/v8/gyoergy07a.html>},
  number = {79},
  openalex = {W2138637686},
  pages = {2369–2403},
  title = {The On-Line Shortest Path Problem Under Partial Monitoring},
  volume = {8},
  year = {2007}
}

@article{hamsici2007spherical,
  author = {Hamsici, Onur C. and Martinez, Aleix M.},
  journal = {Journal of Machine Learning Research},
  note = {<http://jmlr.org/papers/v8/hamsici07a.html>},
  number = {56},
  openalex = {W1688775013},
  pages = {1583–1623},
  title = {Spherical-Homoscedastic Distributions: The Equivalency of Spherical and Normal Distributions in Classification},
  volume = {8},
  year = {2007}
}

@article{hein2007graph,
  author = {Hein, Matthias and Audibert, Jean-Yves and von Luxburg, Ulrike},
  journal = {Journal of Machine Learning Research},
  note = {<http://jmlr.org/papers/v8/hein07a.html>},
  number = {48},
  openalex = {W2143420533},
  pages = {1325–1368},
  title = {Graph Laplacians and their Convergence on Random Neighborhood Graphs},
  volume = {8},
  year = {2007}
}

@article{hickey2007structure,
  author = {Hickey, Ray J.},
  journal = {Journal of Machine Learning Research},
  note = {<http://jmlr.org/papers/v8/hickey07a.html>},
  number = {61},
  openalex = {W2163367668},
  pages = {1747–1768},
  title = {Structure and Majority Classes in Decision Tree Learning},
  volume = {8},
  year = {2007}
}

@article{hue2007new,
  author = {Hue, Carine and Boullé, Marc},
  journal = {Journal of Machine Learning Research},
  note = {<http://jmlr.org/papers/v8/hue07a.html>},
  number = {90},
  openalex = {W2168497902},
  pages = {2727–2754},
  title = {A New Probabilistic Approach in Rank Regression with Optimal Bayesian Partitioning},
  volume = {8},
  year = {2007}
}

@article{hussain2007revised,
  author = {Hussain, Zakria and Laviolette, François and Marchand, Mario and Shawe-Taylor, John and Brubaker, Spencer Charles and Mullin, Matthew D.},
  journal = {Journal of Machine Learning Research},
  note = {<http://jmlr.org/papers/v8/hussain07a.html>},
  number = {84},
  openalex = {W2115640122},
  pages = {2533–2549},
  title = {Revised Loss Bounds for the Set Covering Machine and Sample-Compression Loss Bounds for Imbalanced Data},
  volume = {8},
  year = {2007}
}

@article{johnson2007effectiveness,
  author = {Johnson, Rie and Zhang, Tong},
  journal = {Journal of Machine Learning Research},
  note = {<http://jmlr.org/papers/v8/johnson07a.html>},
  number = {53},
  openalex = {W2113666837},
  pages = {1489–1517},
  title = {On the Effectiveness of Laplacian Normalization for Graph Semi-supervised Learning},
  volume = {8},
  year = {2007}
}

@article{kalisch2007estimating,
  author = {Kalisch, Markus and Bühlmann, Peter},
  journal = {Journal of Machine Learning Research},
  note = {<http://jmlr.org/papers/v8/kalisch07a.html>},
  number = {22},
  openalex = {W2155573334},
  pages = {613–636},
  title = {Estimating high-dimensional directed acyclic graphs with the PC-algorithm},
  volume = {8},
  year = {2007}
}

@article{khardon2007noise,
  author = {Khardon, Roni and Wachman, Gabriel},
  journal = {Journal of Machine Learning Research},
  note = {<http://jmlr.org/papers/v8/khardon07a.html>},
  number = {8},
  openalex = {W2135606414},
  pages = {227–248},
  title = {Noise Tolerant Variants of the Perceptron Algorithm},
  volume = {8},
  year = {2007}
}

@article{koh2007interior,
  author = {Koh, Kwangmoo and Kim, Seung-Jean and Boyd, Stephen},
  journal = {Journal of Machine Learning Research},
  note = {<http://jmlr.org/papers/v8/koh07a.html>},
  number = {54},
  openalex = {W2027197817},
  pages = {1519–1555},
  title = {An Interior-Point Method for Large-Scale l1-Regularized Logistic Regression},
  volume = {8},
  year = {2007}
}

@article{kolter2007dynamic,
  author = {Kolter, J. Zico and Maloof, Marcus A.},
  journal = {Journal of Machine Learning Research},
  note = {<http://jmlr.org/papers/v8/kolter07a.html>},
  number = {91},
  openalex = {W2171809276},
  pages = {2755–2790},
  title = {Dynamic Weighted Majority: An Ensemble Method for Drifting Concepts},
  volume = {8},
  year = {2007}
}

@article{koppel2007measuring,
  author = {Koppel, Moshe and Schler, Jonathan and Bonchek-Dokow, Elisheva},
  journal = {Journal of Machine Learning Research},
  note = {<http://jmlr.org/papers/v8/koppel07a.html>},
  number = {45},
  openalex = {W2164873076},
  pages = {1261–1276},
  title = {Measuring Differentiability: Unmasking Pseudonymous Authors},
  volume = {8},
  year = {2007}
}

@article{kuzmin2007unlabeled,
  author = {Kuzmin, Dima and Warmuth, Manfred K.},
  journal = {Journal of Machine Learning Research},
  note = {<http://jmlr.org/papers/v8/kuzmin07a.html>},
  number = {70},
  openalex = {W1499660792},
  pages = {2047–2081},
  title = {Unlabeled Compression Schemes for Maximum Classes},
  volume = {8},
  year = {2007}
}

@article{landwehr2007integrating,
  author = {Landwehr, Niels and Kersting, Kristian and De Raedt, Luc},
  journal = {Journal of Machine Learning Research},
  note = {<http://jmlr.org/papers/v8/landwehr07a.html>},
  number = {18},
  openalex = {W2105622872},
  pages = {481–507},
  title = {Integrating Naïve Bayes and FOIL},
  volume = {8},
  year = {2007}
}

@article{laviolette2007pac,
  author = {Laviolette, François and Marchand, Mario},
  journal = {Journal of Machine Learning Research},
  note = {<http://jmlr.org/papers/v8/laviolette07a.html>},
  number = {52},
  openalex = {W1576638180},
  pages = {1461–1487},
  title = {PAC-Bayes Risk Bounds for Stochastic Averages and Majority Votes of Sample-Compressed Classifiers},
  volume = {8},
  year = {2007}
}

@article{lebanon2007locally,
  author = {Lebanon, Guy and Mao, Yi and Dillon, Joshua},
  journal = {Journal of Machine Learning Research},
  note = {<http://jmlr.org/papers/v8/lebanon07a.html>},
  number = {80},
  openalex = {W2293656538},
  pages = {2405–2441},
  title = {The Locally Weighted Bag of Words Framework for Document Representation},
  volume = {8},
  year = {2007}
}

@article{li2007nonlinear,
  author = {Li, Ping and Hastie, Trevor J. and Church, Kenneth W.},
  journal = {Journal of Machine Learning Research},
  note = {<http://jmlr.org/papers/v8/li07b.html>},
  number = {83},
  openalex = {W1551441240},
  pages = {2497–2532},
  title = {Nonlinear Estimators and Tail Bounds for Dimension Reduction in l 1 Using Cauchy Random Projections},
  volume = {8},
  year = {2007}
}

@article{li2007nonparametric,
  author = {Li, Jia and Ray, Surajit and Lindsay, Bruce G.},
  journal = {Journal of Machine Learning Research},
  note = {<http://jmlr.org/papers/v8/li07a.html>},
  number = {59},
  openalex = {W2161457086},
  pages = {1687–1723},
  title = {A Nonparametric Statistical Approach to Clustering via Mode Identification},
  volume = {8},
  year = {2007}
}

@article{list2007general,
  author = {List, Nikolas and Simon, Hans Ulrich},
  journal = {Journal of Machine Learning Research},
  note = {<http://jmlr.org/papers/v8/list07a.html>},
  number = {12},
  openalex = {W2139526185},
  pages = {303–321},
  title = {General Polynomial Time Decomposition Algorithms},
  volume = {8},
  year = {2007}
}

@article{liu2007local,
  author = {Liu, Chao-Chun and Dai, Dao-Qing and Yan, Hong},
  journal = {Journal of Machine Learning Research},
  note = {<http://jmlr.org/papers/v8/liu07a.html>},
  number = {42},
  openalex = {W2127300676},
  pages = {1165–1195},
  title = {Local Discriminant Wavelet Packet Coordinates for Face Recognition},
  volume = {8},
  year = {2007}
}

@article{loog2007comments,
  author = {Loog, Marco},
  journal = {Journal of Machine Learning Research},
  note = {<http://jmlr.org/papers/v8/loog07a.html>},
  number = {72},
  pages = {2121–2123},
  title = {Comments on the Complete Characterization of a Family of Solutions to a Generalized Fisher Criterion},
  volume = {8},
  year = {2007}
}

@article{loosli2007comments,
  author = {Loosli, Gaëlle and Canu, Stéphane},
  journal = {Journal of Machine Learning Research},
  note = {<http://jmlr.org/papers/v8/loosli07a.html>},
  number = {11},
  openalex = {W2120286392},
  pages = {291–301},
  title = {Comments on the Core Vector Machines: Fast SVM Training on Very Large Data Sets},
  volume = {8},
  year = {2007}
}

@article{macskassy2007classification,
  author = {Macskassy, Sofus A. and Provost, Foster},
  journal = {Journal of Machine Learning Research},
  note = {<http://jmlr.org/papers/v8/macskassy07a.html>},
  number = {34},
  openalex = {W2137253512},
  pages = {935–983},
  title = {Classification in Networked Data: A Toolkit and a Univariate Case Study},
  volume = {8},
  year = {2007}
}

@article{mahadevan2007proto,
  author = {Mahadevan, Sridhar and Maggioni, Mauro},
  journal = {Journal of Machine Learning Research},
  note = {<http://jmlr.org/papers/v8/mahadevan07a.html>},
  number = {74},
  openalex = {W2161795906},
  pages = {2169–2231},
  title = {Proto-value Functions: A Laplacian Framework for Learning Representation and Control in Markov Decision Processes},
  volume = {8},
  year = {2007}
}

@article{mease2007boosted,
  author = {Mease, David and Wyner, Abraham J. and Buja, Andreas},
  journal = {Journal of Machine Learning Research},
  note = {<http://jmlr.org/papers/v8/mease07a.html>},
  number = {16},
  openalex = {W2163667253},
  pages = {409–439},
  title = {Boosted Classification Trees and Class Probability/Quantile Estimation},
  volume = {8},
  year = {2007}
}

@article{melnik2007concave,
  author = {Melnik, Ofer and Vardi, Yehuda and Zhang, Cun-Hui},
  journal = {Journal of Machine Learning Research},
  note = {<http://jmlr.org/papers/v8/melnik07a.html>},
  number = {29},
  openalex = {W2129942152},
  pages = {791–812},
  title = {Concave Learners for Rankboost},
  volume = {8},
  year = {2007}
}

@article{melvin2007multi,
  author = {Melvin, Iain and Ie, Eugene and Weston, Jason and Noble, William Stafford and Leslie, Christina},
  journal = {Journal of Machine Learning Research},
  note = {<http://jmlr.org/papers/v8/melvin07a.html>},
  number = {55},
  openalex = {W2117806412},
  pages = {1557–1581},
  title = {Multi-class Protein Classification Using Adaptive Codes},
  volume = {8},
  year = {2007}
}

@article{mooij2007loop,
  author = {Mooij, Joris M. and Kappen, Hilbert J.},
  journal = {Journal of Machine Learning Research},
  note = {<http://jmlr.org/papers/v8/mooij07a.html>},
  number = {40},
  openalex = {W2147225006},
  pages = {1113–1143},
  title = {Loop Corrections for Approximate Inference on Factor Graphs},
  volume = {8},
  year = {2007}
}

@article{neville2007relational,
  author = {Neville, Jennifer and Jensen, David},
  journal = {Journal of Machine Learning Research},
  note = {<http://jmlr.org/papers/v8/neville07a.html>},
  number = {24},
  openalex = {W2101705355},
  pages = {653–692},
  title = {Relational Dependency Networks},
  volume = {8},
  year = {2007}
}

@article{nilsson2007consistent,
  author = {Nilsson, Roland and Peña, José M. and Björkegren, Johan and Tegnér, Jesper},
  journal = {Journal of Machine Learning Research},
  note = {<http://jmlr.org/papers/v8/nilsson07a.html>},
  number = {21},
  openalex = {W2097176879},
  pages = {589–612},
  title = {Consistent Feature Selection for Pattern Recognition in Polynomial Time},
  volume = {8},
  year = {2007}
}

@article{nunez2007learning,
  author = {Núñez, Marlon and Fidalgo, Raúl and Morales, Rafael},
  journal = {Journal of Machine Learning Research},
  note = {<http://jmlr.org/papers/v8/nunez07a.html>},
  number = {86},
  openalex = {W2150207545},
  pages = {2595–2628},
  title = {Learning in Environments with Unknown Dynamics: Towards more Robust Concept Learners},
  volume = {8},
  year = {2007}
}

@article{osadchy2007synergistic,
  author = {Osadchy, Margarita and Le Cun, Yann and Miller, Matthew L.},
  journal = {Journal of Machine Learning Research},
  note = {<http://jmlr.org/papers/v8/osadchy07a.html>},
  number = {43},
  openalex = {W2616465717},
  pages = {1197–1215},
  title = {Synergistic Face Detection and Pose Estimation with Energy-Based Models},
  volume = {8},
  year = {2007}
}

@article{owen2007infinitely,
  author = {Owen, Art B.},
  journal = {Journal of Machine Learning Research},
  note = {<http://jmlr.org/papers/v8/owen07a.html>},
  number = {27},
  openalex = {W2157279934},
  pages = {761–773},
  title = {Infinitely Imbalanced Logistic Regression},
  volume = {8},
  year = {2007}
}

@article{pan2007penalized,
  author = {Pan, Wei and Shen, Xiaotong},
  journal = {Journal of Machine Learning Research},
  note = {<http://jmlr.org/papers/v8/pan07a.html>},
  number = {41},
  openalex = {W2108435369},
  pages = {1145–1164},
  title = {Penalized Model-Based Clustering with Application to Variable Selection},
  volume = {8},
  year = {2007}
}

@article{pillai2007characterizing,
  author = {Pillai, Natesh S. and Wu, Qiang and Liang, Feng and Mukherjee, Sayan and Wolpert, Robert L.},
  journal = {Journal of Machine Learning Research},
  note = {<http://jmlr.org/papers/v8/pillai07a.html>},
  number = {62},
  openalex = {W2164262940},
  pages = {1769–1797},
  title = {Characterizing the Function Space for Bayesian Kernel Models},
  volume = {8},
  year = {2007}
}

@article{raiko2007building,
  author = {Raiko, Tapani and Valpola, Harri and Harva, Markus and Karhunen, Juha},
  journal = {Journal of Machine Learning Research},
  note = {<http://jmlr.org/papers/v8/raiko07a.html>},
  number = {6},
  openalex = {W2132798771},
  pages = {155–201},
  title = {Building Blocks for Variational Bayesian Learning of Latent Variable Models},
  volume = {8},
  year = {2007}
}

@article{reisert2007learning,
  author = {Reisert, Marco and Burkhardt, Hans},
  journal = {Journal of Machine Learning Research},
  note = {<http://jmlr.org/papers/v8/reisert07a.html>},
  number = {15},
  openalex = {W2101371964},
  pages = {385–408},
  title = {Learning Equivariant Functions with Matrix Valued Kernels},
  volume = {8},
  year = {2007}
}

@article{rifkin2007value,
  author = {Rifkin, Ryan M. and Lippert, Ross A.},
  journal = {Journal of Machine Learning Research},
  note = {<http://jmlr.org/papers/v8/rifkin07a.html>},
  number = {17},
  openalex = {W2105180921},
  pages = {441–479},
  title = {Value Regularization and Fenchel Duality},
  volume = {8},
  year = {2007}
}

@article{rigollet2007generalization,
  author = {Rigollet, Philippe},
  journal = {Journal of Machine Learning Research},
  note = {<http://jmlr.org/papers/v8/rigollet07a.html>},
  number = {49},
  openalex = {W2184987264},
  pages = {1369–1392},
  title = {Generalization error bounds in semi-supervised classification under the cluster assumption},
  volume = {8},
  year = {2007}
}

@article{saartsechansky2007handling,
  author = {Saar-Tsechansky, Maytal and Provost, Foster},
  journal = {Journal of Machine Learning Research},
  note = {<http://jmlr.org/papers/v8/saar-tsechansky07a.html>},
  number = {57},
  openalex = {W2123170466},
  pages = {1623–1657},
  title = {Handling Missing Values when Applying Classification Models},
  volume = {8},
  year = {2007}
}

@article{sonnenburg2007need,
  author = {Sonnenburg, Sören and Braun, Mikio L. and Ong, Cheng Soon and Bengio, Samy and Bottou, Leon and Holmes, Geoffrey and LeCun, Yann and Müller, Klaus-Robert and Pereira, Fernando and Rasmussen, Carl Edward and Rätsch, Gunnar and Schölkopf, Bernhard and Smola, Alexander and Vincent, Pascal and Weston, Jason and Williamson, Robert},
  journal = {Journal of Machine Learning Research},
  note = {<http://jmlr.org/papers/v8/sonnenburg07a.html>},
  number = {81},
  openalex = {W2114690085},
  pages = {2443–2466},
  title = {The Need for Open Source Software in Machine Learning},
  volume = {8},
  year = {2007}
}

@article{srivastava2007bayesian,
  author = {Srivastava, Santosh and Gupta, Maya R. and Frigyik, Béla A.},
  journal = {Journal of Machine Learning Research},
  note = {<http://jmlr.org/papers/v8/srivastava07a.html>},
  number = {46},
  pages = {1277–1305},
  title = {Bayesian Quadratic Discriminant Analysis},
  volume = {8},
  year = {2007}
}

@article{sugiyama2007covariate,
  author = {Sugiyama, Masashi and Krauledat, Matthias and Müller, Klaus-Robert},
  journal = {Journal of Machine Learning Research},
  note = {<http://jmlr.org/papers/v8/sugiyama07a.html>},
  number = {35},
  openalex = {W189742998},
  pages = {985–1005},
  title = {Covariate Shift Adaptation by Importance Weighted Cross Validation},
  volume = {8},
  year = {2007}
}

@article{sugiyama2007dimensionality,
  author = {Sugiyama, Masashi},
  journal = {Journal of Machine Learning Research},
  note = {<http://jmlr.org/papers/v8/sugiyama07b.html>},
  number = {37},
  openalex = {W2109531142},
  pages = {1027–1061},
  title = {Dimensionality Reduction of Multimodal Labeled Data by Local Fisher Discriminant Analysis},
  volume = {8},
  year = {2007}
}

@article{sutton2007dynamic,
  author = {Sutton, Charles and McCallum, Andrew and Rohanimanesh, Khashayar},
  journal = {Journal of Machine Learning Research},
  note = {<http://jmlr.org/papers/v8/sutton07a.html>},
  number = {25},
  openalex = {W2152463966},
  pages = {693–723},
  title = {Dynamic Conditional Random Fields: Factorized Probabilistic Models for Labeling and Segmenting Sequence Data},
  volume = {8},
  year = {2007}
}

@article{szabo2007undercomplete,
  author = {Szabó, Zoltán and Póczos, Barnabás and Lőrincz, András},
  journal = {Journal of Machine Learning Research},
  note = {<http://jmlr.org/papers/v8/szabo07a.html>},
  number = {38},
  openalex = {W1931147640},
  pages = {1063–1095},
  title = {Undercomplete Blind Subspace Deconvolution},
  volume = {8},
  year = {2007}
}

@article{tatti2007distances,
  author = {Tatti, Nikolaj},
  journal = {Journal of Machine Learning Research},
  note = {<http://jmlr.org/papers/v8/tatti07a.html>},
  number = {5},
  openalex = {W2137617983},
  pages = {131–154},
  title = {Distances between Data Sets Based on Summary Statistics},
  volume = {8},
  year = {2007}
}

@article{taylor2007transfer,
  author = {Taylor, Matthew E. and Stone, Peter and Liu, Yaxin},
  journal = {Journal of Machine Learning Research},
  note = {<http://jmlr.org/papers/v8/taylor07a.html>},
  number = {73},
  openalex = {W2133040789},
  pages = {2125–2167},
  title = {Transfer Learning via Inter-Task Mappings for Temporal Difference Learning},
  volume = {8},
  year = {2007}
}

@article{teboulle2007unified,
  author = {Teboulle, Marc},
  journal = {Journal of Machine Learning Research},
  note = {<http://jmlr.org/papers/v8/teboulle07a.html>},
  number = {3},
  openalex = {W2137340484},
  pages = {65–102},
  title = {A Unified Continuous Optimization Framework for Center-Based Clustering Methods},
  volume = {8},
  year = {2007}
}

@article{tewari2007consistency,
  author = {Tewari, Ambuj and Bartlett, Peter L.},
  journal = {Journal of Machine Learning Research},
  note = {<http://jmlr.org/papers/v8/tewari07a.html>},
  number = {36},
  openalex = {W1480538416},
  pages = {1007–1025},
  title = {On the Consistency of Multiclass Classification Methods},
  volume = {8},
  year = {2007}
}

@article{tibshirani2007margin,
  author = {Tibshirani, Robert and Hastie, Trevor},
  journal = {Journal of Machine Learning Research},
  note = {<http://jmlr.org/papers/v8/tibshirani07a.html>},
  number = {23},
  openalex = {W2785884112},
  pages = {637–652},
  title = {Margin Trees for High-dimensional Classification},
  volume = {8},
  year = {2007}
}

@article{wang2007large,
  author = {Wang, Junhui and Shen, Xiaotong},
  journal = {Journal of Machine Learning Research},
  note = {<http://jmlr.org/papers/v8/wang07a.html>},
  number = {65},
  openalex = {W2158522957},
  pages = {1867–1891},
  title = {Large Margin Semi-supervised Learning},
  volume = {8},
  year = {2007}
}

@article{xu2007refinable,
  author = {Xu, Yuesheng and Zhang, Haizhang},
  journal = {Journal of Machine Learning Research},
  note = {<http://jmlr.org/papers/v8/xu07a.html>},
  number = {71},
  openalex = {W2911995997},
  pages = {2083–2120},
  title = {Refinable Kernels},
  volume = {8},
  year = {2007}
}

@article{xue2007multi,
  author = {Xue, Ya and Liao, Xuejun and Carin, Lawrence and Krishnapuram, Balaji},
  journal = {Journal of Machine Learning Research},
  note = {<http://jmlr.org/papers/v8/xue07a.html>},
  number = {2},
  openalex = {W2131479143},
  pages = {35–63},
  title = {Multi-Task Learning for Classification with Dirichlet Process Priors},
  volume = {8},
  year = {2007}
}

@article{ying2007learnability,
  author = {Ying, Yiming and Zhou, Ding-Xuan},
  journal = {Journal of Machine Learning Research},
  note = {<http://jmlr.org/papers/v8/ying07a.html>},
  number = {9},
  openalex = {W2128345262},
  pages = {249–276},
  title = {Learnability of Gaussians with Flexible Variances},
  volume = {8},
  year = {2007}
}

@article{zhao2007stagewise,
  author = {Zhao, Peng and Yu, Bin},
  journal = {Journal of Machine Learning Research},
  note = {<http://jmlr.org/papers/v8/zhao07a.html>},
  number = {89},
  openalex = {W2913088541},
  pages = {2701–2726},
  title = {Stagewise Lasso},
  volume = {8},
  year = {2007}
}
