@article{airoldi2008mixed,
  author = {Airoldi, Edoardo M. and Blei, David M. and Fienberg, Stephen E. and Xing, Eric P.},
  journal = {Journal of Machine Learning Research},
  note = {\url{http://jmlr.org/papers/v9/airoldi08a.html}},
  number = {65},
  openalex = {W2107107106},
  pages = {1981--2014},
  title = {Mixed Membership Stochastic Blockmodels.},
  volume = {9},
  year = {2008}
}

@article{amit2008online,
  author = {Amit, Yonatan and Shalev‐Shwartz, Shai and Singer, Yoram},
  journal = {Journal of Machine Learning Research},
  note = {\url{http://jmlr.org/papers/v9/amit08a.html}},
  number = {46},
  openalex = {W2108203280},
  pages = {1399--1435},
  title = {Online Learning of Complex Prediction Problems Using Simultaneous Projections},
  volume = {9},
  year = {2008}
}

@article{aspremont2008optimal,
  author = {d’Aspremont, Alexandre and Bach, Francis and Ghaoui, Laurent El},
  journal = {Journal of Machine Learning Research},
  note = {\url{http://jmlr.org/papers/v9/aspremont08a.html}},
  number = {42},
  openalex = {W2144629557},
  pages = {1269--1294},
  title = {Optimal Solutions for Sparse Principal Component Analysis},
  volume = {9},
  year = {2008}
}

@article{bab2008multi,
  author = {Bab, Avraham and Brafman, Ronen I.},
  journal = {Journal of Machine Learning Research},
  note = {\url{http://jmlr.org/papers/v9/bab08a.html}},
  number = {88},
  openalex = {W2136934807},
  pages = {2635--2675},
  title = {Multi-Agent Reinforcement Learning in Common Interest and Fixed Sum Stochastic Games: An Experimental Study},
  volume = {9},
  year = {2008}
}

@article{bach2008consistencya,
  author = {Bach, Francis},
  journal = {Journal of Machine Learning Research},
  note = {\url{http://jmlr.org/papers/v9/bach08a.html}},
  number = {35},
  openalex = {W2171151752},
  pages = {1019--1048},
  title = {Consistency of trace norm minimization},
  volume = {9},
  year = {2008}
}

@article{bach2008consistencyb,
  author = {Bach, Francis},
  journal = {Journal of Machine Learning Research},
  note = {\url{http://jmlr.org/papers/v9/bach08b.html}},
  number = {40},
  openalex = {W2108198948},
  pages = {1179--1225},
  title = {Consistency of the group Lasso and multiple kernel learning},
  volume = {9},
  year = {2008}
}

@article{balakrishnan2008algorithms,
  author = {Balakrishnan, Suhrid and Madigan, David},
  journal = {Journal of Machine Learning Research},
  note = {\url{http://jmlr.org/papers/v9/balakrishnan08a.html}},
  number = {10},
  openalex = {W2156459512},
  pages = {313--337},
  title = {Algorithms for Sparse Linear Classifiers in the Massive Data Setting},
  volume = {9},
  year = {2008}
}

@article{banerjee2008model,
  author = {Banerjee, Onureena and Ghaoui, Laurent El and d’Aspremont, Alexandre},
  journal = {Journal of Machine Learning Research},
  note = {\url{http://jmlr.org/papers/v9/banerjee08a.html}},
  number = {15},
  openalex = {W2151128232},
  pages = {485--516},
  title = {Model Selection Through Sparse Maximum Likelihood Estimation for Multivariate Gaussian or Binary Data},
  volume = {9},
  year = {2008}
}

@article{bartlett2008classification,
  author = {Bartlett, Peter L. and Wegkamp, Marten},
  journal = {Journal of Machine Learning Research},
  note = {\url{http://jmlr.org/papers/v9/bartlett08a.html}},
  number = {59},
  openalex = {W2161813894},
  pages = {1823--1840},
  title = {Classification with a Reject Option using a Hinge Loss},
  volume = {9},
  year = {2008}
}

@article{bax2008error,
  author = {Bax, Eric and Callejas, Augusto},
  journal = {Journal of Machine Learning Research},
  note = {\url{http://jmlr.org/papers/v9/bax08a.html}},
  number = {28},
  openalex = {W2145555616},
  pages = {859--891},
  title = {An Error Bound Based on a Worst Likely Assignment},
  volume = {9},
  year = {2008}
}

@article{bax2008nearly,
  author = {Bax, Eric},
  journal = {Journal of Machine Learning Research},
  note = {\url{http://jmlr.org/papers/v9/bax08b.html}},
  number = {56},
  openalex = {W2144289820},
  pages = {1741--1755},
  title = {Nearly Uniform Validation Improves Compression-Based Error Bounds},
  volume = {9},
  year = {2008}
}

@article{becerrabonache2008learning,
  author = {Becerra-Bonache, Leonor and de la Higuera, Colin and Janodet, Jean-Christophe and Tantini, Frédéric},
  journal = {Journal of Machine Learning Research},
  note = {\url{http://jmlr.org/papers/v9/becerra-bonache08a.html}},
  number = {60},
  pages = {1841--1870},
  title = {Learning Balls of Strings from Edit Corrections},
  volume = {9},
  year = {2008}
}

@article{biau2008consistency,
  author = {Biau, Gérard and Devroye, Luc and Lugosi, Gábor},
  journal = {Journal of Machine Learning Research},
  note = {\url{http://jmlr.org/papers/v9/biau08a.html}},
  number = {66},
  openalex = {W2149446614},
  pages = {2015--2033},
  title = {Consistency of random forests and other averaging classifiers},
  volume = {9},
  year = {2008}
}

@article{braun2008relevant,
  author = {Braun, Mikio L. and Buhmann, Joachim M. and Müller, Klaus‐Robert},
  journal = {Journal of Machine Learning Research},
  note = {\url{http://jmlr.org/papers/v9/braun08a.html}},
  number = {62},
  openalex = {W2158413235},
  pages = {1875--1908},
  title = {On Relevant Dimensions in Kernel Feature Spaces},
  volume = {9},
  year = {2008}
}

@article{campsvalls2008suitable,
  author = {Camps-Valls, Gustavo and Gutiérrez, Juan and Gómez-Pérez, Gabriel and Malo, Jesús},
  journal = {Journal of Machine Learning Research},
  note = {\url{http://jmlr.org/papers/v9/camps-valls08a.html}},
  number = {3},
  pages = {49--66},
  title = {On the Suitable Domain for SVM Training in Image Coding},
  volume = {9},
  year = {2008}
}

@article{caponnetto2008universal,
  author = {Caponnetto, Andrea and Micchelli, Charles A. and Pontil, Massimiliano and Ying, Yiming},
  journal = {Journal of Machine Learning Research},
  note = {\url{http://jmlr.org/papers/v9/caponnetto08a.html}},
  number = {52},
  openalex = {W2099693464},
  pages = {1615--1646},
  title = {Universal Multi-Task Kernels},
  volume = {9},
  year = {2008}
}

@article{chang2008coordinate,
  author = {Chang, Kai‐Wei and Hsieh, Cho‐Jui and Lin, Chih‐Jen},
  journal = {Journal of Machine Learning Research},
  note = {\url{http://jmlr.org/papers/v9/chang08a.html}},
  number = {45},
  openalex = {W2128529555},
  pages = {1369--1398},
  title = {Coordinate Descent Method for Large-scale L2-loss Linear Support Vector Machines},
  volume = {9},
  year = {2008}
}

@article{chapelle2008optimization,
  author = {Chapelle, Olivier and Sindhwani, Vikas and Keerthi, S. Sathiya},
  journal = {Journal of Machine Learning Research},
  note = {\url{http://jmlr.org/papers/v9/chapelle08a.html}},
  number = {7},
  openalex = {W2122565017},
  pages = {203--233},
  title = {Optimization Techniques for Semi-Supervised Support Vector Machines},
  volume = {9},
  year = {2008}
}

@article{chechik2008max,
  author = {Chechik, Gal and Heitz, Geremy and Elidan, Gal and Abbeel, Pieter and Koller, Daphne},
  journal = {Journal of Machine Learning Research},
  note = {\url{http://jmlr.org/papers/v9/chechik08a.html}},
  number = {1},
  openalex = {W2128884519},
  pages = {1--21},
  title = {Max-margin Classification of Data with Absent Features},
  volume = {9},
  year = {2008}
}

@article{chen2008graphical,
  author = {Chen, Shann-Ching and Gordon, Geoffrey J. and Murphy, Robert F.},
  journal = {Journal of Machine Learning Research},
  note = {\url{http://jmlr.org/papers/v9/chen08a.html}},
  number = {23},
  openalex = {W2128842804},
  pages = {651--682},
  title = {Graphical Models for Structured Classification, with an Application to Interpreting Images of Protein Subcellular Location Patterns},
  volume = {9},
  year = {2008}
}

@article{chhabra2008learning,
  author = {Chhabra, Manu and Jacobs, Robert A.},
  journal = {Journal of Machine Learning Research},
  note = {\url{http://jmlr.org/papers/v9/chhabra08a.html}},
  number = {49},
  openalex = {W2143815937},
  pages = {1535--1558},
  title = {Learning to Combine Motor Primitives Via Greedy Additive Regression},
  volume = {9},
  year = {2008}
}

@article{christmann2008bouligand,
  author = {Christmann, Andreas and Messem, Arnout Van},
  journal = {Journal of Machine Learning Research},
  note = {\url{http://jmlr.org/papers/v9/christmann08a.html}},
  number = {30},
  openalex = {W2162009929},
  pages = {915--936},
  title = {Bouligand Derivatives and Robustness of Support Vector Machines for Regression},
  volume = {9},
  year = {2008}
}

@article{chu2008search,
  author = {Chu, Tianjiao and Glymour, Clark},
  journal = {Journal of Machine Learning Research},
  note = {\url{http://jmlr.org/papers/v9/chu08a.html}},
  number = {32},
  openalex = {W2171267203},
  pages = {967--991},
  title = {Search for Additive Nonlinear Time Series Causal Models},
  volume = {9},
  year = {2008}
}

@article{claeskens2008information,
  author = {Claeskens, Gerda and Croux, Christophe and Kerckhoven, Johan Van},
  journal = {Journal of Machine Learning Research},
  note = {\url{http://jmlr.org/papers/v9/claeskens08a.html}},
  number = {18},
  openalex = {W2170406903},
  pages = {541--558},
  title = {An Information Criterion for Variable Selection in Support Vector Machines},
  volume = {9},
  year = {2008}
}

@article{collins2008exponentiated,
  author = {Collins, Michael and Globerson, Amir and Koo, Terry and Carreras, Xavier and Bartlett, Peter L.},
  journal = {Journal of Machine Learning Research},
  note = {\url{http://jmlr.org/papers/v9/collins08a.html}},
  number = {58},
  openalex = {W2150024778},
  pages = {1775--1822},
  title = {Exponentiated Gradient Algorithms for Conditional Random Fields and Max-Margin Markov Networks},
  volume = {9},
  year = {2008}
}

@article{corani2008jncc2,
  author = {Corani, Giorgio and Zaffalon, Marco},
  journal = {Journal of Machine Learning Research},
  note = {\url{http://jmlr.org/papers/v9/corani08b.html}},
  number = {90},
  openalex = {W2163913262},
  pages = {2695--2698},
  title = {JNCC2: The Java Implementation Of Naive Credal Classifier 2},
  volume = {9},
  year = {2008}
}

@article{corani2008learning,
  author = {Corani, Giorgio and Zaffalon, Marco},
  journal = {Journal of Machine Learning Research},
  note = {\url{http://jmlr.org/papers/v9/corani08a.html}},
  number = {20},
  openalex = {W2101791549},
  pages = {581--621},
  title = {Learning Reliable Classifiers From Small or Incomplete Data Sets: The Naive Credal Classifier 2},
  volume = {9},
  year = {2008}
}

@article{crammer2008learning,
  author = {Crammer, Koby and Kearns, Michael and Wortman, Jennifer R.},
  journal = {Journal of Machine Learning Research},
  note = {\url{http://jmlr.org/papers/v9/crammer08a.html}},
  number = {57},
  openalex = {W2148440006},
  pages = {1757--1774},
  title = {Learning from Multiple Sources},
  volume = {9},
  year = {2008}
}

@article{csaji2008value,
  author = {Csáji, Balázs Csanád and Monostori, László},
  journal = {Journal of Machine Learning Research},
  note = {\url{http://jmlr.org/papers/v9/csaji08a.html}},
  number = {54},
  openalex = {W2152670157},
  pages = {1679--1709},
  title = {Value Function Based Reinforcement Learning in Changing Markovian Environments},
  volume = {9},
  year = {2008}
}

@article{dalalyan2008new,
  author = {Dalalyan, Arnak S. and Juditsky, Anatoli B. and Spokoiny, Vladimir},
  journal = {Journal of Machine Learning Research},
  note = {\url{http://jmlr.org/papers/v9/dalalyan08a.html}},
  number = {53},
  openalex = {W2129887565},
  pages = {1647--1678},
  title = {A new algorithm for estimating the effective dimension-reduction subspace},
  volume = {9},
  year = {2008}
}

@article{debruyne2008model,
  author = {Debruyne, Michiel and Hubert, Mia and Suykens, Johan A. K.},
  journal = {Journal of Machine Learning Research},
  note = {\url{http://jmlr.org/papers/v9/debruyne08a.html}},
  number = {78},
  openalex = {W2188217758},
  pages = {2377--2400},
  title = {Model Selection in Kernel Based Regression using the Influence Function},
  volume = {9},
  year = {2008}
}

@article{dhurandhar2008probabilistic,
  author = {Dhurandhar, Amit and Dobra, Alin},
  journal = {Journal of Machine Learning Research},
  note = {\url{http://jmlr.org/papers/v9/dhurandhar08a.html}},
  number = {76},
  openalex = {W2301045145},
  pages = {2321--2348},
  title = {Probabilistic Characterization of Random Decision Trees},
  volume = {9},
  year = {2008}
}

@article{dietterich2008gradient,
  author = {Dietterich, Thomas G. and Hao, Guohua and Ashenfelter, Adam},
  journal = {Journal of Machine Learning Research},
  note = {\url{http://jmlr.org/papers/v9/dietterich08a.html}},
  number = {69},
  openalex = {W2119259314},
  pages = {2113--2139},
  title = {Gradient Tree Boosting for Training Conditional Random Fields},
  volume = {9},
  year = {2008}
}

@article{drton2008graphical,
  author = {Drton, Mathias and Richardson, Thomas S.},
  journal = {Journal of Machine Learning Research},
  note = {\url{http://jmlr.org/papers/v9/drton08a.html}},
  number = {29},
  openalex = {W1568513780},
  pages = {893--914},
  title = {Graphical Methods for Efficient Likelihood Inference in Gaussian Covariance Models},
  volume = {9},
  year = {2008}
}

@article{elidan2008learning,
  author = {Elidan, Gal and Gould, Stephen},
  journal = {Journal of Machine Learning Research},
  note = {\url{http://jmlr.org/papers/v9/elidan08a.html}},
  number = {91},
  pages = {2699--2731},
  title = {Learning Bounded Treewidth Bayesian Networks},
  volume = {9},
  year = {2008}
}

@article{fan2008liblinear,
  author = {Fan, Rong-En and Chang, Kai‐Wei and Hsieh, Cho‐Jui and Xiang-rui, Wang and Lin, Chih‐Jen},
  journal = {Journal of Machine Learning Research},
  note = {\url{http://jmlr.org/papers/v9/fan08a.html}},
  number = {61},
  openalex = {W2118585731},
  pages = {1871--1874},
  title = {LIBLINEAR: A Library for Large Linear Classification},
  volume = {9},
  year = {2008}
}

@article{fleuret2008stationary,
  author = {Fleuret, François and Geman, Donald},
  journal = {Journal of Machine Learning Research},
  note = {\url{http://jmlr.org/papers/v9/fleuret08a.html}},
  number = {85},
  openalex = {W2110122948},
  pages = {2549--2578},
  title = {Stationary Features and Cat Detection},
  volume = {9},
  year = {2008}
}

@article{franc2008discriminative,
  author = {Franc, Vojtěch and Savchynskyy, Bogdan},
  journal = {Journal of Machine Learning Research},
  note = {\url{http://jmlr.org/papers/v9/franc08a.html}},
  number = {4},
  openalex = {W1586342396},
  pages = {67--104},
  title = {Discriminative Learning of Max-Sum Classifiers},
  volume = {9},
  year = {2008}
}

@article{garcia2008extension,
  author = {García, Salvador and Herrera, Francisco},
  journal = {Journal of Machine Learning Research},
  note = {\url{http://jmlr.org/papers/v9/garcia08a.html}},
  number = {89},
  openalex = {W2169284845},
  pages = {2677--2694},
  title = {An Extension on "Statistical Comparisons of Classifiers over Multiple Data Sets" for all Pairwise Comparisons},
  volume = {9},
  year = {2008}
}

@article{garriga2008closed,
  author = {Garriga, Gemma C. and Kralj, Petra and Lavrač, Nada},
  journal = {Journal of Machine Learning Research},
  note = {\url{http://jmlr.org/papers/v9/garriga08a.html}},
  number = {19},
  openalex = {W3023157450},
  pages = {559--580},
  title = {Closed Sets for Labeled Data},
  volume = {9},
  year = {2008}
}

@article{george2008value,
  author = {George, Abraham and Powell, Warren B. and Kulkarni, Sanjeev R.},
  journal = {Journal of Machine Learning Research},
  note = {\url{http://jmlr.org/papers/v9/george08a.html}},
  number = {68},
  openalex = {W2132022678},
  pages = {2079--2111},
  title = {Value Function Approximation using Multiple Aggregation for Multiattribute Resource Management},
  volume = {9},
  year = {2008}
}

@article{goldberg2008manifold,
  author = {Goldberg, Yair and Zakai, Alon and Kushnir, Dan and Ritov, Ya’acov},
  journal = {Journal of Machine Learning Research},
  note = {\url{http://jmlr.org/papers/v9/goldberg08a.html}},
  number = {63},
  openalex = {W2116931174},
  pages = {1909--1939},
  title = {Manifold Learning: The Price of Normalization},
  volume = {9},
  year = {2008}
}

@article{gomez2008accelerated,
  author = {Gomez, Faustino and Schmidhuber, Jürgen and Miikkulainen, Risto},
  journal = {Journal of Machine Learning Research},
  note = {\url{http://jmlr.org/papers/v9/gomez08a.html}},
  number = {31},
  openalex = {W2148067905},
  pages = {937--965},
  title = {Accelerated Neural Evolution through Cooperatively Coevolved Synapses},
  volume = {9},
  year = {2008}
}

@article{he2008active,
  author = {He, Yangbo and Geng, Zhi},
  journal = {Journal of Machine Learning Research},
  note = {\url{http://jmlr.org/papers/v9/he08a.html}},
  number = {84},
  openalex = {W2129632913},
  pages = {2523--2547},
  title = {Active Learning of Causal Networks with Intervention Experiments and Optimal Designs},
  volume = {9},
  year = {2008}
}

@article{henrich2008active,
  author = {Henrich, Falk-Florian and Obermayer, Klaus},
  journal = {Journal of Machine Learning Research},
  note = {\url{http://jmlr.org/papers/v9/henrich08a.html}},
  number = {5},
  openalex = {W2125362335},
  pages = {105--130},
  title = {Active Learning by Spherical Subdivision},
  volume = {9},
  year = {2008}
}

@article{hoyle2008automatic,
  author = {Hoyle, David C.},
  journal = {Journal of Machine Learning Research},
  note = {\url{http://jmlr.org/papers/v9/hoyle08a.html}},
  number = {92},
  openalex = {W2095687430},
  pages = {2733--2759},
  title = {Automatic PCA Dimension Selection for High Dimensional Data and Small Sample Sizes},
  volume = {9},
  year = {2008}
}

@article{huang2008ranking,
  author = {Huang, Tzu-Kuo and Lin, Chih‐Jen and Weng, Ruby C.},
  journal = {Journal of Machine Learning Research},
  note = {\url{http://jmlr.org/papers/v9/huang08a.html}},
  number = {73},
  openalex = {W2019056073},
  pages = {2187--2216},
  title = {Ranking individuals by group comparisons},
  volume = {9},
  year = {2008}
}

@article{igel2008shark,
  author = {Igel, Christian and Heidrich-Meisner, Verena and Glasmachers, Tobias},
  journal = {Journal of Machine Learning Research},
  note = {\url{http://jmlr.org/papers/v9/igel08a.html}},
  number = {33},
  pages = {993--996},
  title = {Shark},
  volume = {9},
  year = {2008}
}

@article{jambeiro2008hpb,
  author = {Filho, Jorge Jambeiro and Wainer, Jacques},
  journal = {Journal of Machine Learning Research},
  note = {\url{http://jmlr.org/papers/v9/jambeiro08a.html}},
  number = {70},
  openalex = {W2129810756},
  pages = {2141--2170},
  title = {HPB: A Model for Handling BN Nodes with High Cardinality Parents},
  volume = {9},
  year = {2008}
}

@article{jiang2008estimating,
  author = {Jiang, Bo and Zhang, Xuegong and Cai, Tianxi},
  journal = {Journal of Machine Learning Research},
  note = {\url{http://jmlr.org/papers/v9/jiang08a.html}},
  number = {17},
  openalex = {W2099685220},
  pages = {521--540},
  title = {Estimating the Confidence Interval for Prediction Errors of Support Vector Machine Classifiers},
  volume = {9},
  year = {2008}
}

@article{jorgensen2008multiple,
  author = {Jorgensen, Zach and Zhou, Yan and Inge, Meador},
  journal = {Journal of Machine Learning Research},
  note = {\url{http://jmlr.org/papers/v9/jorgensen08a.html}},
  number = {38},
  openalex = {W2141588879},
  pages = {1115--1146},
  title = {A Multiple Instance Learning Strategy for Combating Good Word Attacks on Spam Filters},
  volume = {9},
  year = {2008}
}

@article{klanke2008library,
  author = {Klanke, Stefan and Vijayakumar, Sethu and Schaal, Stefan},
  journal = {Journal of Machine Learning Research},
  note = {\url{http://jmlr.org/papers/v9/klanke08a.html}},
  number = {21},
  openalex = {W2112088580},
  pages = {623--626},
  title = {A Library for Locally Weighted Projection Regression},
  volume = {9},
  year = {2008}
}

@article{koo2008bahadur,
  author = {Koo, Ja-Yong and Lee, Yoonkyung and Kim, Yuwon and Park, Changyi},
  journal = {Journal of Machine Learning Research},
  note = {\url{http://jmlr.org/papers/v9/koo08a.html}},
  number = {44},
  openalex = {W2170121562},
  pages = {1343--1368},
  title = {A Bahadur Representation of the Linear Support Vector Machine},
  volume = {9},
  year = {2008}
}

@article{koo2008model,
  author = {Koo, Imhoi and Kil, Rhee Man},
  journal = {Journal of Machine Learning Research},
  note = {\url{http://jmlr.org/papers/v9/koo08b.html}},
  number = {87},
  openalex = {W2184293545},
  pages = {2607--2633},
  title = {Model selection for regression with continuous kernel functions using the modulus of continuity},
  volume = {9},
  year = {2008}
}

@article{krause2008near,
  author = {Krause, Andreas and Singh, Ajit and Guestrin, Carlos},
  journal = {Journal of Machine Learning Research},
  note = {\url{http://jmlr.org/papers/v9/krause08a.html}},
  number = {8},
  openalex = {W2131824593},
  pages = {235--284},
  title = {Near-Optimal Sensor Placements in Gaussian Processes: Theory, Efficient Algorithms and Empirical Studies},
  volume = {9},
  year = {2008}
}

@article{krause2008robust,
  author = {Krause, Andreas and McMahan, H. Brendan and Guestrin, Carlos and Gupta, Anupam},
  journal = {Journal of Machine Learning Research},
  note = {\url{http://jmlr.org/papers/v9/krause08b.html}},
  number = {93},
  openalex = {W2109209963},
  pages = {2761--2801},
  title = {Robust Submodular Observation Selection},
  volume = {9},
  year = {2008}
}

@article{krupka2008generalization,
  author = {Krupka, Eyal and Tishby, Naftali},
  journal = {Journal of Machine Learning Research},
  note = {\url{http://jmlr.org/papers/v9/krupka08a.html}},
  number = {11},
  openalex = {W2108076437},
  pages = {339--370},
  title = {Generalization from Observed to Unobserved Features by Clustering},
  volume = {9},
  year = {2008}
}

@article{krupka2008learning,
  author = {Krupka, Eyal and Navot, Amir and Tishby, Naftali},
  journal = {Journal of Machine Learning Research},
  note = {\url{http://jmlr.org/papers/v9/krupka08b.html}},
  number = {77},
  openalex = {W2164204739},
  pages = {2349--2376},
  title = {Learning to Select Features using their Properties},
  volume = {9},
  year = {2008}
}

@article{lebanon2008non,
  author = {Lebanon, Guy and Mao, Yi},
  journal = {Journal of Machine Learning Research},
  note = {\url{http://jmlr.org/papers/v9/lebanon08a.html}},
  number = {79},
  openalex = {W2305586808},
  pages = {2401--2429},
  title = {Non-Parametric Modeling of Partially Ranked Data},
  volume = {9},
  year = {2008}
}

@article{li2008forecasting,
  author = {Li, Jia and Moore, Andrew},
  journal = {Journal of Machine Learning Research},
  note = {\url{http://jmlr.org/papers/v9/li08a.html}},
  number = {73},
  openalex = {W2188538191},
  pages = {2217--2250},
  title = {Forecasting Web Page Views: Methods and Observations},
  volume = {9},
  year = {2008}
}

@article{lin2008support,
  author = {Lin, Hsuan-Tien and Li, Ling},
  journal = {Journal of Machine Learning Research},
  note = {\url{http://jmlr.org/papers/v9/lin08a.html}},
  number = {9},
  openalex = {W2110612061},
  pages = {285--312},
  title = {Support Vector Machinery for Infinite Ensemble Learning},
  volume = {9},
  year = {2008}
}

@article{lin2008trust,
  author = {Lin, Chih‐Jen and Weng, Ruby C. and Keerthi, S. Sathiya},
  journal = {Journal of Machine Learning Research},
  note = {\url{http://jmlr.org/papers/v9/lin08b.html}},
  number = {22},
  openalex = {W1536816303},
  pages = {627--650},
  title = {Trust Region Newton Method for Logistic Regression},
  volume = {9},
  year = {2008}
}

@article{loog2008equivalence,
  author = {Loog, Marco},
  journal = {Journal of Machine Learning Research},
  note = {\url{http://jmlr.org/papers/v9/loog08a.html}},
  number = {82},
  openalex = {W2184179413},
  pages = {2489--2490},
  title = {On the Equivalence of Linear Dimensionality-Reducing Transformations},
  volume = {9},
  year = {2008}
}

@article{loustau2008aggregation,
  author = {Loustau, Sébastien},
  journal = {Journal of Machine Learning Research},
  note = {\url{http://jmlr.org/papers/v9/loustau08a.html}},
  number = {50},
  openalex = {W1516187024},
  pages = {1559--1582},
  title = {Aggregation of SVM Classifiers Using Sobolev Spaces},
  volume = {9},
  year = {2008}
}

@article{luecke2008maximal,
  author = {Lücke, Jörg and Sahani, Maneesh},
  journal = {Journal of Machine Learning Research},
  note = {\url{http://jmlr.org/papers/v9/luecke08a.html}},
  number = {41},
  openalex = {W2161164955},
  pages = {1227--1267},
  title = {Maximal Causes for Non-linear Component Extraction},
  volume = {9},
  year = {2008}
}

@article{ma2008structural,
  author = {Ma, Zongming and Xie, Xianchao and Geng, Zhi},
  journal = {Journal of Machine Learning Research},
  note = {\url{http://jmlr.org/papers/v9/ma08a.html}},
  number = {95},
  openalex = {W2141177286},
  pages = {2847--2880},
  title = {Structural Learning of Chain Graphs via Decomposition.},
  volume = {9},
  year = {2008}
}

@article{marchiori2008hit,
  author = {Marchiori, Elena},
  journal = {Journal of Machine Learning Research},
  note = {\url{http://jmlr.org/papers/v9/marchiori08a.html}},
  number = {34},
  openalex = {W2142339769},
  pages = {997--1017},
  title = {Hit Miss Networks with Applications to Instance Selection},
  volume = {9},
  year = {2008}
}

@article{maurer2008learning,
  author = {Maurer, Andreas},
  journal = {Journal of Machine Learning Research},
  note = {\url{http://jmlr.org/papers/v9/maurer08a.html}},
  number = {36},
  openalex = {W2114390956},
  pages = {1049--1082},
  title = {Learning Similarity with Operator-valued Large-margin Classifiers},
  volume = {9},
  year = {2008}
}

@article{mease2008evidence,
  author = {Mease, David and Wyner, Abraham J.},
  journal = {Journal of Machine Learning Research},
  note = {\url{http://jmlr.org/papers/v9/mease08a.html}},
  number = {6},
  openalex = {W2122168905},
  pages = {131--156},
  title = {Evidence Contrary to the Statistical View of Boosting},
  volume = {9},
  year = {2008}
}

@article{munos2008finite,
  author = {Munos, Rémi and Szepesvári, Csaba},
  journal = {Journal of Machine Learning Research},
  note = {\url{http://jmlr.org/papers/v9/munos08a.html}},
  number = {27},
  openalex = {W2117355432},
  pages = {815--857},
  title = {Finite-Time Bounds for Fitted Value Iteration},
  volume = {9},
  year = {2008}
}

@article{nickisch2008approximations,
  author = {Nickisch, Hannes and Rasmussen, Carl Edward},
  journal = {Journal of Machine Learning Research},
  note = {\url{http://jmlr.org/papers/v9/nickisch08a.html}},
  number = {67},
  openalex = {W2157826563},
  pages = {2035--2078},
  title = {Approximations for Binary Gaussian Process Classification},
  volume = {9},
  year = {2008}
}

@article{panait2008theoretical,
  author = {Panait, Liviu and Tuyls, Karl and Luke, Sean},
  journal = {Journal of Machine Learning Research},
  note = {\url{http://jmlr.org/papers/v9/panait08a.html}},
  number = {13},
  openalex = {W2138076440},
  pages = {423--457},
  title = {Theoretical Advantages of Lenient Learners: An Evolutionary Game Theoretic Perspective},
  volume = {9},
  year = {2008}
}

@article{pellet2008using,
  author = {Pellet, Jean‐Philippe and Elisseeff, André},
  journal = {Journal of Machine Learning Research},
  note = {\url{http://jmlr.org/papers/v9/pellet08a.html}},
  number = {43},
  openalex = {W1526097585},
  pages = {1295--1342},
  title = {Using Markov Blankets for Causal Structure Learning},
  volume = {9},
  year = {2008}
}

@article{perrier2008finding,
  author = {Perrier, Éric and Imoto, Seiya and Miyano, Satoru},
  journal = {Journal of Machine Learning Research},
  note = {\url{http://jmlr.org/papers/v9/perrier08a.html}},
  number = {74},
  openalex = {W2143451896},
  pages = {2251--2286},
  title = {Finding Optimal Bayesian Network Given a Super-Structure},
  volume = {9},
  year = {2008}
}

@article{rakotomamonjy2008simplemkl,
  author = {Rakotomamonjy, Alain and Bach, Francis R. and Canu, Stéphane and Grandvalet, Yves},
  journal = {Journal of Machine Learning Research},
  note = {\url{http://jmlr.org/papers/v9/rakotomamonjy08a.html}},
  number = {83},
  pages = {2491--2521},
  title = {SimpleMKL},
  volume = {9},
  year = {2008}
}

@article{ricci2008magic,
  author = {Ricci, Elisa and Bie, Tijl De and Cristianini, Nello},
  journal = {Journal of Machine Learning Research},
  note = {\url{http://jmlr.org/papers/v9/ricci08a.html}},
  number = {94},
  openalex = {W2126564540},
  pages = {2803--2846},
  title = {Magic Moments for Structured Output Prediction},
  volume = {9},
  year = {2008}
}

@article{rieck2008linear,
  author = {Rieck, Konrad and Laskov, Pavel},
  journal = {Journal of Machine Learning Research},
  note = {\url{http://jmlr.org/papers/v9/rieck08a.html}},
  number = {2},
  openalex = {W2097101478},
  pages = {23--48},
  title = {Linear-Time Computation of Similarity Measures for Sequential Data},
  volume = {9},
  year = {2008}
}

@article{sabato2008ranking,
  author = {Sabato, Sivan and Shalev‐Shwartz, Shai},
  journal = {Journal of Machine Learning Research},
  note = {\url{http://jmlr.org/papers/v9/sabato08a.html}},
  number = {37},
  openalex = {W2170179227},
  pages = {1083--1114},
  title = {Ranking Categorical Features Using Generalization Properties},
  volume = {9},
  year = {2008}
}

@article{seeger2008bayesian,
  author = {Seeger, Matthias},
  journal = {Journal of Machine Learning Research},
  note = {\url{http://jmlr.org/papers/v9/seeger08a.html}},
  number = {26},
  openalex = {W2166471851},
  pages = {759--813},
  title = {Bayesian Inference and Optimal Design for the Sparse Linear Model},
  volume = {9},
  year = {2008}
}

@article{seeger2008cross,
  author = {Seeger, Matthias},
  journal = {Journal of Machine Learning Research},
  note = {\url{http://jmlr.org/papers/v9/seeger08b.html}},
  number = {39},
  openalex = {W2153838241},
  pages = {1147--1178},
  title = {Cross-Validation Optimization for Large Scale Structured Classification Kernel Methods},
  volume = {9},
  year = {2008}
}

@article{shafer2008tutorial,
  author = {Shafer, Glenn and Vovk, Vladimir},
  journal = {Journal of Machine Learning Research},
  note = {\url{http://jmlr.org/papers/v9/shafer08a.html}},
  number = {12},
  openalex = {W2171585602},
  pages = {371--421},
  title = {A tutorial on conformal prediction},
  volume = {9},
  year = {2008}
}

@article{shpitser2008complete,
  author = {Shpitser, Ilya and Pearl, Judea},
  journal = {Journal of Machine Learning Research},
  note = {\url{http://jmlr.org/papers/v9/shpitser08a.html}},
  number = {64},
  openalex = {W2134067266},
  pages = {1941--1979},
  title = {Complete Identification Methods for the Causal Hierarchy},
  volume = {9},
  year = {2008}
}

@article{srinivasan2008incremental,
  author = {Srinivasan, Ashwin and King, Ross D.},
  journal = {Journal of Machine Learning Research},
  note = {\url{http://jmlr.org/papers/v9/srinivasan08a.html}},
  number = {48},
  openalex = {W2099614442},
  pages = {1475--1533},
  title = {Incremental Identification of Qualitative Models of Biological Systems using Inductive Logic Programming},
  volume = {9},
  year = {2008}
}

@article{sun2008on,
  author = {Sun, Xing and Nobel, Andrew B.},
  journal = {Journal of Machine Learning Research},
  note = {\url{http://jmlr.org/papers/v9/sun08a.html}},
  number = {80},
  openalex = {W2107307520},
  pages = {2431--2453},
  title = {On the Size and Recovery of Submatrices of Ones in a Random Binary Matrix},
  volume = {9},
  year = {2008}
}

@article{szlam2008regularization,
  author = {Szlam, Arthur and Maggioni, Mauro and Coifman, Ronald R.},
  journal = {Journal of Machine Learning Research},
  note = {\url{http://jmlr.org/papers/v9/szlam08a.html}},
  number = {55},
  openalex = {W2137965886},
  pages = {1711--1739},
  title = {Regularization on Graphs with Function-adapted Diffusion Processes},
  volume = {9},
  year = {2008}
}

@article{tarigan2008moment,
  author = {Tarigan, Bernadetta and Geer, Sara A. van de},
  journal = {Journal of Machine Learning Research},
  note = {\url{http://jmlr.org/papers/v9/tarigan08a.html}},
  number = {71},
  openalex = {W2144133356},
  pages = {2171--2185},
  title = {A Moment Bound for Multi-hinge Classifiers},
  volume = {9},
  year = {2008}
}

@article{vandermaaten2008visualizing,
  author = {Maaten, Laurens van der and Hinton, Geoffrey E.},
  journal = {Journal of Machine Learning Research},
  note = {\url{http://jmlr.org/papers/v9/vandermaaten08a.html}},
  number = {86},
  openalex = {W2187089797},
  pages = {2579--2605},
  title = {Visualizing Data using t-SNE},
  volume = {9},
  year = {2008}
}

@article{warmuth2008randomized,
  author = {Warmuth, Manfred K. and Kuzmin, Dima},
  journal = {Journal of Machine Learning Research},
  note = {\url{http://jmlr.org/papers/v9/warmuth08a.html}},
  number = {75},
  openalex = {W2333315597},
  pages = {2287--2320},
  title = {Randomized Online PCA Algorithms with Regret Bounds that are Logarithmic in the Dimension},
  volume = {9},
  year = {2008}
}

@article{xie2008recursive,
  author = {Xie, Xianchao and Geng, Zhi},
  journal = {Journal of Machine Learning Research},
  note = {\url{http://jmlr.org/papers/v9/xie08a.html}},
  number = {14},
  openalex = {W2115257201},
  pages = {459--483},
  title = {A Recursive Method for Structural Learning of Directed Acyclic Graphs},
  volume = {9},
  year = {2008}
}

@article{ye2008comments,
  author = {Ye, Jieping},
  journal = {Journal of Machine Learning Research},
  note = {\url{http://jmlr.org/papers/v9/ye08a.html}},
  number = {16},
  openalex = {W2151850920},
  pages = {517--519},
  title = {Comments on the Complete Characterization of a Family of Solutions to a Generalized Fisher Criterion},
  volume = {9},
  year = {2008}
}

@article{ye2008multiclass,
  author = {Ye, Jieping and Ji, Shuiwang and Chen, Jianhui},
  journal = {Journal of Machine Learning Research},
  note = {\url{http://jmlr.org/papers/v9/ye08b.html}},
  number = {25},
  openalex = {W2116589987},
  pages = {719--758},
  title = {Multi-class Discriminant Kernel Learning via Convex Programming},
  volume = {9},
  year = {2008}
}

@article{yoon2008learning,
  author = {Yoon, Sung‐Wook and Fern, Alan and Givan, Robert},
  journal = {Journal of Machine Learning Research},
  note = {\url{http://jmlr.org/papers/v9/yoon08a.html}},
  number = {24},
  openalex = {W2107218456},
  pages = {683--718},
  title = {Learning Control Knowledge for Forward Search Planning},
  volume = {9},
  year = {2008}
}

@article{zhang2008causal,
  author = {Zhang, Jiji},
  journal = {Journal of Machine Learning Research},
  note = {\url{http://jmlr.org/papers/v9/zhang08a.html}},
  number = {47},
  openalex = {W2099925654},
  pages = {1437--1474},
  title = {Causal Reasoning with Ancestral Graphs},
  volume = {9},
  year = {2008}
}

@article{zhang2008minimal,
  author = {Zhang, Kun and Chan, Laiwan},
  journal = {Journal of Machine Learning Research},
  note = {\url{http://jmlr.org/papers/v9/zhang08b.html}},
  number = {81},
  openalex = {W754039215},
  pages = {2455--2487},
  title = {Minimal Nonlinear Distortion Principle for Nonlinear Independent Component Analysis},
  volume = {9},
  year = {2008}
}

@article{zhu2008dynamic,
  author = {Zhu, Jun and Nie, Zaiqing and Zhang, Bo and Wen, Ji-Rong},
  journal = {Journal of Machine Learning Research},
  note = {\url{http://jmlr.org/papers/v9/zhu08a.html}},
  number = {51},
  openalex = {W2135186040},
  pages = {1583--1614},
  title = {Dynamic Hierarchical Markov Random Fields for Integrated Web Data Extraction},
  volume = {9},
  year = {2008}
}
