@article{abeel2009java,
 author = {Abeel, Thomas and Van de Peer, Yves and Saeys, Yvan},
 journal = {Journal of Machine Learning Research},
 note = {\url{http://jmlr.org/papers/v10/abeel09a.html}},
 number = {34},
 pages = {931--934},
 title = {Java-ML: A Machine Learning Library},
 volume = {10},
 year = {2009}
}

@article{abernethy2009new,
 author = {Abernethy, Jacob and Bach, Francis and Evgeniou, Theodoros and Vert, Jean-Philippe},
 journal = {Journal of Machine Learning Research},
 note = {\url{http://jmlr.org/papers/v10/abernethy09a.html}},
 number = {29},
 pages = {803--826},
 title = {A New Approach to Collaborative Filtering: Operator Estimation with Spectral Regularization},
 volume = {10},
 year = {2009}
}

@article{agarwal2009generalization,
 author = {Agarwal, Shivani and Niyogi, Partha},
 journal = {Journal of Machine Learning Research},
 note = {\url{http://jmlr.org/papers/v10/agarwal09a.html}},
 number = {16},
 pages = {441--474},
 title = {Generalization Bounds for Ranking Algorithms via Algorithmic Stability},
 volume = {10},
 year = {2009}
}

@article{angluin2009learning,
 author = {Angluin, Dana and Aspnes, James and Chen, Jiang and Eisenstat, David and Reyzin, Lev},
 journal = {Journal of Machine Learning Research},
 note = {\url{http://jmlr.org/papers/v10/angluin09a.html}},
 number = {65},
 pages = {1881--1911},
 title = {Learning Acyclic Probabilistic Circuits Using Test Paths},
 volume = {10},
 year = {2009}
}

@article{argyriou2009when,
 author = {Argyriou, Andreas and Micchelli, Charles A. and Pontil, Massimiliano},
 journal = {Journal of Machine Learning Research},
 note = {\url{http://jmlr.org/papers/v10/argyriou09a.html}},
 number = {87},
 pages = {2507--2529},
 title = {When is there a representer theorem? Vector versus matrix regularizers},
 volume = {10},
 year = {2009}
}

@article{arlot2009data,
 author = {Arlot, Sylvain and Massart, Pascal},
 journal = {Journal of Machine Learning Research},
 note = {\url{http://jmlr.org/papers/v10/arlot09a.html}},
 number = {10},
 pages = {245--279},
 title = {Data-driven calibration of penalties for least-squares regression},
 volume = {10},
 year = {2009}
}

@article{bickel2009discriminative,
 author = {Bickel, Steffen and Brückner, Michael and Scheffer, Tobias},
 journal = {Journal of Machine Learning Research},
 note = {\url{http://jmlr.org/papers/v10/bickel09a.html}},
 number = {75},
 pages = {2137--2155},
 title = {Discriminative Learning Under Covariate Shift},
 volume = {10},
 year = {2009}
}

@article{blanchard2009adaptive,
 author = {Blanchard, Gilles and Roquain, Étienne},
 journal = {Journal of Machine Learning Research},
 note = {\url{http://jmlr.org/papers/v10/blanchard09a.html}},
 number = {97},
 pages = {2837--2871},
 title = {Adaptive false discovery rate control under independence and dependence},
 volume = {10},
 year = {2009}
}

@article{bordes2009sgd,
 author = {Bordes, Antoine and Bottou, Léon and Gallinari, Patrick},
 journal = {Journal of Machine Learning Research},
 note = {\url{http://jmlr.org/papers/v10/bordes09a.html}},
 number = {59},
 pages = {1737--1754},
 title = {SGD-QN: Careful Quasi-Newton Stochastic Gradient Descent},
 volume = {10},
 year = {2009}
}

@article{boulle2009parameter,
 author = {Boullé, Marc},
 journal = {Journal of Machine Learning Research},
 note = {\url{http://jmlr.org/papers/v10/boulle09a.html}},
 number = {46},
 pages = {1367--1385},
 title = {A Parameter-Free Classification Method for Large Scale Learning},
 volume = {10},
 year = {2009}
}

@article{bromberg2009improving,
 author = {Bromberg, Facundo and Margaritis, Dimitris},
 journal = {Journal of Machine Learning Research},
 note = {\url{http://jmlr.org/papers/v10/bromberg09a.html}},
 number = {12},
 pages = {301--340},
 title = {Improving the Reliability of Causal Discovery from Small Data Sets Using Argumentation},
 volume = {10},
 year = {2009}
}

@article{brunskill2009provably,
 author = {Brunskill, Emma and Leffler, Bethany R. and Li, Lihong and Littman, Michael L. and Roy, Nicholas},
 journal = {Journal of Machine Learning Research},
 note = {\url{http://jmlr.org/papers/v10/brunskill09a.html}},
 number = {68},
 pages = {1955--1988},
 title = {Provably Efficient Learning with Typed Parametric Models},
 volume = {10},
 year = {2009}
}

@article{bubeck2009nearest,
 author = {Bubeck, Sébastien and von Luxburg, Ulrike},
 journal = {Journal of Machine Learning Research},
 note = {\url{http://jmlr.org/papers/v10/bubeck09a.html}},
 number = {23},
 pages = {657--698},
 title = {Nearest Neighbor Clustering: A Baseline Method for Consistent Clustering with Arbitrary Objective Functions},
 volume = {10},
 year = {2009}
}

@article{chen2009fast,
 author = {Chen, Jie and Fang, Haw-ren and Saad, Yousef},
 journal = {Journal of Machine Learning Research},
 note = {\url{http://jmlr.org/papers/v10/chen09b.html}},
 number = {69},
 pages = {1989--2012},
 title = {Fast Approximate kNN Graph Construction for High Dimensional Data via Recursive Lanczos Bisection},
 volume = {10},
 year = {2009}
}

@article{chen2009similarity,
 author = {Chen, Yihua and Garcia, Eric K. and Gupta, Maya R. and Rahimi, Ali and Cazzanti, Luca},
 journal = {Journal of Machine Learning Research},
 note = {\url{http://jmlr.org/papers/v10/chen09a.html}},
 number = {27},
 pages = {747--776},
 title = {Similarity-based Classification: Concepts and Algorithms},
 volume = {10},
 year = {2009}
}

@article{dasgupta2009analysis,
 author = {Dasgupta, Sanjoy and Kalai, Adam Tauman and Monteleoni, Claire},
 journal = {Journal of Machine Learning Research},
 note = {\url{http://jmlr.org/papers/v10/dasgupta09a.html}},
 number = {11},
 pages = {281--299},
 title = {Analysis of Perceptron-Based Active Learning},
 volume = {10},
 year = {2009}
}

@article{delcoz2009learning,
 author = {del Coz, Juan José and Díez, Jorge and Bahamonde, Antonio},
 journal = {Journal of Machine Learning Research},
 note = {\url{http://jmlr.org/papers/v10/delcoz09a.html}},
 number = {79},
 pages = {2273--2293},
 title = {Learning Nondeterministic Classifiers},
 volume = {10},
 year = {2009}
}

@article{drton2009computing,
 author = {Drton, Mathias and Eichler, Michael and Richardson, Thomas S.},
 journal = {Journal of Machine Learning Research},
 note = {\url{http://jmlr.org/papers/v10/drton09a.html}},
 number = {81},
 pages = {2329--2348},
 title = {Computing maximum likelihood estimates in recursive linear models with correlated errors},
 volume = {10},
 year = {2009}
}

@article{duchi2009efficient,
 author = {Duchi, John and Singer, Yoram},
 journal = {Journal of Machine Learning Research},
 note = {\url{http://jmlr.org/papers/v10/duchi09a.html}},
 number = {99},
 pages = {2899--2934},
 title = {Efficient Online and Batch Learning Using Forward Backward Splitting},
 volume = {10},
 year = {2009}
}

@article{dugas2009incorporating,
 author = {Dugas, Charles and Bengio, Yoshua and Bélisle, François and Nadeau, Claude and Garcia, René},
 journal = {Journal of Machine Learning Research},
 note = {\url{http://jmlr.org/papers/v10/dugas09a.html}},
 number = {42},
 pages = {1239--1262},
 title = {Incorporating Functional Knowledge in Neural Networks},
 volume = {10},
 year = {2009}
}

@article{escalante2009particle,
 author = {Escalante, Hugo Jair and Montes, Manuel and Sucar, Luis Enrique},
 journal = {Journal of Machine Learning Research},
 note = {\url{http://jmlr.org/papers/v10/escalante09a.html}},
 number = {15},
 pages = {405--440},
 title = {Particle Swarm Model Selection},
 volume = {10},
 year = {2009}
}

@article{esposito2009carpediem,
 author = {Esposito, Roberto and Radicioni, Daniele P.},
 journal = {Journal of Machine Learning Research},
 note = {\url{http://jmlr.org/papers/v10/esposito09a.html}},
 number = {64},
 pages = {1851--1880},
 title = {CarpeDiem: Optimizing the Viterbi Algorithm and Applications to Supervised Sequential Learning},
 volume = {10},
 year = {2009}
}

@article{fan2009ultrahigh,
 author = {Fan, Jianqing and Samworth, Richard and Wu, Yichao},
 journal = {Journal of Machine Learning Research},
 note = {\url{http://jmlr.org/papers/v10/fan09a.html}},
 number = {70},
 pages = {2013--2038},
 title = {Ultrahigh dimensional feature selection: beyond the linear model.},
 volume = {10},
 year = {2009}
}

@article{feldman2009on,
 author = {Feldman, Vitaly},
 journal = {Journal of Machine Learning Research},
 note = {\url{http://jmlr.org/papers/v10/feldman09a.html}},
 number = {7},
 pages = {163--182},
 title = {On The Power of Membership Queries in Agnostic Learning},
 volume = {10},
 year = {2009}
}

@article{ferrer2009anticorrelation,
 author = {Ferrer, Luciana and Sönmez, Kemal and Shriberg, Elizabeth},
 journal = {Journal of Machine Learning Research},
 note = {\url{http://jmlr.org/papers/v10/ferrer09a.html}},
 number = {72},
 pages = {2079--2114},
 title = {An Anticorrelation Kernel for Subsystem Training in Multiple Classifier Systems},
 volume = {10},
 year = {2009}
}

@article{foster2009stable,
 author = {Foster, Leslie and Waagen, Alex and Aijaz, Nabeela and Hurley, Michael and Luis, Apolonio and Rinsky, Joel and Satyavolu, Chandrika and Way, Michael J. and Srivastava, Ashok},
 journal = {Journal of Machine Learning Research},
 note = {\url{http://jmlr.org/papers/v10/foster09a.html}},
 number = {31},
 pages = {857--882},
 title = {Stable and Efficient Gaussian Process Calculations},
 volume = {10},
 year = {2009}
}

@article{franc2009optimized,
 author = {Franc, Vojtěch and Sonnenburg, Sören},
 journal = {Journal of Machine Learning Research},
 note = {\url{http://jmlr.org/papers/v10/franc09a.html}},
 number = {76},
 pages = {2157--2192},
 title = {Optimized Cutting Plane Algorithm for Large-Scale Risk Minimization},
 volume = {10},
 year = {2009}
}

@article{ghanty2009neurosvm,
 author = {Ghanty, Pradip and Paul, Samrat and Pal, Nikhil R.},
 journal = {Journal of Machine Learning Research},
 note = {\url{http://jmlr.org/papers/v10/ghanty09a.html}},
 number = {21},
 pages = {591--622},
 title = {NEUROSVM: An Architecture to Reduce the Effect of the Choice of Kernel on the Performance of SVM},
 volume = {10},
 year = {2009}
}

@article{goedertier2009robust,
 author = {Goedertier, Stijn and Martens, David and Vanthienen, Jan and Baesens, Bart},
 journal = {Journal of Machine Learning Research},
 note = {\url{http://jmlr.org/papers/v10/goedertier09a.html}},
 number = {44},
 pages = {1305--1340},
 title = {Robust Process Discovery with Artificial Negative Events},
 volume = {10},
 year = {2009}
}

@article{gorissen2009evolutionary,
 author = {Gorissen, Dirk and Dhaene, Tom and De Turck, Filip},
 journal = {Journal of Machine Learning Research},
 note = {\url{http://jmlr.org/papers/v10/gorissen09a.html}},
 number = {71},
 pages = {2039--2078},
 title = {Evolutionary Model Type Selection for Global Surrogate Modeling},
 volume = {10},
 year = {2009}
}

@article{greenshtein2009application,
 author = {Greenshtein, Eitan and Park, Junyong},
 journal = {Journal of Machine Learning Research},
 note = {\url{http://jmlr.org/papers/v10/greenshtein09a.html}},
 number = {57},
 pages = {1687--1704},
 title = {Application of Non Parametric Empirical Bayes Estimation to High Dimensional Classification},
 volume = {10},
 year = {2009}
}

@article{gunawardana2009survey,
 author = {Gunawardana, Asela and Shani, Guy},
 journal = {Journal of Machine Learning Research},
 note = {\url{http://jmlr.org/papers/v10/gunawardana09a.html}},
 number = {100},
 pages = {2935--2962},
 title = {A Survey of Accuracy Evaluation Metrics of Recommendation Tasks},
 volume = {10},
 year = {2009}
}

@article{hausser2009entropy,
 author = {Hausser, Jean and Strimmer, Korbinian},
 journal = {Journal of Machine Learning Research},
 note = {\url{http://jmlr.org/papers/v10/hausser09a.html}},
 number = {50},
 pages = {1469--1484},
 title = {Entropy inference and the James-Stein estimator, with application to nonlinear gene association networks},
 volume = {10},
 year = {2009}
}

@article{hellerstein2009exploiting,
 author = {Hellerstein, Lisa and Rosell, Bernard and Bach, Eric and Ray, Soumya and Page, David},
 journal = {Journal of Machine Learning Research},
 note = {\url{http://jmlr.org/papers/v10/hellerstein09a.html}},
 number = {83},
 pages = {2375--2411},
 title = {Exploiting Product Distributions to Identify Relevant Variables of Correlation Immune Functions},
 volume = {10},
 year = {2009}
}

@article{helmbold2009learning,
 author = {Helmbold, David P. and Warmuth, Manfred K.},
 journal = {Journal of Machine Learning Research},
 note = {\url{http://jmlr.org/papers/v10/helmbold09a.html}},
 number = {58},
 pages = {1705--1736},
 title = {Learning Permutations with Exponential Weights},
 volume = {10},
 year = {2009}
}

@article{hoefling2009estimation,
 author = {Höfling, Holger and Tibshirani, Robert},
 journal = {Journal of Machine Learning Research},
 note = {\url{http://jmlr.org/papers/v10/hoefling09a.html}},
 number = {32},
 pages = {883--906},
 title = {Estimation of Sparse Binary Pairwise Markov Networks using Pseudo-likelihoods.},
 volume = {10},
 year = {2009}
}

@article{hu2009online,
 author = {Hu, Ting and Zhou, Ding-Xuan},
 journal = {Journal of Machine Learning Research},
 note = {\url{http://jmlr.org/papers/v10/hu09a.html}},
 number = {98},
 pages = {2873--2898},
 title = {Online Learning with Samples Drawn from Non-identical Distributions},
 volume = {10},
 year = {2009}
}

@article{huang2009fourier,
 author = {Huang, Jonathan and Guestrin, Carlos and Guibas, Leonidas},
 journal = {Journal of Machine Learning Research},
 note = {\url{http://jmlr.org/papers/v10/huang09a.html}},
 number = {37},
 pages = {997--1070},
 title = {Fourier Theoretic Probabilistic Inference over Permutations},
 volume = {10},
 year = {2009}
}

@article{jain2009structure,
 author = {Jain, Brijnesh J. and Obermayer, Klaus},
 journal = {Journal of Machine Learning Research},
 note = {\url{http://jmlr.org/papers/v10/jain09a.html}},
 number = {93},
 pages = {2667--2714},
 title = {Structure Spaces},
 volume = {10},
 year = {2009}
}

@article{jiang2009uniform,
 author = {Jiang, Wenxin},
 journal = {Journal of Machine Learning Research},
 note = {\url{http://jmlr.org/papers/v10/jiang09a.html}},
 number = {36},
 pages = {977--996},
 title = {On Uniform Deviations of General Empirical Risks with Unboundedness, Dependence, and High Dimensionality},
 volume = {10},
 year = {2009}
}

@article{kanamori2009least,
 author = {Kanamori, Takafumi and Hido, Shohei and Sugiyama, Masashi},
 journal = {Journal of Machine Learning Research},
 note = {\url{http://jmlr.org/papers/v10/kanamori09a.html}},
 number = {48},
 pages = {1391--1445},
 title = {A Least-squares Approach to Direct Importance Estimation},
 volume = {10},
 year = {2009}
}

@article{kang2009markov,
 author = {Kang, Changsung and Tian, Jin},
 journal = {Journal of Machine Learning Research},
 note = {\url{http://jmlr.org/papers/v10/kang09a.html}},
 number = {2},
 pages = {41--70},
 title = {Markov Properties for Linear Causal Models with Correlated Errors},
 volume = {10},
 year = {2009}
}

@article{king2009dlib,
 author = {King, Davis E.},
 journal = {Journal of Machine Learning Research},
 note = {\url{http://jmlr.org/papers/v10/king09a.html}},
 number = {60},
 pages = {1755--1758},
 title = {Dlib-ml: A Machine Learning Toolkit},
 volume = {10},
 year = {2009}
}

@article{klivans2009learning,
 author = {Klivans, Adam R. and Long, Philip M. and Servedio, Rocco A.},
 journal = {Journal of Machine Learning Research},
 note = {\url{http://jmlr.org/papers/v10/klivans09a.html}},
 number = {94},
 pages = {2715--2740},
 title = {Learning Halfspaces with Malicious Noise},
 volume = {10},
 year = {2009}
}

@article{kontorovich2009universal,
 author = {Kontorovich, Leonid (Aryeh) and Nadler, Boaz},
 journal = {Journal of Machine Learning Research},
 note = {\url{http://jmlr.org/papers/v10/kontorovich09a.html}},
 number = {39},
 pages = {1095--1129},
 title = {Universal Kernel-Based Learning with Applications to Regular Languages},
 volume = {10},
 year = {2009}
}

@article{kraljnovak2009supervised,
 author = {Kralj Novak, Petra and Lavrač, Nada and Webb, Geoffrey I.},
 journal = {Journal of Machine Learning Research},
 note = {\url{http://jmlr.org/papers/v10/kralj-novak09a.html}},
 number = {14},
 pages = {377--403},
 title = {Supervised Descriptive Rule Discovery: A Unifying Survey of Contrast Set, Emerging Pattern and Subgroup Mining},
 volume = {10},
 year = {2009}
}

@article{kulis2009low,
 author = {Kulis, Brian and Sustik, Mátyás A. and Dhillon, Inderjit S.},
 journal = {Journal of Machine Learning Research},
 note = {\url{http://jmlr.org/papers/v10/kulis09a.html}},
 number = {13},
 pages = {341--376},
 title = {Low-Rank Kernel Learning with Bregman Matrix Divergences},
 volume = {10},
 year = {2009}
}

@article{kumar2009analysis,
 author = {Kumar, M. Pawan and Kolmogorov, Vladimir and Torr, Philip H.S.},
 journal = {Journal of Machine Learning Research},
 note = {\url{http://jmlr.org/papers/v10/kumar09a.html}},
 number = {3},
 pages = {71--106},
 title = {An Analysis of Convex Relaxations for MAP Estimation of Discrete MRFs},
 volume = {10},
 year = {2009}
}

@article{langford2009sparse,
 author = {Langford, John and Li, Lihong and Zhang, Tong},
 journal = {Journal of Machine Learning Research},
 note = {\url{http://jmlr.org/papers/v10/langford09a.html}},
 number = {28},
 pages = {777--801},
 title = {Sparse Online Learning via Truncated Gradient},
 volume = {10},
 year = {2009}
}

@article{larochelle2009exploring,
 author = {Larochelle, Hugo and Bengio, Yoshua and Louradour, Jérôme and Lamblin, Pascal},
 journal = {Journal of Machine Learning Research},
 note = {\url{http://jmlr.org/papers/v10/larochelle09a.html}},
 number = {1},
 pages = {1--40},
 title = {Exploring Strategies for Training Deep Neural Networks},
 volume = {10},
 year = {2009}
}

@article{lehmann2009dl,
 author = {Lehmann, Jens},
 journal = {Journal of Machine Learning Research},
 note = {\url{http://jmlr.org/papers/v10/lehmann09a.html}},
 number = {91},
 pages = {2639--2642},
 title = {DL-Learner: Learning Concepts in Description Logics},
 volume = {10},
 year = {2009}
}

@article{li2009controlling,
 author = {Li, Junning and Wang, Z. Jane},
 journal = {Journal of Machine Learning Research},
 note = {\url{http://jmlr.org/papers/v10/li09a.html}},
 number = {17},
 pages = {475--514},
 title = {Controlling the False Discovery Rate of the Association/Causality Structure Learned with the PC Algorithm},
 volume = {10},
 year = {2009}
}

@article{li2009multi,
 author = {Li, Hui and Liao, Xuejun and Carin, Lawrence},
 journal = {Journal of Machine Learning Research},
 note = {\url{http://jmlr.org/papers/v10/li09b.html}},
 number = {40},
 pages = {1131--1186},
 title = {Multi-task Reinforcement Learning in Partially Observable Stochastic Environments},
 volume = {10},
 year = {2009}
}

@article{lin2009marginal,
 author = {Lin, Shaowei and Sturmfels, Bernd and Xu, Zhiqiang},
 journal = {Journal of Machine Learning Research},
 note = {\url{http://jmlr.org/papers/v10/lin09a.html}},
 number = {55},
 pages = {1611--1631},
 title = {Marginal Likelihood Integrals for Mixtures of Independence Models},
 volume = {10},
 year = {2009}
}

@article{liu2009nonparanormal,
 author = {Liu, Han and Lafferty, John and Wasserman, Larry},
 journal = {Journal of Machine Learning Research},
 note = {\url{http://jmlr.org/papers/v10/liu09a.html}},
 number = {80},
 pages = {2295--2328},
 title = {The Nonparanormal: Semiparametric Estimation of High Dimensional Undirected Graphs},
 volume = {10},
 year = {2009}
}

@article{madani2009learning,
 author = {Madani, Omid and Connor, Michael and Greiner, Wiley},
 journal = {Journal of Machine Learning Research},
 note = {\url{http://jmlr.org/papers/v10/madani09a.html}},
 number = {89},
 pages = {2571--2613},
 title = {Learning When Concepts Abound},
 volume = {10},
 year = {2009}
}

@article{maes2009nieme,
 author = {Maes, Francis},
 journal = {Journal of Machine Learning Research},
 note = {\url{http://jmlr.org/papers/v10/maes09a.html}},
 number = {26},
 pages = {743--746},
 title = {Nieme: Large-Scale Energy-Based Models},
 volume = {10},
 year = {2009}
}

@article{mannor2009online,
 author = {Mannor, Shie and Tsitsiklis, John N. and Yu, Jia Yuan},
 journal = {Journal of Machine Learning Research},
 note = {\url{http://jmlr.org/papers/v10/mannor09a.html}},
 number = {20},
 pages = {569--590},
 title = {Online Learning with Sample Path Constraints},
 volume = {10},
 year = {2009}
}

@article{martins2009nonextensive,
 author = {Martins, André F. T. and Smith, Noah A. and Xing, Eric P. and Aguiar, Pedro M. Q. and Figueiredo, Mário A. T.},
 journal = {Journal of Machine Learning Research},
 note = {\url{http://jmlr.org/papers/v10/martins09a.html}},
 number = {35},
 pages = {935--975},
 title = {Nonextensive Information Theoretic Kernels on Measures},
 volume = {10},
 year = {2009}
}

@article{mcdowell2009cautious,
 author = {McDowell, Luke K. and Gupta, Kalyan Moy and Aha, David W.},
 journal = {Journal of Machine Learning Research},
 note = {\url{http://jmlr.org/papers/v10/mcdowell09a.html}},
 number = {96},
 pages = {2777--2836},
 title = {Cautious Collective Classification},
 volume = {10},
 year = {2009}
}

@article{newman2009distributed,
 author = {Newman, David and Asuncion, Arthur and Smyth, Padhraic and Welling, Max},
 journal = {Journal of Machine Learning Research},
 note = {\url{http://jmlr.org/papers/v10/newman09a.html}},
 number = {62},
 pages = {1801--1828},
 title = {Distributed Algorithms for Topic Models},
 volume = {10},
 year = {2009}
}

@article{orabona2009bounded,
 author = {Orabona, Francesco and Keshet, Joseph and Caputo, Barbara},
 journal = {Journal of Machine Learning Research},
 note = {\url{http://jmlr.org/papers/v10/orabona09a.html}},
 number = {92},
 pages = {2643--2666},
 title = {Bounded Kernel-Based Online Learning},
 volume = {10},
 year = {2009}
}

@article{paquet2009perturbation,
 author = {Paquet, Ulrich and Winther, Ole and Opper, Manfred},
 journal = {Journal of Machine Learning Research},
 note = {\url{http://jmlr.org/papers/v10/paquet09a.html}},
 number = {43},
 pages = {1263--1304},
 title = {Perturbation Corrections in Approximate Inference: Mixture Modelling Applications},
 volume = {10},
 year = {2009}
}

@article{pena2009algorithm,
 author = {Peña, José M. and Nilsson, Roland and Björkegren, Johan and Tegnér, Jesper},
 journal = {Journal of Machine Learning Research},
 note = {\url{http://jmlr.org/papers/v10/pena09a.html}},
 number = {38},
 pages = {1071--1094},
 title = {An Algorithm for Reading Dependencies from the Minimal Undirected Independence Map of a Graphoid that Satisfies Weak Transitivity},
 volume = {10},
 year = {2009}
}

@article{poczos2009identification,
 author = {Póczos, Barnabás and Lorincz, András},
 journal = {Journal of Machine Learning Research},
 note = {\url{http://jmlr.org/papers/v10/poczos09a.html}},
 number = {18},
 pages = {515--554},
 title = {Identification of Recurrent Neural Networks by Bayesian Interrogation Techniques},
 volume = {10},
 year = {2009}
}

@article{quadrianto2009estimating,
 author = {Quadrianto, Novi and Smola, Alex J. and Caetano, Tibério S. and Le, Quoc V.},
 journal = {Journal of Machine Learning Research},
 note = {\url{http://jmlr.org/papers/v10/quadrianto09a.html}},
 number = {82},
 pages = {2349--2374},
 title = {Estimating Labels from Label Proportions},
 volume = {10},
 year = {2009}
}

@article{raeder2009model,
 author = {Raeder, Troy and Chawla, Nitesh V.},
 journal = {Journal of Machine Learning Research},
 note = {\url{http://jmlr.org/papers/v10/raeder09a.html}},
 number = {47},
 pages = {1387--1390},
 title = {Model Monitor (M2): Evaluating, Comparing, and Monitoring Models},
 volume = {10},
 year = {2009}
}

@article{ramon2009polynomial,
 author = {Ramon, Jan and Nijssen, Siegfried},
 journal = {Journal of Machine Learning Research},
 note = {\url{http://jmlr.org/papers/v10/ramon09a.html}},
 number = {33},
 pages = {907--929},
 title = {Polynomial-Delay Enumeration of Monotonic Graph Classes},
 volume = {10},
 year = {2009}
}

@article{rieger2009deterministic,
 author = {Rieger, Christian and Zwicknagl, Barbara},
 journal = {Journal of Machine Learning Research},
 note = {\url{http://jmlr.org/papers/v10/rieger09a.html}},
 number = {73},
 pages = {2115--2132},
 title = {Deterministic Error Analysis of Support Vector Regression and Related Regularized Kernel Methods},
 volume = {10},
 year = {2009}
}

@article{rosset2009bi,
 author = {Rosset, Saharon},
 journal = {Journal of Machine Learning Research},
 note = {\url{http://jmlr.org/papers/v10/rosset09a.html}},
 number = {86},
 pages = {2473--2505},
 title = {Bi-level path following for cross validated solution of kernel quantile regression},
 volume = {10},
 year = {2009}
}

@article{rudin2009margin,
 author = {Rudin, Cynthia and Schapire, Robert E.},
 journal = {Journal of Machine Learning Research},
 note = {\url{http://jmlr.org/papers/v10/rudin09a.html}},
 number = {77},
 pages = {2193--2232},
 title = {Margin-based Ranking and an Equivalence between AdaBoost and RankBoost},
 volume = {10},
 year = {2009}
}

@article{rudin2009p,
 author = {Rudin, Cynthia},
 journal = {Journal of Machine Learning Research},
 note = {\url{http://jmlr.org/papers/v10/rudin09b.html}},
 number = {78},
 pages = {2233--2271},
 title = {The P-Norm Push: A Simple Convex Ranking Algorithm that Concentrates at the Top of the List},
 volume = {10},
 year = {2009}
}

@article{shah2009python,
 author = {Shah, Abhik and Woolf, Peter},
 journal = {Journal of Machine Learning Research},
 note = {\url{http://jmlr.org/papers/v10/shah09a.html}},
 number = {6},
 pages = {159--162},
 title = {Python Environment for Bayesian Learning: Inferring the Structure of Bayesian Networks from Knowledge and Data.},
 volume = {10},
 year = {2009}
}

@article{shahbaba2009nonlinear,
 author = {Shahbaba, Babak and Neal, Radford},
 journal = {Journal of Machine Learning Research},
 note = {\url{http://jmlr.org/papers/v10/shahbaba09a.html}},
 number = {63},
 pages = {1829--1850},
 title = {Nonlinear Models Using Dirichlet Process Mixtures},
 volume = {10},
 year = {2009}
}

@article{shi2009hash,
 author = {Shi, Qinfeng and Petterson, James and Dror, Gideon and Langford, John and Smola, Alex and Vishwanathan, S.V.N.},
 journal = {Journal of Machine Learning Research},
 note = {\url{http://jmlr.org/papers/v10/shi09a.html}},
 number = {90},
 pages = {2615--2637},
 title = {Hash Kernels for Structured Data},
 volume = {10},
 year = {2009}
}

@article{silva2009hidden,
 author = {Silva, Ricardo and Ghahramani, Zoubin},
 journal = {Journal of Machine Learning Research},
 note = {\url{http://jmlr.org/papers/v10/silva09a.html}},
 number = {41},
 pages = {1187--1238},
 title = {The Hidden Life of Latent Variables: Bayesian Learning with Mixed Graph Models},
 volume = {10},
 year = {2009}
}

@article{slobodianik2009strong,
 author = {Slobodianik, Nikolai and Zaporozhets, Dmitry and Madras, Neal},
 journal = {Journal of Machine Learning Research},
 note = {\url{http://jmlr.org/papers/v10/slobodianik09a.html}},
 number = {52},
 pages = {1511--1526},
 title = {Strong Limit Theorems for the Bayesian Scoring Criterion in Bayesian Networks},
 volume = {10},
 year = {2009}
}

@article{strehl2009reinforcement,
 author = {Strehl, Alexander L. and Li, Lihong and Littman, Michael L.},
 journal = {Journal of Machine Learning Research},
 note = {\url{http://jmlr.org/papers/v10/strehl09a.html}},
 number = {84},
 pages = {2413--2444},
 title = {Reinforcement Learning in Finite MDPs: PAC Analysis},
 volume = {10},
 year = {2009}
}

@article{su2009subgroup,
 author = {Su, Xiaogang and Tsai, Chih-Ling and Wang, Hansheng and Nickerson, David M. and Li, Bogong},
 journal = {Journal of Machine Learning Research},
 note = {\url{http://jmlr.org/papers/v10/su09a.html}},
 number = {5},
 pages = {141--158},
 title = {Subgroup Analysis via Recursive Partitioning},
 volume = {10},
 year = {2009}
}

@article{syed2009learning,
 author = {Syed, Zeeshan and Indyk, Piotr and Guttag, John},
 journal = {Journal of Machine Learning Research},
 note = {\url{http://jmlr.org/papers/v10/syed09a.html}},
 number = {66},
 pages = {1913--1936},
 title = {Learning Approximate Sequential Patterns for Classification},
 volume = {10},
 year = {2009}
}

@article{takacs2009scalable,
 author = {Takács, Gábor and Pilászy, István and Németh, Bottyán and Tikk, Domonkos},
 journal = {Journal of Machine Learning Research},
 note = {\url{http://jmlr.org/papers/v10/takacs09a.html}},
 number = {22},
 pages = {623--656},
 title = {Scalable Collaborative Filtering Approaches for Large Recommender Systems},
 volume = {10},
 year = {2009}
}

@article{tanner2009rl,
 author = {Tanner, Brian and White, Adam},
 journal = {Journal of Machine Learning Research},
 note = {\url{http://jmlr.org/papers/v10/tanner09a.html}},
 number = {74},
 pages = {2133--2136},
 title = {RL-Glue: Language-Independent Software for Reinforcement-Learning Experiments},
 volume = {10},
 year = {2009}
}

@article{taylor2009transfer,
 author = {Taylor, Matthew E. and Stone, Peter},
 journal = {Journal of Machine Learning Research},
 note = {\url{http://jmlr.org/papers/v10/taylor09a.html}},
 number = {56},
 pages = {1633--1685},
 title = {Transfer Learning for Reinforcement Learning Domains: A Survey},
 volume = {10},
 year = {2009}
}

@article{tuv2009feature,
 author = {Tuv, Eugene and Borisov, Alexander and Runger, George and Torkkola, Kari},
 journal = {Journal of Machine Learning Research},
 note = {\url{http://jmlr.org/papers/v10/tuv09a.html}},
 number = {45},
 pages = {1341--1366},
 title = {Feature Selection with Ensembles, Artificial Variables, and Redundancy Elimination},
 volume = {10},
 year = {2009}
}

@article{vanderweele2009properties,
 author = {VanderWeele, Tyler J. and Robins, James M.},
 journal = {Journal of Machine Learning Research},
 note = {\url{http://jmlr.org/papers/v10/vanderweele09a.html}},
 number = {24},
 pages = {699--718},
 title = {Properties of Monotonic Effects on Directed Acyclic Graphs},
 volume = {10},
 year = {2009}
}

@article{vovk2009prediction,
 author = {Vovk, Vladimir and Zhdanov, Fedor},
 journal = {Journal of Machine Learning Research},
 note = {\url{http://jmlr.org/papers/v10/vovk09a.html}},
 number = {85},
 pages = {2445--2471},
 title = {Prediction with expert advice for the Brier game},
 volume = {10},
 year = {2009}
}

@article{vural2009using,
 author = {Vural, Volkan and Fung, Glenn and Krishnapuram, Balaji and Dy, Jennifer G. and Rao, Bharat},
 journal = {Journal of Machine Learning Research},
 note = {\url{http://jmlr.org/papers/v10/vural09a.html}},
 number = {8},
 pages = {183--206},
 title = {Using Local Dependencies within Batches to Improve Large Margin Classifiers},
 volume = {10},
 year = {2009}
}

@article{wang2009efficient,
 author = {Wang, Junhui and Shen, Xiaotong and Pan, Wei},
 journal = {Journal of Machine Learning Research},
 note = {\url{http://jmlr.org/papers/v10/wang09a.html}},
 number = {25},
 pages = {719--742},
 title = {On Efficient Large Margin Semisupervised Learning: Method and Theory},
 volume = {10},
 year = {2009}
}

@article{weinberger2009distance,
 author = {Weinberger, Kilian Q. and Saul, Lawrence K.},
 journal = {Journal of Machine Learning Research},
 note = {\url{http://jmlr.org/papers/v10/weinberger09a.html}},
 number = {9},
 pages = {207--244},
 title = {Distance Metric Learning for Large Margin Nearest Neighbor Classification},
 volume = {10},
 year = {2009}
}

@article{white2009settable,
 author = {White, Halbert and Chalak, Karim},
 journal = {Journal of Machine Learning Research},
 note = {\url{http://jmlr.org/papers/v10/white09a.html}},
 number = {61},
 pages = {1759--1799},
 title = {Settable Systems: An Extension of Pearl's Causal Model with Optimization, Equilibrium, and Learning},
 volume = {10},
 year = {2009}
}

@article{woodsend2009hybrid,
 author = {Woodsend, Kristian and Gondzio, Jacek},
 journal = {Journal of Machine Learning Research},
 note = {\url{http://jmlr.org/papers/v10/woodsend09a.html}},
 number = {67},
 pages = {1937--1953},
 title = {Hybrid MPI/OpenMP Parallel Linear Support Vector Machine Training},
 volume = {10},
 year = {2009}
}

@article{xiang2009classification,
 author = {Xiang, Dao-Hong and Zhou, Ding-Xuan},
 journal = {Journal of Machine Learning Research},
 note = {\url{http://jmlr.org/papers/v10/xiang09a.html}},
 number = {49},
 pages = {1447--1468},
 title = {Classification with Gaussians and Convex Loss},
 volume = {10},
 year = {2009}
}

@article{xu2009learning,
 author = {Xu, Yuehua and Fern, Alan and Yoon, Sungwook},
 journal = {Journal of Machine Learning Research},
 note = {\url{http://jmlr.org/papers/v10/xu09c.html}},
 number = {54},
 pages = {1571--1610},
 title = {Learning Linear Ranking Functions for Beam Search with Application to Planning},
 volume = {10},
 year = {2009}
}

@article{xu2009refinement,
 author = {Xu, Yuesheng and Zhang, Haizhang},
 journal = {Journal of Machine Learning Research},
 note = {\url{http://jmlr.org/papers/v10/xu09a.html}},
 number = {4},
 pages = {107--140},
 title = {Refinement of Reproducing Kernels},
 volume = {10},
 year = {2009}
}

@article{xu2009robustness,
 author = {Xu, Huan and Caramanis, Constantine and Mannor, Shie},
 journal = {Journal of Machine Learning Research},
 note = {\url{http://jmlr.org/papers/v10/xu09b.html}},
 number = {51},
 pages = {1485--1510},
 title = {Robustness and Regularization of Support Vector Machines},
 volume = {10},
 year = {2009}
}

@article{yehezkel2009bayesian,
 author = {Yehezkel, Raanan and Lerner, Boaz},
 journal = {Journal of Machine Learning Research},
 note = {\url{http://jmlr.org/papers/v10/yehezkel09a.html}},
 number = {53},
 pages = {1527--1570},
 title = {Bayesian Network Structure Learning by Recursive Autonomy Identification},
 volume = {10},
 year = {2009}
}

@article{zakai2009consistency,
 author = {Zakai, Alon and Ritov, Ya'acov},
 journal = {Journal of Machine Learning Research},
 note = {\url{http://jmlr.org/papers/v10/zakai09a.html}},
 number = {30},
 pages = {827--856},
 title = {Consistency and Localizability},
 volume = {10},
 year = {2009}
}

@article{zhang2009consistency,
 author = {Zhang, Tong},
 journal = {Journal of Machine Learning Research},
 note = {\url{http://jmlr.org/papers/v10/zhang09a.html}},
 number = {19},
 pages = {555--568},
 title = {On the Consistency of Feature Selection using Greedy Least Squares Regression},
 volume = {10},
 year = {2009}
}

@article{zhang2009reproducing,
 author = {Zhang, Haizhang and Xu, Yuesheng and Zhang, Jun},
 journal = {Journal of Machine Learning Research},
 note = {\url{http://jmlr.org/papers/v10/zhang09b.html}},
 number = {95},
 pages = {2741--2775},
 title = {Reproducing Kernel Banach Spaces for Machine Learning},
 volume = {10},
 year = {2009}
}

@article{zhu2009maximum,
 author = {Zhu, Jun and Xing, Eric P.},
 journal = {Journal of Machine Learning Research},
 note = {\url{http://jmlr.org/papers/v10/zhu09a.html}},
 number = {88},
 pages = {2531--2569},
 title = {Maximum Entropy Discrimination Markov Networks},
 volume = {10},
 year = {2009}
}
