@article{aliferis2010local1,
  author =       {Aliferis, Constantin F. and Statnikov, Alexander and
                  Tsamardinos, Ioannis and Mani, Subramani and
                  Koutsoukos, Xenofon},
  journal =      {Journal of Machine Learning Research},
  note =         {\url{http://jmlr.org/papers/v11/aliferis10a.html}},
  number =       7,
  openalex =     {W2133091666},
  pages =        {171--234},
  title =        {Local Causal and Markov Blanket Induction for Causal
                  Discovery and Feature Selection for Classification
                  Part I: Algorithms and Empirical Evaluation},
  volume =       11,
  year =         2010
}

@article{aliferis2010local2,
  author =       {Aliferis, Constantin F. and Statnikov, Alexander and
                  Tsamardinos, Ioannis and Mani, Subramani and
                  Koutsoukos, Xenofon},
  journal =      {Journal of Machine Learning Research},
  note =         {\url{http://jmlr.org/papers/v11/aliferis10b.html}},
  number =       8,
  openalex =     {W2120450109},
  pages =        {235--284},
  title =        {Local Causal and Markov Blanket Induction for Causal
                  Discovery and Feature Selection for Classification
                  Part II: Analysis and Extensions},
  volume =       11,
  year =         2010
}

@article{aoyagi2010stochastic,
  author =       {Aoyagi, Miki},
  journal =      {Journal of Machine Learning Research},
  note =         {\url{http://jmlr.org/papers/v11/aoyagi10a.html}},
  number =       41,
  openalex =     {W2105304730},
  pages =        {1243--1272},
  title =        {Stochastic Complexity and Generalization Error of a
                  Restricted Boltzmann Machine in Bayesian Estimation},
  volume =       11,
  year =         2010
}

@article{argyriou2010spectral,
  author =       {Argyriou, Andreas A. and Micchelli, Charles A. and
                  Pontil, Massimiliano},
  journal =      {Journal of Machine Learning Research},
  note =         {\url{http://jmlr.org/papers/v11/argyriou10a.html}},
  number =       31,
  openalex =     {W2154389918},
  pages =        {935--953},
  title =        {On Spectral Learning},
  volume =       11,
  year =         2010
}

@article{audibert2010regret,
  author =       {Audibert, Jean-Yves and Bubeck, Sébastien},
  journal =      {Journal of Machine Learning Research},
  note =         {\url{http://jmlr.org/papers/v11/audibert10a.html}},
  number =       94,
  openalex =     {W2123681024},
  pages =        {2785--2836},
  title =        {Regret Bounds and Minimax Policies under Partial
                  Monitoring},
  volume =       11,
  year =         2010
}

@article{baehrens2010how,
  author =       {Baehrens, David and Schroeter, Timon and Harmeling,
                  Stefan and Kawanabe, Motoaki and Hansen, Katja and
                  Müller, Klaus‐Robert},
  journal =      {Journal of Machine Learning Research},
  note =         {\url{http://jmlr.org/papers/v11/baehrens10a.html}},
  number =       61,
  openalex =     {W2150165932},
  pages =        {1803--1831},
  title =        {How to Explain Individual Classification Decisions},
  volume =       11,
  year =         2010
}

@article{benhaim2010streaming,
  author =       {Ben‐Haim, Yael and Tom-Tov, Elad},
  journal =      {Journal of Machine Learning Research},
  note =         {\url{http://jmlr.org/papers/v11/ben-haim10a.html}},
  number =       28,
  openalex =     {W2152837238},
  pages =        {849--872},
  title =        {A Streaming Parallel Decision Tree Algorithm},
  volume =       11,
  year =         2010
}

@article{biau2010on,
  author =       {Biau, Gérard and Cérou, Frédéric and Guyader,
                  Arnaud},
  journal =      {Journal of Machine Learning Research},
  note =         {\url{http://jmlr.org/papers/v11/biau10a.html}},
  number =       22,
  openalex =     {W2128025294},
  pages =        {687--712},
  title =        {On the rate of convergence of the bagged nearest
                  neighbor estimate},
  volume =       11,
  year =         2010
}

@article{bifet2010moa,
  author =       {Bifet, Albert and Holmes, Geoff and Kirkby, Richard
                  and Pfahringer, Bernhard},
  journal =      {Journal of Machine Learning Research},
  note =         {\url{http://jmlr.org/papers/v11/bifet10a.html}},
  number =       52,
  pages =        {1601--1604},
  title =        {MOA: Massive Online Analysis},
  volume =       11,
  year =         2010
}

@article{blanchard2010semi,
  author =       {Blanchard, Gilles and Lee, Gyemin and Scott,
                  Clayton},
  journal =      {Journal of Machine Learning Research},
  note =         {\url{http://jmlr.org/papers/v11/blanchard10a.html}},
  number =       99,
  openalex =     {W2127883478},
  pages =        {2973--3009},
  title =        {Semi-Supervised Novelty Detection},
  volume =       11,
  year =         2010
}

@article{bordes2010erratum,
  author =       {Bordes, Antoine and Bottou, Léon and Gallinari,
                  Patrick and Chang, Jonathan and Smith, S. Alex},
  journal =      {Journal of Machine Learning Research},
  note =         {\url{http://jmlr.org/papers/v11/bordes10a.html}},
  number =       77,
  openalex =     {W2170854749},
  pages =        {2229--2240},
  title =        {Erratum: Sgdqn is less careful than expected},
  volume =       11,
  year =         2010
}

@article{bouckaert2010efficient,
  author =       {Bouckaert, Remco and Hemmecke, Raymond and Lindner,
                  Silvia and Studený, Milan},
  journal =      {Journal of Machine Learning Research},
  note =         {\url{http://jmlr.org/papers/v11/bouckaert10b.html}},
  number =       112,
  openalex =     {W2147271541},
  pages =        {3453--3479},
  title =        {Efficient Algorithms for Conditional Independence
                  Inference},
  volume =       11,
  year =         2010
}

@article{bouckaert2010weka,
  author =       {Bouckaert, Remco and Frank, Eibe and Hall, Mark
                  A. and Holmes, Geoffrey and Pfahringer, Bernhard and
                  Reutemann, Peter and Witten, Ian H.},
  journal =      {Journal of Machine Learning Research},
  note =         {\url{http://jmlr.org/papers/v11/bouckaert10a.html}},
  number =       87,
  openalex =     {W2095776265},
  pages =        {2533--2541},
  title =        {WEKA---Experiences with a Java Open-Source Project},
  volume =       11,
  year =         2010
}

@article{carlsson2010characterization,
  author =       {Carlsson, Gunnar and Mémoli, Facundo},
  journal =      {Journal of Machine Learning Research},
  note =         {\url{http://jmlr.org/papers/v11/carlsson10a.html}},
  number =       47,
  openalex =     {W2165879774},
  pages =        {1425--1470},
  title =        {Characterization, Stability and Convergence of
                  Hierarchical Clustering Methods},
  volume =       11,
  year =         2010
}

@article{cavallanti2010linear,
  author =       {Cavallanti, Giovanni and Cesa‐Bianchi, Nicolò and
                  Gentile, Claudio},
  journal =      {Journal of Machine Learning Research},
  note =         {\url{http://jmlr.org/papers/v11/cavallanti10a.html}},
  number =       97,
  openalex =     {W2116772053},
  pages =        {2901--2934},
  title =        {Linear Algorithms for Online Multitask
                  Classification},
  volume =       11,
  year =         2010
}

@article{cawley2010on,
  author =       {Cawley, Gavin C. and Talbot, Nicola L. C.},
  journal =      {Journal of Machine Learning Research},
  note =         {\url{http://jmlr.org/papers/v11/cawley10a.html}},
  number =       70,
  openalex =     {W2154776925},
  pages =        {2079--2107},
  title =        {On Over-fitting in Model Selection and Subsequent
                  Selection Bias in Performance Evaluation},
  volume =       11,
  year =         2010
}

@article{chang2010training,
  author =       {Chang, Yin-Wen and Hsieh, Cho‐Jui and Chang, Kai‐Wei
                  and Ringgaard, Michael and Lin, Chih‐Jen},
  journal =      {Journal of Machine Learning Research},
  note =         {\url{http://jmlr.org/papers/v11/chang10a.html}},
  number =       48,
  openalex =     {W2143570267},
  pages =        {1471--1490},
  title =        {Training and Testing Low-degree Polynomial Data
                  Mappings via Linear SVM},
  volume =       11,
  year =         2010
}

@article{chang2010tree,
  author =       {Chang, Fu and Guo, Chien-Yang and Lin, Xiao-Rong and
                  Lu, Chi-Jen},
  journal =      {Journal of Machine Learning Research},
  note =         {\url{http://jmlr.org/papers/v11/chang10b.html}},
  number =       98,
  openalex =     {W2127199780},
  pages =        {2935--2972},
  title =        {Tree Decomposition for Large-Scale SVM Problems},
  volume =       11,
  year =         2010
}

@article{chechik2010large,
  author =       {Chechik, Gal and Sharma, Varun and Shalit, Uri and
                  Bengio, Samy},
  journal =      {Journal of Machine Learning Research},
  note =         {\url{http://jmlr.org/papers/v11/chechik10a.html}},
  number =       36,
  openalex =     {W1532499126},
  pages =        {1109--1135},
  title =        {Large Scale Online Learning of Image Similarity
                  Through Ranking},
  volume =       11,
  year =         2010
}

@article{christoforou2010second,
  author =       {Christoforou, Christoforos and Haralick, Robert
                  M. and Sajda, Paul and Parra, Lucas C.},
  journal =      {Journal of Machine Learning Research},
  note =
                  {\url{http://jmlr.org/papers/v11/christoforou10a.html}},
  number =       21,
  openalex =     {W2158656175},
  pages =        {665--685},
  title =        {Second-Order Bilinear Discriminant Analysis},
  volume =       11,
  year =         2010
}

@article{clark2010using,
  author =       {Clark, Alexander and Eyraud, R. and Habrard, Amaury},
  journal =      {Journal of Machine Learning Research},
  note =         {\url{http://jmlr.org/papers/v11/clark10a.html}},
  number =       92,
  openalex =     {W2097100074},
  pages =        {2707--2744},
  title =        {Using Contextual Representations to Efficiently
                  Learn Context-Free Languages},
  volume =       11,
  year =         2010
}

@article{cohen2010covariance,
  author =       {Cohen, Shay B. and Smith, Noah A.},
  journal =      {Journal of Machine Learning Research},
  note =         {\url{http://jmlr.org/papers/v11/cohen10a.html}},
  number =       101,
  openalex =     {W2160474561},
  pages =        {3017--3051},
  title =        {Covariance in Unsupervised Learning of Probabilistic
                  Grammars},
  volume =       11,
  year =         2010
}

@article{cohn2010inducing,
  author =       {Cohn, Trevor and Blunsom, Phil and Goldwater,
                  Sharon},
  journal =      {Journal of Machine Learning Research},
  note =         {\url{http://jmlr.org/papers/v11/cohn10b.html}},
  number =       102,
  openalex =     {W2157874452},
  pages =        {3053--3096},
  title =        {Inducing Tree-Substitution Grammars},
  volume =       11,
  year =         2010
}

@article{cohn2010mean,
  author =       {Cohn, Ido and El‐Hay, Tal and Friedman, Nir and
                  Kupferman, Raz},
  journal =      {Journal of Machine Learning Research},
  note =         {\url{http://jmlr.org/papers/v11/cohn10a.html}},
  number =       93,
  openalex =     {W1597438912},
  pages =        {2745--2783},
  title =        {Mean Field Variational Approximation for
                  Continuous-Time Bayesian Networks},
  volume =       11,
  year =         2010
}

@article{dicastro2010convergent,
  author =       {Castro, Dotan Di and Meir, Ron},
  journal =      {Journal of Machine Learning Research},
  note =         {\url{http://jmlr.org/papers/v11/dicastro10a.html}},
  number =       11,
  openalex =     {W2141091023},
  pages =        {367--410},
  title =        {A Convergent Online Single Time Scale Actor Critic
                  Algorithm},
  volume =       11,
  year =         2010
}

@article{dillon2010stochastic,
  author =       {Dillon, Joshua V. and Lebanon, Guy},
  journal =      {Journal of Machine Learning Research},
  note =         {\url{http://jmlr.org/papers/v11/dillon10a.html}},
  number =       89,
  openalex =     {W2114860583},
  pages =        {2597--2633},
  title =        {Stochastic Composite Likelihood},
  volume =       11,
  year =         2010
}

@article{ding2010investigation,
  author =       {Ding, Yufeng and Simonoff, Jeffrey S.},
  journal =      {Journal of Machine Learning Research},
  note =         {\url{http://jmlr.org/papers/v11/ding10a.html}},
  number =       6,
  pages =        {131--170},
  title =        {An Investigation of Missing Data Methods for
                  Classification Trees Applied to Binary Response
                  Data},
  volume =       11,
  year =         2010
}

@article{dmochowski2010maximum,
  author =       {Dmochowski, Jacek and Sajda, Paul and Parra, Lucas
                  C.},
  journal =      {Journal of Machine Learning Research},
  note =         {\url{http://jmlr.org/papers/v11/dmochowski10a.html}},
  number =       108,
  openalex =     {W2121946739},
  pages =        {3313--3332},
  title =        {Maximum Likelihood in Cost-Sensitive Learning: Model
                  Specification, Approximations, and Upper Bounds},
  volume =       11,
  year =         2010
}

@article{donmez2010unsupervised,
  author =       {Dönmez, Pınar and Lebanon, Guy and Balasubramanian,
                  Krishnakumar},
  journal =      {Journal of Machine Learning Research},
  note =         {\url{http://jmlr.org/papers/v11/donmez10a.html}},
  number =       44,
  openalex =     {W2099906136},
  pages =        {1323--1351},
  title =        {Unsupervised Supervised Learning I: Estimating
                  Classification and Regression Errors without Labels},
  volume =       11,
  year =         2010
}

@article{elyaniv2010foundations,
  author =       {El‐Yaniv, Ran and Wiener, Yair},
  journal =      {Journal of Machine Learning Research},
  note =         {\url{http://jmlr.org/papers/v11/el-yaniv10a.html}},
  number =       53,
  openalex =     {W2101946573},
  pages =        {1605--1641},
  title =        {On the Foundations of Noise-free Selective
                  Classification},
  volume =       11,
  year =         2010
}

@article{erhan2010why,
  author =       {Erhan, Dumitru and Bengio, Yoshua and Courville,
                  Aaron and Manzagol, Pierre-Antoine and Vincent,
                  Pascal and Bengio, Samy},
  journal =      {Journal of Machine Learning Research},
  note =         {\url{http://jmlr.org/papers/v11/erhan10a.html}},
  number =       19,
  openalex =     {W2138857742},
  pages =        {625--660},
  title =        {Why Does Unsupervised Pre-training Help Deep
                  Learning?},
  volume =       11,
  year =         2010
}

@article{escalera2010error,
  author =       {Escalera, Sergio and Pujol, Oriol and Radeva, Petia},
  journal =      {Journal of Machine Learning Research},
  note =         {\url{http://jmlr.org/papers/v11/escalera10a.html}},
  number =       20,
  pages =        {661--664},
  title =        {Error-Correcting Output Codes Library},
  volume =       11,
  year =         2010
}

@article{fan2010importance,
  author =       {Fan, Yu and Xu, Jing and Shelton, Christian R.},
  journal =      {Journal of Machine Learning Research},
  note =         {\url{http://jmlr.org/papers/v11/fan10a.html}},
  number =       72,
  openalex =     {W2153544503},
  pages =        {2115--2140},
  title =        {Importance Sampling for Continuous Time Bayesian
                  Networks},
  volume =       11,
  year =         2010
}

@article{forero2010consensus,
  author =       {Forero, Pedro A. and Caño, Alfonso and Giannakis,
                  Georgios B.},
  journal =      {Journal of Machine Learning Research},
  note =         {\url{http://jmlr.org/papers/v11/forero10a.html}},
  number =       55,
  openalex =     {W2132291180},
  pages =        {1663--1707},
  title =        {Consensus-Based Distributed Support Vector Machines},
  volume =       11,
  year =         2010
}

@article{ganchev2010posterior,
  author =       {Ganchev, Kuzman and Graça, Joäo and Gillenwater,
                  Jennifer and Taskar, Ben},
  journal =      {Journal of Machine Learning Research},
  note =         {\url{http://jmlr.org/papers/v11/ganchev10a.html}},
  number =       67,
  openalex =     {W2154368244},
  pages =        {2001--2049},
  title =        {Posterior Regularization for Structured Latent
                  Variable Models},
  volume =       11,
  year =         2010
}

@article{ghiasishirazi2010learning,
  author =       {Ghiasi-Shirazi, Kamaledin and Safabakhsh, Reza and
                  Shamsi, M.},
  journal =      {Journal of Machine Learning Research},
  note =
                  {\url{http://jmlr.org/papers/v11/ghiasi-shirazi10a.html}},
  number =       45,
  openalex =     {W2129511572},
  pages =        {1353--1390},
  title =        {Learning Translation Invariant Kernels for
                  Classification},
  volume =       11,
  year =         2010
}

@article{gomez2010approximate,
  author =       {Gómez, Vicenç and Kappen, Hilbert J. and Chertkov,
                  Michael},
  journal =      {Journal of Machine Learning Research},
  note =         {\url{http://jmlr.org/papers/v11/gomez10a.html}},
  number =       42,
  openalex =     {W2569102244},
  pages =        {1273--1296},
  title =        {Approximate Inference on Planar Graphs using Loop
                  Calculus and Belief Propagation},
  volume =       11,
  year =         2010
}

@article{gorissen2010surrogate,
  author =       {Gorissen, Dirk and Couckuyt, Ivo and Demeester, Piet
                  and Dhaene, Tom and Crombecq, Karel},
  journal =      {Journal of Machine Learning Research},
  note =         {\url{http://jmlr.org/papers/v11/gorissen10a.html}},
  number =       68,
  openalex =     {W2106944478},
  pages =        {2051--2055},
  title =        {A Surrogate Modeling and Adaptive Sampling Toolbox
                  for Computer Based Design},
  volume =       11,
  year =         2010
}

@article{gretton2010consistent,
  author =       {Gretton, Arthur and Györfi, László},
  journal =      {Journal of Machine Learning Research},
  note =         {\url{http://jmlr.org/papers/v11/gretton10a.html}},
  number =       46,
  openalex =     {W2167663973},
  pages =        {1391--1423},
  title =        {Consistent Nonparametric Tests of Independence},
  volume =       11,
  year =         2010
}

@article{gupta2010collective,
  author =       {Gupta, Rahul and Sarawagi, Sunita and Diwan, Ajit
                  A.},
  journal =      {Journal of Machine Learning Research},
  note =         {\url{http://jmlr.org/papers/v11/gupta10a.html}},
  number =       103,
  openalex =     {W1754515228},
  pages =        {3097--3135},
  title =        {Collective Inference for Extraction MRFs Coupled
                  with Symmetric Clique Potentials},
  volume =       11,
  year =         2010
}

@article{guyon2010model,
  author =       {Guyon, Isabelle and Saffari, Amir and Dror, Gideon
                  and Cawley, Gavin C.},
  journal =      {Journal of Machine Learning Research},
  note =         {\url{http://jmlr.org/papers/v11/guyon10a.html}},
  number =       3,
  openalex =     {W1840091437},
  pages =        {61--87},
  title =        {Model Selection: Beyond the Bayesian/Frequentist
                  Divide},
  volume =       11,
  year =         2010
}

@article{gyorgy2010on,
  author =       {György, András and Lugosi, Gábor and Ottucsák,
                  György},
  journal =      {Journal of Machine Learning Research},
  note =         {\url{http://jmlr.org/papers/v11/gyorgy10a.html}},
  number =       4,
  openalex =     {W2171881527},
  pages =        {89--109},
  title =        {On-Line Sequential Bin Packing},
  volume =       11,
  year =         2010
}

@article{henderson2010incremental,
  author =       {Henderson, James and Titov, Ivan},
  journal =      {Journal of Machine Learning Research},
  note =         {\url{http://jmlr.org/papers/v11/henderson10a.html}},
  number =       115,
  openalex =     {W2108014210},
  pages =        {3541--3570},
  title =        {Incremental Sigmoid Belief Networks for Grammar
                  Learning},
  volume =       11,
  year =         2010
}

@article{honkela2010approximate,
  author =       {Honkela, Antti and Raiko, Tapani and Kuusela, Mikael
                  and Tornio, Matti and Karhunen, Juha},
  journal =      {Journal of Machine Learning Research},
  note =         {\url{http://jmlr.org/papers/v11/honkela10a.html}},
  number =       106,
  openalex =     {W1546485431},
  pages =        {3235--3268},
  title =        {Approximate Riemannian Conjugate Gradient Learning
                  for Fixed-Form Variational Bayes},
  volume =       11,
  year =         2010
}

@article{hothorn2010model,
  author =       {Hothorn, Torsten and Bühlmann, Peter and Kneib,
                  Thomas and Schmid, Matthias and Hofner, Benjamin},
  journal =      {Journal of Machine Learning Research},
  note =         {\url{http://jmlr.org/papers/v11/hothorn10a.html}},
  number =       71,
  openalex =     {W2104235537},
  pages =        {2109--2113},
  title =        {Model-based Boosting 2.0},
  volume =       11,
  year =         2010
}

@article{huang2010iterative,
  author =       {Huang, Fang-Lan and Hsieh, Cho‐Jui and Chan, Kai-Wei
                  and Lin, Chih‐Jen},
  journal =      {Journal of Machine Learning Research},
  note =         {\url{http://jmlr.org/papers/v11/huang10a.html}},
  number =       27,
  openalex =     {W2127785841},
  pages =        {815--848},
  title =        {Iterative Scaling and Coordinate Descent Methods for
                  Maximum Entropy Models},
  volume =       11,
  year =         2010
}

@article{hyvarinen2010estimation,
  author =       {Hyvärinen, Aapo and Zhang, Kun and Shimizu, Shohei
                  and Hoyer, Patrik O.},
  journal =      {Journal of Machine Learning Research},
  note =         {\url{http://jmlr.org/papers/v11/hyvarinen10a.html}},
  number =       56,
  openalex =     {W2154195147},
  pages =        {1709--1731},
  title =        {Estimation of a Structural Vector Autoregression
                  Model Using Non-Gaussianity},
  volume =       11,
  year =         2010
}

@article{ilin2010practical,
  author =       {Ilin, Alexander and Raiko, Tapani},
  journal =      {Journal of Machine Learning Research},
  note =         {\url{http://jmlr.org/papers/v11/ilin10a.html}},
  number =       66,
  openalex =     {W1920010643},
  pages =        {1957--2000},
  title =        {Practical Approaches to Principal Component Analysis
                  in the Presence of Missing Values},
  volume =       11,
  year =         2010
}

@article{jaimovich2010fastinf,
  author =       {Jaimovich, Ariel and Meshi, Ofer and McGraw, Ian and
                  Elidan, Gal},
  journal =      {Journal of Machine Learning Research},
  note =         {\url{http://jmlr.org/papers/v11/jaimovich10a.html}},
  number =       57,
  openalex =     {W2117776955},
  pages =        {1733--1736},
  title =        {FastInf: An Efficient Approximate Inference Library},
  volume =       11,
  year =         2010
}

@article{jaksch2010near,
  author =       {Jaksch, Thomas and Ortner, Ronald and Auer, Peter},
  journal =      {Journal of Machine Learning Research},
  note =         {\url{http://jmlr.org/papers/v11/jaksch10a.html}},
  number =       51,
  openalex =     {W1850488217},
  pages =        {1563--1600},
  title =        {Near-optimal Regret Bounds for Reinforcement
                  Learning},
  volume =       11,
  year =         2010
}

@article{journee2010generalized,
  author =       {Journée, Michel and Nesterov, Yurii and Richtárik,
                  Peter and Sepulchre, Rodolphe},
  journal =      {Journal of Machine Learning Research},
  note =         {\url{http://jmlr.org/papers/v11/journee10a.html}},
  number =       15,
  openalex =     {W2097417531},
  pages =        {517--553},
  title =        {Generalized power method for sparse principal
                  component analysis},
  volume =       11,
  year =         2010
}

@article{keshavan2010matrix,
  author =       {Keshavan, Raghunandan H. and Montanari, Andrea and
                  Oh, Sewoong},
  journal =      {Journal of Machine Learning Research},
  note =         {\url{http://jmlr.org/papers/v11/keshavan10a.html}},
  number =       69,
  openalex =     {W2616032753},
  pages =        {2057--2078},
  title =        {Matrix Completion from Noisy Entries},
  volume =       11,
  year =         2010
}

@article{kojima2010optimal,
  author =       {Kojima, Kaname and Perrier, Éric and Imoto, Seiya
                  and Miyano, Satoru},
  journal =      {Journal of Machine Learning Research},
  note =         {\url{http://jmlr.org/papers/v11/kojima10a.html}},
  number =       9,
  openalex =     {W2138186209},
  pages =        {285--310},
  title =        {Optimal Search on Clustered Structural Constraint
                  for Learning Bayesian Network Structure},
  volume =       11,
  year =         2010
}

@article{koltchinskii2010rademacher,
  author =       {Koltchinskii, Vladimir},
  journal =      {Journal of Machine Learning Research},
  note =
                  {\url{http://jmlr.org/papers/v11/koltchinskii10a.html}},
  number =       85,
  openalex =     {W53630002},
  pages =        {2457--2485},
  title =        {Rademacher Complexities and Bounding the Excess Risk
                  in Active Learning},
  volume =       11,
  year =         2010
}

@article{krause2010sfo,
  author =       {Krause, Andreas},
  journal =      {Journal of Machine Learning Research},
  note =         {\url{http://jmlr.org/papers/v11/krause10a.html}},
  number =       38,
  openalex =     {W2118936174},
  pages =        {1141--1144},
  title =        {SFO: A Toolbox for Submodular Function Optimization},
  volume =       11,
  year =         2010
}

@article{laparra2010image,
  author =       {Laparra, Valero and Gutiérrez, Juan and Camps‐Valls,
                  Gustau and Malo, Jesús},
  journal =      {Journal of Machine Learning Research},
  note =         {\url{http://jmlr.org/papers/v11/laparra10a.html}},
  number =       29,
  openalex =     {W4299315240},
  pages =        {873--903},
  title =        {Image Denoising with Kernels based on Natural Image
                  Relations},
  volume =       11,
  year =         2010
}

@article{lazarogredilla2010sparse,
  author =       {Lázaro-Gredilla, Miguel and Quiñonero-Candela,
                  Joaquin and Rasmussen, Carl Edward and
                  Figueiras-Vidal, Anı́bal R.},
  journal =      {Journal of Machine Learning Research},
  note =
                  {\url{http://jmlr.org/papers/v11/lazaro-gredilla10a.html}},
  number =       63,
  openalex =     {W2170912685},
  pages =        {1865--1881},
  title =        {Sparse Spectrum Gaussian Process Regression},
  volume =       11,
  year =         2010
}

@article{leskovec2010kronecker,
  author =       {Leskovec, Jure and Chakrabarti, Deepayan and
                  Kleinberg, Jon and Faloutsos, Christos and
                  Ghahramani, Zoubin},
  journal =      {Journal of Machine Learning Research},
  note =         {\url{http://jmlr.org/papers/v11/leskovec10a.html}},
  number =       33,
  openalex =     {W2112681514},
  pages =        {985--1042},
  title =        {Kronecker Graphs: An Approach to Modeling Networks},
  volume =       11,
  year =         2010
}

@article{lucke2010expectation,
  author =       {Lücke, Jörg and Eggert, Julian},
  journal =      {Journal of Machine Learning Research},
  note =         {\url{http://jmlr.org/papers/v11/lucke10a.html}},
  number =       96,
  openalex =     {W2128209899},
  pages =        {2855--2900},
  title =        {Expectation Truncation and the Benefits of
                  Preselection In Training Generative Models},
  volume =       11,
  year =         2010
}

@article{mairal2010online,
  author =       {Mairal, Julien and Bach, Francis and Ponce, Jean and
                  Sapiro, Guillermo},
  journal =      {Journal of Machine Learning Research},
  note =         {\url{http://jmlr.org/papers/v11/mairal10a.html}},
  number =       2,
  openalex =     {W2112447569},
  pages =        {19--60},
  title =        {Online Learning for Matrix Factorization and Sparse
                  Coding},
  volume =       11,
  year =         2010
}

@article{mann2010generalized,
  author =       {Mann, Gideon and McCallum, Andrew},
  journal =      {Journal of Machine Learning Research},
  note =         {\url{http://jmlr.org/papers/v11/mann10a.html}},
  number =       32,
  openalex =     {W2122052811},
  pages =        {955--984},
  title =        {Generalized Expectation Criteria for Semi-Supervised
                  Learning with Weakly Labeled Data},
  volume =       11,
  year =         2010
}

@article{mazumder2010spectral,
  author =       {Mazumder, Rahul and Hastie, Trevor and Tibshirani,
                  Robert},
  journal =      {Journal of Machine Learning Research},
  note =         {\url{http://jmlr.org/papers/v11/mazumder10a.html}},
  number =       80,
  openalex =     {W2146130798},
  pages =        {2287--2322},
  title =        {Spectral Regularization Algorithms for Learning
                  Large Incomplete Matrices.},
  volume =       11,
  year =         2010
}

@article{meila2010exponential,
  author =       {Meilă, Marina and Bao, Le},
  journal =      {Journal of Machine Learning Research},
  note =         {\url{http://jmlr.org/papers/v11/meila10a.html}},
  number =       113,
  openalex =     {W2102987267},
  pages =        {3481--3518},
  title =        {An Exponential Model for Infinite Rankings},
  volume =       11,
  year =         2010
}

@article{mohri2010stability,
  author =       {Mohri, Mehryar and Rostamizadeh, Afshin},
  journal =      {Journal of Machine Learning Research},
  note =         {\url{http://jmlr.org/papers/v11/mohri10a.html}},
  number =       26,
  openalex =     {W2164688468},
  pages =        {789--814},
  title =        {Stability Bounds for Stationary '-mixing and -mixing
                  Processes},
  volume =       11,
  year =         2010
}

@article{mooij2010libdai,
  author =       {Mooij, Joris M.},
  journal =      {Journal of Machine Learning Research},
  note =         {\url{http://jmlr.org/papers/v11/mooij10a.html}},
  number =       74,
  openalex =     {W2169447051},
  pages =        {2169--2173},
  title =        {libDAI: A Free and Open Source C++ Library for
                  Discrete Approximate Inference in Graphical Models},
  volume =       11,
  year =         2010
}

@article{mordohai2010dimensionality,
  author =       {Mordohai, Philippos and Medioni, Gérard},
  journal =      {Journal of Machine Learning Research},
  note =         {\url{http://jmlr.org/papers/v11/mordohai10a.html}},
  number =       12,
  openalex =     {W2159998603},
  pages =        {411--450},
  title =        {Dimensionality Estimation, Manifold Learning and
                  Function Approximation using Tensor Voting},
  volume =       11,
  year =         2010
}

@article{ojala2010permutation,
  author =       {Ojala, Markus and Garriga, Gemma C.},
  journal =      {Journal of Machine Learning Research},
  note =         {\url{http://jmlr.org/papers/v11/ojala10a.html}},
  number =       62,
  openalex =     {W2160331326},
  pages =        {1833--1863},
  title =        {Permutation Tests for Studying Classifier
                  Performance},
  volume =       11,
  year =         2010
}

@article{omidiran2010high,
  author =       {Omidiran, Dapo and Wainwright, Martin J.},
  journal =      {Journal of Machine Learning Research},
  note =         {\url{http://jmlr.org/papers/v11/omidiran10a.html}},
  number =       82,
  openalex =     {W2122018120},
  pages =        {2361--2386},
  title =        {High-dimensional Variable Selection with Sparse
                  Random Projections: Measurement Sparsity and
                  Statistical Efficiency},
  volume =       11,
  year =         2010
}

@article{pernkopf2010efficient,
  author =       {Pernkopf, Franz and Bilmes, Jeff},
  journal =      {Journal of Machine Learning Research},
  note =         {\url{http://jmlr.org/papers/v11/pernkopf10a.html}},
  number =       81,
  openalex =     {W157873616},
  pages =        {2323--2360},
  title =        {Efficient Heuristics for Discriminative Structure
                  Learning of Bayesian Network Classifiers},
  volume =       11,
  year =         2010
}

@article{perry2010rotation,
  author =       {Perry, Patrick O. and Owen, Art B.},
  journal =      {Journal of Machine Learning Research},
  note =         {\url{http://jmlr.org/papers/v11/perry10a.html}},
  number =       18,
  openalex =     {W2160123652},
  pages =        {603--624},
  title =        {A Rotation Test to Verify Latent Structure},
  volume =       11,
  year =         2010
}

@article{radovanovic2010hubs,
  author =       {Radovanović, Miloš and Nanopoulos, Alexandros and
                  Ivanović, Mirjana},
  journal =      {Journal of Machine Learning Research},
  note =
                  {\url{http://jmlr.org/papers/v11/radovanovic10a.html}},
  number =       86,
  pages =        {2487--2531},
  title =        {Hubs in Space: Popular Nearest Neighbors in
                  High-Dimensional Data},
  volume =       11,
  year =         2010
}

@article{ralaivola2010chromatic,
  author =       {Ralaivola, Liva and Szafranski, Marie and Stempfel,
                  Guillaume},
  journal =      {Journal of Machine Learning Research},
  note =         {\url{http://jmlr.org/papers/v11/ralaivola10a.html}},
  number =       65,
  openalex =     {W2963011376},
  pages =        {1927--1956},
  title =        {Chromatic PAC-Bayes Bounds for Non-IID Data:
                  Applications to Ranking and Stationary β-Mixing
                  Processes},
  volume =       11,
  year =         2010
}

@article{raskutti2010restricted,
  author =       {Raskutti, Garvesh and Wainwright, Martin J. and Yu,
                  Bin},
  journal =      {Journal of Machine Learning Research},
  note =         {\url{http://jmlr.org/papers/v11/raskutti10a.html}},
  number =       78,
  openalex =     {W2162312215},
  pages =        {2241--2259},
  title =        {Restricted Eigenvalue Properties for Correlated
                  Gaussian Designs},
  volume =       11,
  year =         2010
}

@article{rasmussen2010gaussian,
  author =       {Rasmussen, Carl Edward and Nickisch, Hannes},
  journal =      {Journal of Machine Learning Research},
  note =         {\url{http://jmlr.org/papers/v11/rasmussen10a.html}},
  number =       100,
  openalex =     {W2107386393},
  pages =        {3011--3015},
  title =        {Gaussian Processes for Machine Learning (GPML)
                  Toolbox},
  volume =       11,
  year =         2010
}

@article{ravikumar2010message,
  author =       {Ravikumar, Pradeep and Agarwal, Alekh and
                  Wainwright, Martin J.},
  journal =      {Journal of Machine Learning Research},
  note =         {\url{http://jmlr.org/papers/v11/ravikumar10a.html}},
  number =       34,
  openalex =     {W2100726809},
  pages =        {1043--1080},
  title =        {Message-passing for Graph-structured Linear
                  Programs: Proximal Methods and Rounding Schemes},
  volume =       11,
  year =         2010
}

@article{raykar2010learning,
  author =       {Raykar, Vikas C. and Yu, Shipeng and Zhao, Linda and
                  Valadez, Gerardo Hermosillo and Florin, Charles and
                  Bogoni, Luca and Moy, Linda},
  journal =      {Journal of Machine Learning Research},
  note =         {\url{http://jmlr.org/papers/v11/raykar10a.html}},
  number =       43,
  openalex =     {W2134305421},
  pages =        {1297--1322},
  title =        {Learning From Crowds},
  volume =       11,
  year =         2010
}

@article{reid2010composite,
  author =       {Reid, Mark D. and Williamson, Robert C.},
  journal =      {Journal of Machine Learning Research},
  note =         {\url{http://jmlr.org/papers/v11/reid10a.html}},
  number =       83,
  openalex =     {W2101557761},
  pages =        {2387--2422},
  title =        {Composite Binary Losses},
  volume =       11,
  year =         2010
}

@article{rieck2010approximate,
  author =       {Rieck, Konrad and Krueger, Tammo and Brefeld, Ulf
                  and Müller, Klaus‐Robert},
  journal =      {Journal of Machine Learning Research},
  note =         {\url{http://jmlr.org/papers/v11/rieck10a.html}},
  number =       16,
  openalex =     {W2102851236},
  pages =        {555--580},
  title =        {Approximate Tree Kernels},
  volume =       11,
  year =         2010
}

@article{robinson2010learning,
  author =       {Robinson, Joshua W. and Hartemink, Alexander J.},
  journal =      {Journal of Machine Learning Research},
  note =         {\url{http://jmlr.org/papers/v11/robinson10a.html}},
  number =       118,
  openalex =     {W1593373597},
  pages =        {3647--3680},
  title =        {Learning Non-Stationary Dynamic Bayesian Networks},
  volume =       11,
  year =         2010
}

@article{rodriguezlujan2010quadratic,
  author =       {Rodríguez-Luján, Irene and Huerta, Ramón and Elkan,
                  Charles and Cruz, C. Santa},
  journal =      {Journal of Machine Learning Research},
  note =
                  {\url{http://jmlr.org/papers/v11/rodriguez-lujan10a.html}},
  number =       49,
  openalex =     {W2119869458},
  pages =        {1491--1516},
  title =        {Quadratic Programming Feature Selection},
  volume =       11,
  year =         2010
}

@article{rosasco2010learning,
  author =       {Rosasco, Lorenzo and Belkin, Mikhail A. and Vito,
                  Ernesto De},
  journal =      {Journal of Machine Learning Research},
  note =         {\url{http://jmlr.org/papers/v11/rosasco10a.html}},
  number =       30,
  openalex =     {W2108280101},
  pages =        {905--934},
  title =        {On Learning with Integral Operators},
  volume =       11,
  year =         2010
}

@article{ryabko2010finding,
  author =       {Ryabko, Daniil},
  journal =      {Journal of Machine Learning Research},
  note =         {\url{http://jmlr.org/papers/v11/ryabko10a.html}},
  number =       17,
  openalex =     {W2963498426},
  pages =        {581--602},
  title =        {On Finding Predictors for Arbitrary Families of
                  Processes},
  volume =       11,
  year =         2010
}

@article{schaul2010pybrain,
  author =       {Schaul, Tom and Bayer, Justin and Wierstra, Daan and
                  Sun, Yi and Felder, Martin and Sehnke, Frank and
                  Rückstieß, Thomas and Schmidhuber, Jürgen},
  journal =      {Journal of Machine Learning Research},
  note =         {\url{http://jmlr.org/papers/v11/schaul10a.html}},
  number =       24,
  pages =        {743--746},
  title =        {PyBrain},
  volume =       11,
  year =         2010
}

@article{segata2010fast,
  author =       {Segata, Nicola and Blanzieri, Enrico},
  journal =      {Journal of Machine Learning Research},
  note =         {\url{http://jmlr.org/papers/v11/segata10a.html}},
  number =       64,
  openalex =     {W2096613134},
  pages =        {1883--1926},
  title =        {Fast and Scalable Local Kernel Machines},
  volume =       11,
  year =         2010
}

@article{seldin2010pac,
  author =       {Seldin, Yevgeny and Tishby, Naftali},
  journal =      {Journal of Machine Learning Research},
  note =         {\url{http://jmlr.org/papers/v11/seldin10a.html}},
  number =       117,
  openalex =     {W2119611763},
  pages =        {3595--3646},
  title =        {PAC-Bayesian Analysis of Co-clustering and Beyond},
  volume =       11,
  year =         2010
}

@article{shalevshwartz2010learnability,
  author =       {Shalev‐Shwartz, Shai and Shamir, Ohad and Srebro,
                  Nathan and Sridharan, Karthik},
  journal =      {Journal of Machine Learning Research},
  note =
                  {\url{http://jmlr.org/papers/v11/shalev-shwartz10a.html}},
  number =       90,
  openalex =     {W27434444},
  pages =        {2635--2670},
  title =        {Learnability, Stability and Uniform Convergence},
  volume =       11,
  year =         2010
}

@article{shelton2010continuous,
  author =       {Shelton, Christian R. and Fan, Yu and Lam, William
                  and Lee, Joon and Xu, Jing},
  journal =      {Journal of Machine Learning Research},
  note =         {\url{http://jmlr.org/papers/v11/shelton10a.html}},
  number =       37,
  openalex =     {W1645398407},
  pages =        {1137--1140},
  title =        {Continuous Time Bayesian Network Reasoning and
                  Learning Engine},
  volume =       11,
  year =         2010
}

@article{shi2010fast,
  author =       {Shi, Jianing and Yin, Wotao and Osher, Stanley and
                  Sajda, Paul},
  journal =      {Journal of Machine Learning Research},
  note =         {\url{http://jmlr.org/papers/v11/shi10a.html}},
  number =       23,
  pages =        {713--741},
  title =        {A Fast Hybrid Algorithm for Large-Scale
                  l_1-Regularized Logistic Regression},
  volume =       11,
  year =         2010
}

@article{shivaswamy2010maximum,
  author =       {Shivaswamy, Pannagadatta K. and Jebara, Tony},
  journal =      {Journal of Machine Learning Research},
  note =         {\url{http://jmlr.org/papers/v11/shivaswamy10a.html}},
  number =       25,
  openalex =     {W2118713255},
  pages =        {747--788},
  title =        {Maximum Relative Margin and Data-Dependent
                  Regularization},
  volume =       11,
  year =         2010
}

@article{sinz2010nested,
  author =       {Bethge, Matthias and Simoncelli, Eero P. and Sinz,
                  Fabian H.},
  journal =      {Journal of Machine Learning Research},
  note =         {\url{http://jmlr.org/papers/v11/sinz10a.html}},
  number =       111,
  openalex =     {W2158097348},
  pages =        {3409--3451},
  title =        {Hierarchical Modeling of Local Image Features
                  through L_p-Nested Symmetric Distributions},
  volume =       11,
  year =         2010
}

@article{songsiri2010topology,
  author =       {Songsiri, Jitkomut and Vandenberghe, Lieven},
  journal =      {Journal of Machine Learning Research},
  note =         {\url{http://jmlr.org/papers/v11/songsiri10a.html}},
  number =       91,
  openalex =     {W2112856361},
  pages =        {2671--2705},
  title =        {Topology Selection in Graphical Models of
                  Autoregressive Processes},
  volume =       11,
  year =         2010
}

@article{sonnenburg2010shogun,
  author =       {Sonnenburg, Sören and Rätsch, Gunnar and Henschel,
                  Sebastian and Widmer, Christian and Behr, Jonas and
                  Zien, Alexander and Bona, Fabio De and Binder,
                  Alexander and Gehl, Christian and Franc, Vojtěch},
  journal =      {Journal of Machine Learning Research},
  note =         {\url{http://jmlr.org/papers/v11/sonnenburg10a.html}},
  number =       60,
  openalex =     {W1571024744},
  pages =        {1799--1802},
  title =        {The SHOGUN Machine Learning Toolbox},
  volume =       11,
  year =         2010
}

@article{spirtes2010introduction,
  author =       {Spirtes, Peter},
  journal =      {Journal of Machine Learning Research},
  note =         {\url{http://jmlr.org/papers/v11/spirtes10a.html}},
  number =       54,
  openalex =     {W58821489},
  pages =        {1643--1662},
  title =        {Introduction to Causal Inference},
  volume =       11,
  year =         2010
}

@article{sriperumbudur2010hilbert,
  author =       {Sriperumbudur, Bharath K. and Gretton, Arthur and
                  Fukumizu, Kenji and Schölkopf, Bernhard and
                  Lanckriet, Gert},
  journal =      {Journal of Machine Learning Research},
  note =
                  {\url{http://jmlr.org/papers/v11/sriperumbudur10a.html}},
  number =       50,
  openalex =     {W2124331852},
  pages =        {1517--1561},
  title =        {Hilbert Space Embeddings and Metrics on Probability
                  Measures},
  volume =       11,
  year =         2010
}

@article{strumbelj2010efficient,
  author =       {StrumbeljErik and KononenkoIgor},
  journal =      {Journal of Machine Learning Research},
  note =         {\url{http://jmlr.org/papers/v11/strumbelj10a.html}},
  number =       1,
  openalex =     {W3007590609},
  pages =        {1--18},
  title =        {An Efficient Explanation of Individual
                  Classifications using Game Theory},
  volume =       11,
  year =         2010
}

@article{sun2010sparse,
  author =       {Sun, Shiliang and Shawe‐Taylor, John},
  journal =      {Journal of Machine Learning Research},
  note =         {\url{http://jmlr.org/papers/v11/sun10a.html}},
  number =       84,
  openalex =     {W2160158899},
  pages =        {2423--2455},
  title =        {Sparse Semi-supervised Learning Using Conjugate
                  Functions},
  volume =       11,
  year =         2010
}

@article{teo2010bundle,
  author =       {Teo, Choon Hui and Vishwanthan, S.V.N. and Smola,
                  Alexander J. and Le, Quoc V.},
  journal =      {Journal of Machine Learning Research},
  note =         {\url{http://jmlr.org/papers/v11/teo10a.html}},
  number =       10,
  pages =        {311--365},
  title =        {Bundle Methods for Regularized Risk Minimization},
  volume =       11,
  year =         2010
}

@article{theodorou2010generalized,
  author =       {Theodorou, Evangelos A. and Buchli, Jonas and
                  Schaal, Stefan},
  journal =      {Journal of Machine Learning Research},
  note =         {\url{http://jmlr.org/papers/v11/theodorou10a.html}},
  number =       104,
  openalex =     {W1925816294},
  pages =        {3137--3181},
  title =        {A Generalized Path Integral Control Approach to
                  Reinforcement Learning},
  volume =       11,
  year =         2010
}

@article{varshney2010classification,
  author =       {Varshney, Kush R. and Willsky, Alan S.},
  journal =      {Journal of Machine Learning Research},
  note =         {\url{http://jmlr.org/papers/v11/varshney10a.html}},
  number =       14,
  openalex =     {W2115899769},
  pages =        {491--516},
  title =        {Classification Using Geometric Level Sets},
  volume =       11,
  year =         2010
}

@article{venna2010information,
  author =       {Venna, Jarkko and Peltonen, Jaakko and Nybo,
                  Kristian and Aidos, Helena and Kaski, Samuel},
  journal =      {Journal of Machine Learning Research},
  note =         {\url{http://jmlr.org/papers/v11/venna10a.html}},
  number =       13,
  openalex =     {W2140221871},
  pages =        {451--490},
  title =        {Information Retrieval Perspective to Nonlinear
                  Dimensionality Reduction for Data Visualization},
  volume =       11,
  year =         2010
}

@article{verbancsics2010evolving,
  author =       {Verbancsics, Phillip and Stanley, Kenneth O.},
  journal =      {Journal of Machine Learning Research},
  note =
                  {\url{http://jmlr.org/papers/v11/verbancsics10a.html}},
  number =       58,
  openalex =     {W86302728},
  pages =        {1737--1769},
  title =        {Evolving Static Representations for Task Transfer},
  volume =       11,
  year =         2010
}

@article{vincent2010stacked,
  author =       {Vincent, Pascal and Larochelle, Hugo and Lajoie,
                  Isabelle and Bengio, Yoshua and Manzagol,
                  Pierre-Antoine},
  journal =      {Journal of Machine Learning Research},
  note =         {\url{http://jmlr.org/papers/v11/vincent10a.html}},
  number =       110,
  openalex =     {W2145094598},
  pages =        {3371--3408},
  title =        {Stacked Denoising Autoencoders: Learning Useful
                  Representations in a Deep Network with a Local
                  Denoising Criterion},
  volume =       11,
  year =         2010
}

@article{vinh2010information,
  author =       {Vinh, Nguyễn Xuân and Epps, Julien and Bailey,
                  James},
  journal =      {Journal of Machine Learning Research},
  note =         {\url{http://jmlr.org/papers/v11/vinh10a.html}},
  number =       95,
  openalex =     {W2162833336},
  pages =        {2837--2854},
  title =        {Information Theoretic Measures for Clusterings
                  Comparison: Variants, Properties, Normalization and
                  Correction for Chance},
  volume =       11,
  year =         2010
}

@article{vishwanathan2010deep,
  author =       {Vishwanathan, S.V.N. and Schraudolph, Nicol N. and
                  Kondor, Risi and Borgwardt, Karsten M.},
  journal =      {Journal of Machine Learning Research},
  note =
                  {\url{http://jmlr.org/papers/v11/vishwanathan10a.html}},
  number =       40,
  pages =        {1201--1242},
  title =        {Deep Graph Kernels},
  volume =       11,
  year =         2010
}

@article{visweswaran2010learning,
  author =       {Visweswaran, Shyam and Cooper, Gregory F.},
  journal =      {Journal of Machine Learning Research},
  note =
                  {\url{http://jmlr.org/papers/v11/visweswaran10a.html}},
  number =       109,
  openalex =     {W1526790641},
  pages =        {3333--3369},
  title =        {Learning Instance-Specific Predictive Models.},
  volume =       11,
  year =         2010
}

@article{wang2010classification,
  author =       {Wang, Chunping and Liao, Xuejun and Carin, Lawrence
                  and Dunson, David B.},
  journal =      {Journal of Machine Learning Research},
  note =         {\url{http://jmlr.org/papers/v11/wang10a.html}},
  number =       107,
  openalex =     {W2168152978},
  pages =        {3269--3311},
  title =        {Classification with Incomplete Data Using Dirichlet
                  Process Priors.},
  volume =       11,
  year =         2010
}

@article{watanabe2010asymptotic,
  author =       {Watanabe, Sumio},
  journal =      {Journal of Machine Learning Research},
  note =         {\url{http://jmlr.org/papers/v11/watanabe10a.html}},
  number =       116,
  openalex =     {W2123222757},
  pages =        {3571--3594},
  title =        {Asymptotic Equivalence of Bayes Cross Validation and
                  Widely Applicable Information Criterion in Singular
                  Learning Theory},
  volume =       11,
  year =         2010
}

@article{wu2010learning,
  author =       {Wu, Qiang and Guinney, Justin and Maggioni, Mauro
                  and Mukherjee, Sayan},
  journal =      {Journal of Machine Learning Research},
  note =         {\url{http://jmlr.org/papers/v11/wu10a.html}},
  number =       75,
  openalex =     {W2141864905},
  pages =        {2175--2198},
  title =        {Learning Gradients: Predictive Models that Infer
                  Geometry and Statistical Dependence},
  volume =       11,
  year =         2010
}

@article{xiao2010dual,
  author =       {Xiao, Lin},
  journal =      {Journal of Machine Learning Research},
  note =         {\url{http://jmlr.org/papers/v11/xiao10a.html}},
  number =       88,
  openalex =     {W2096199223},
  pages =        {2543--2596},
  title =        {Dual Averaging Method for Regularized Stochastic
                  Learning and Online Optimization},
  volume =       11,
  year =         2010
}

@article{ye2010rate,
  author =       {Ye, Fei and Zhang, Cun-Hui},
  journal =      {Journal of Machine Learning Research},
  note =         {\url{http://jmlr.org/papers/v11/ye10a.html}},
  number =       114,
  pages =        {3519--3540},
  title =        {Rate Minimaxity of the Lasso and Dantzig Selector
                  for the l_q Loss in l_r Balls},
  volume =       11,
  year =         2010
}

@article{yoshida2010bayesian,
  author =       {Yoshida, Ryo and West, Mike},
  journal =      {Journal of Machine Learning Research},
  note =         {\url{http://jmlr.org/papers/v11/yoshida10a.html}},
  number =       59,
  openalex =     {W1585888610},
  pages =        {1771--1798},
  title =        {Bayesian Learning in Sparse Graphical Factor Models
                  via Variational Mean-Field Annealing.},
  volume =       11,
  year =         2010
}

@article{yu2010matched,
  author =       {Yu, Guoqiang and Feng, Yuanjian and Miller, David
                  J. and Xuan, Jianhua and Hoffman, Eric P. and
                  Clarke, Robert and Davidson, Ben and Shih, Ie‐Ming
                  and Wang, Yue},
  journal =      {Journal of Machine Learning Research},
  note =         {\url{http://jmlr.org/papers/v11/yu10b.html}},
  number =       73,
  openalex =     {W2164229718},
  pages =        {2141--2167},
  title =        {Matched Gene Selection and Committee Classifier for
                  Molecular Classification of Heterogeneous Diseases},
  volume =       11,
  year =         2010
}

@article{yu2010quasi,
  author =       {Yu, Jin and Vishwanathan, S. V. N. and Günter, Simon
                  and Schraudolph, Nicol N.},
  journal =      {Journal of Machine Learning Research},
  note =         {\url{http://jmlr.org/papers/v11/yu10a.html}},
  number =       39,
  openalex =     {W2157711174},
  pages =        {1145--1200},
  title =        {A Quasi-Newton Approach to Nonsmooth Convex
                  Optimization Problems in Machine Learning},
  volume =       11,
  year =         2010
}

@article{yuan2010classification,
  author =       {Yuan, Ming and Wegkamp, Marten},
  journal =      {Journal of Machine Learning Research},
  note =         {\url{http://jmlr.org/papers/v11/yuan10a.html}},
  number =       5,
  openalex =     {W2158707174},
  pages =        {111--130},
  title =        {Classification Methods with Reject Option Based on
                  Convex Risk Minimization},
  volume =       11,
  year =         2010
}

@article{yuan2010comparison,
  author =       {Yuan, Guo-Xun and Chang, Kai-Wei and Hsieh, Cho-Jui
                  and Lin, Chih-Jen},
  journal =      {Journal of Machine Learning Research},
  note =         {\url{http://jmlr.org/papers/v11/yuan10c.html}},
  number =       105,
  pages =        {3183--3234},
  title =        {A Comparison of Optimization Methods and Software
                  for Large-scale l_1-regularized Linear
                  Classification},
  volume =       11,
  year =         2010
}

@article{yuan2010high,
  author =       {Yuan, Ming},
  journal =      {Journal of Machine Learning Research},
  note =         {\url{http://jmlr.org/papers/v11/yuan10b.html}},
  number =       79,
  openalex =     {W2170866857},
  pages =        {2261--2286},
  title =        {High Dimensional Inverse Covariance Matrix
                  Estimation via Linear Programming},
  volume =       11,
  year =         2010
}

@article{zhang2010analysis,
  author =       {Zhang, Tong},
  journal =      {Journal of Machine Learning Research},
  note =         {\url{http://jmlr.org/papers/v11/zhang10a.html}},
  number =       35,
  openalex =     {W2166956514},
  pages =        {1081--1107},
  title =        {Analysis of Multi-stage Convex Relaxation for Sparse
                  Regularization},
  volume =       11,
  year =         2010
}

@article{zhang2010regularized,
  author =       {Zhang, Zhihua and Dai, Guang and Xu, Congfu and
                  Jordan, Michael I.},
  journal =      {Journal of Machine Learning Research},
  note =         {\url{http://jmlr.org/papers/v11/zhang10b.html}},
  number =       76,
  openalex =     {W2164728239},
  pages =        {2199--2228},
  title =        {Regularized Discriminant Analysis, Ridge Regression
                  and Beyond},
  volume =       11,
  year =         2010
}
