@article{abrahamsen2011cure,
  author = {Abrahamsen, Trine Julie and Hansen, Lars Kai},
  journal = {Journal of Machine Learning Research},
  note = {\url{http://jmlr.org/papers/v12/abrahamsen11a.html}},
  number = {58},
  openalex = {W2183447438},
  pages = {2027--2044},
  title = {A Cure for Variance Inflation in High Dimensional Kernel Principal Component Analysis},
  volume = {12},
  year = {2011}
}

@article{aflalo2011variablesparsity,
  author = {Aflalo, Jonathan and Ben‐Tal, Aharon and Bhattacharyya, Chiranjib and Nath, J. Saketha and Sankaran, Raman},
  journal = {Journal of Machine Learning Research},
  note = {\url{http://jmlr.org/papers/v12/aflalo11a.html}},
  number = {17},
  openalex = {W71452225},
  pages = {565--592},
  title = {Variable Sparsity Kernel Learning},
  volume = {12},
  year = {2011}
}

@article{alvarez2011computationallyefficient,
  author = {Álvarez, Mauricio A. and Lawrence, Neil D.},
  journal = {Journal of Machine Learning Research},
  note = {\url{http://jmlr.org/papers/v12/alvarez11a.html}},
  number = {41},
  openalex = {W2167503371},
  pages = {1459--1500},
  title = {Computationally Efficient Convolved Multiple Output Gaussian Processes},
  volume = {12},
  year = {2011}
}

@article{balasubramanian2011unsupervised,
  author = {Balasubramanian, Krishnakumar and Dönmez, Pınar and Lebanon, Guy},
  journal = {Journal of Machine Learning Research},
  note = {\url{http://jmlr.org/papers/v12/balasubramanian11a.html}},
  number = {96},
  openalex = {W2606082972},
  pages = {3119--3145},
  title = {Unsupervised Supervised Learning II: Margin-Based Classification without Labels},
  volume = {12},
  year = {2011}
}

@article{bigot2011grouplasso,
  author = {Bigot, Jérémie and Biscay, R. and Loubes, Jean–Michel and Alvarez, Lilian Muñíz},
  journal = {Journal of Machine Learning Research},
  note = {\url{http://jmlr.org/papers/v12/bigot11a.html}},
  number = {98},
  openalex = {W2953323319},
  pages = {3187--3225},
  title = {Group Lasso estimation of high-dimensional covariance matrices},
  volume = {12},
  year = {2011}
}

@article{blei2011distancedependent,
  author = {Blei, David M. and Frazier, Peter I.},
  journal = {Journal of Machine Learning Research},
  note = {\url{http://jmlr.org/papers/v12/blei11a.html}},
  number = {74},
  openalex = {W2615915281},
  pages = {2461--2488},
  title = {Distance Dependent Chinese Restaurant Processes},
  volume = {12},
  year = {2011}
}

@article{bubeck2011xarmed,
  author = {Bubeck, Sébastien and Munos, Rémi and Stoltz, Gilles and Szepesvári, Csaba},
  journal = {Journal of Machine Learning Research},
  note = {\url{http://jmlr.org/papers/v12/bubeck11a.html}},
  number = {46},
  openalex = {W2120090487},
  pages = {1655--1695},
  title = {X -Armed Bandits},
  volume = {12},
  year = {2011}
}

@article{bull2011convergence,
  author = {Bull, Adam D.},
  journal = {Journal of Machine Learning Research},
  note = {\url{http://jmlr.org/papers/v12/bull11a.html}},
  number = {88},
  openalex = {W2964172739},
  pages = {2879--2904},
  title = {Convergence Rates of Efficient Global Optimization Algorithms},
  volume = {12},
  year = {2011}
}

@article{carvalho2011discriminative,
  author = {Carvalho, Alexandra M. and Roos, Teemu and Oliveira, Arlindo L. and Myllymäki, Petri},
  journal = {Journal of Machine Learning Research},
  note = {\url{http://jmlr.org/papers/v12/carvalho11a.html}},
  number = {63},
  openalex = {W2126061911},
  pages = {2181--2210},
  title = {Discriminative Learning of Bayesian Networks via Factorized Conditional Log-Likelihood},
  volume = {12},
  year = {2011}
}

@article{cesabianchi2011efficient,
  author = {Cesa‐Bianchi, Nicolò and Shalev‐Shwartz, Shai and Shamir, Ohad},
  journal = {Journal of Machine Learning Research},
  note = {\url{http://jmlr.org/papers/v12/cesa-bianchi11a.html}},
  number = {87},
  openalex = {W2158720957},
  pages = {2857--2878},
  title = {Efficient Learning with Partially Observed Attributes},
  volume = {12},
  year = {2011}
}

@article{chaudhuri2011differentially,
  author = {Chaudhuri, Kamalika and Monteleoni, Claire and Sarwate, Anand D.},
  journal = {Journal of Machine Learning Research},
  note = {\url{http://jmlr.org/papers/v12/chaudhuri11a.html}},
  number = {29},
  openalex = {W2119874464},
  pages = {1069--1109},
  title = {Differentially Private Empirical Risk Minimization.},
  volume = {12},
  year = {2011}
}

@article{choi2011inverse,
  author = {Choi, Jaedeug and Kim, Kee-Eung},
  journal = {Journal of Machine Learning Research},
  note = {\url{http://jmlr.org/papers/v12/choi11a.html}},
  number = {21},
  openalex = {W1594849649},
  pages = {691--730},
  title = {Inverse Reinforcement Learning in Partially Observable Environments},
  volume = {12},
  year = {2011}
}

@article{choi2011learning,
  author = {Choi, Myung Jin and Tan, Vincent Y. F. and Anandkumar, Animashree and Willsky, Alan S.},
  journal = {Journal of Machine Learning Research},
  note = {\url{http://jmlr.org/papers/v12/choi11b.html}},
  number = {49},
  openalex = {W2150546315},
  pages = {1771--1812},
  title = {Learning Latent Tree Graphical Models},
  volume = {12},
  year = {2011}
}

@article{collobert2011natural,
  author = {Collobert, Ronan and Weston, Jason and Bottou, Léon and Karlen, Michael and Kavukcuoglu, Koray and Kuksa, Pavel P.},
  journal = {Journal of Machine Learning Research},
  note = {\url{http://jmlr.org/papers/v12/collobert11a.html}},
  number = {76},
  openalex = {W2158899491},
  pages = {2493--2537},
  title = {Natural Language Processing (almost) from Scratch},
  volume = {12},
  year = {2011}
}

@article{cour2011learning,
  author = {Cour, Timothée and Sapp, Ben and Taskar, Ben},
  journal = {Journal of Machine Learning Research},
  note = {\url{http://jmlr.org/papers/v12/cour11a.html}},
  number = {42},
  openalex = {W2158681777},
  pages = {1501--1536},
  title = {Learning from Partial Labels},
  volume = {12},
  year = {2011}
}

@article{cseke2011approximate,
  author = {Cseke, Botond and Heskes, Tom},
  journal = {Journal of Machine Learning Research},
  note = {\url{http://jmlr.org/papers/v12/cseke11a.html}},
  number = {13},
  openalex = {W2126700535},
  pages = {417--454},
  title = {Approximate Marginals in Latent Gaussian Models},
  volume = {12},
  year = {2011}
}

@article{debrabanter2011kernel,
  author = {Brabanter, Kris De and Brabanter, Jos De and Suykens, Johan A. K. and Moor, Bart De},
  journal = {Journal of Machine Learning Research},
  note = {\url{http://jmlr.org/papers/v12/debrabanter11a.html}},
  number = {55},
  openalex = {W2286642557},
  pages = {1955--1976},
  title = {Kernel Regression in the Presence of Correlated Errors},
  volume = {12},
  year = {2011}
}

@article{decampos2011efficient,
  author = {Campos, Cassio P. de and Ji, Qiang},
  journal = {Journal of Machine Learning Research},
  note = {\url{http://jmlr.org/papers/v12/decampos11a.html}},
  number = {20},
  openalex = {W2249676289},
  pages = {663--689},
  title = {Efficient Structure Learning of Bayesian Networks using Constraints},
  volume = {12},
  year = {2011}
}

@article{dhillon2011minimum,
  author = {Dhillon, Paramveer S. and Foster, Dean P. and Ungar, Lyle},
  journal = {Journal of Machine Learning Research},
  note = {\url{http://jmlr.org/papers/v12/dhillon11a.html}},
  number = {16},
  openalex = {W2135863906},
  pages = {525--564},
  title = {Minimum Description Length Penalization for Group and Multi-Task Sparse Learning},
  volume = {12},
  year = {2011}
}

@article{duchi2011adaptive,
  author = {Duchi, John C. and Hazan, Elad and Singer, Yoram},
  journal = {Journal of Machine Learning Research},
  note = {\url{http://jmlr.org/papers/v12/duchi11a.html}},
  number = {61},
  openalex = {W2146502635},
  pages = {2121--2159},
  title = {Adaptive Subgradient Methods for Online Learning and Stochastic Optimization},
  volume = {12},
  year = {2011}
}

@article{ertekin2011equivalence,
  author = {Ertekin, Şeyda and Rudin, Cynthia},
  journal = {Journal of Machine Learning Research},
  note = {\url{http://jmlr.org/papers/v12/ertekin11a.html}},
  number = {89},
  openalex = {W2148041662},
  pages = {2905--2929},
  title = {On Equivalence Relationships Between Classification and Ranking Algorithms},
  volume = {12},
  year = {2011}
}

@article{gaiffas2011hyper,
  author = {Gaïffas, Stéphane and Lecué, Guillaume},
  journal = {Journal of Machine Learning Research},
  note = {\url{http://jmlr.org/papers/v12/gaiffas11a.html}},
  number = {50},
  openalex = {W1685973565},
  pages = {1813--1833},
  title = {Hyper-sparse optimal aggregation},
  volume = {12},
  year = {2011}
}

@article{gashler2011waffles,
  author = {Gashler, Michael S.},
  journal = {Journal of Machine Learning Research},
  note = {\url{http://jmlr.org/papers/v12/gashler11a.html}},
  number = {69},
  openalex = {W2171934181},
  pages = {2383--2387},
  title = {Waffles : A Machine Learning Toolkit},
  volume = {12},
  year = {2011}
}

@article{gillenwater2011posterior,
  author = {Gillenwater, Jennifer and Ganchev, Kuzman and Graça, Joäo and Pereira, Fernando and Taskar, Ben},
  journal = {Journal of Machine Learning Research},
  note = {\url{http://jmlr.org/papers/v12/gillenwater11a.html}},
  number = {14},
  openalex = {W2157898978},
  pages = {455--490},
  title = {Posterior Sparsity in Unsupervised Dependency Parsing},
  volume = {12},
  year = {2011}
}

@article{glowacka2011grammar,
  author = {Głowacka, Dorota and Shawe‐Taylor, John and Clark, Alex M. and Higuera, Colin de la and Johnson, Mark},
  journal = {Journal of Machine Learning Research},
  note = {\url{http://jmlr.org/papers/v12/glowacka11a.html}},
  number = {39},
  openalex = {W2206846202},
  pages = {1425--1428},
  title = {Introduction to the Special Topic on Grammar Induction, Representation of Language and Language Learning},
  volume = {12},
  year = {2011}
}

@article{goldwater2011producing,
  author = {Goldwater, Sharon and Griffiths, Thomas L. and Johnson, Mark},
  journal = {Journal of Machine Learning Research},
  note = {\url{http://jmlr.org/papers/v12/goldwater11a.html}},
  number = {68},
  openalex = {W2131924950},
  pages = {2335--2382},
  title = {Producing Power-Law Distributions and Damping Word Frequencies with Two-Stage Language Models},
  volume = {12},
  year = {2011}
}

@article{gonen2011multiple,
  author = {Gönen, Mehmet and Alpaydın, Ethem},
  journal = {Journal of Machine Learning Research},
  note = {\url{http://jmlr.org/papers/v12/gonen11a.html}},
  number = {64},
  openalex = {W2109743529},
  pages = {2211--2268},
  title = {Multiple Kernel Learning Algorithms},
  volume = {12},
  year = {2011}
}

@article{griffiths2011indian,
  author = {Griffiths, Thomas L. and Ghahramani, Zoubin},
  journal = {Journal of Machine Learning Research},
  note = {\url{http://jmlr.org/papers/v12/griffiths11a.html}},
  number = {32},
  openalex = {W2104827998},
  pages = {1185--1224},
  title = {The Indian Buffet Process: An Introduction and Review},
  volume = {12},
  year = {2011}
}

@article{hahsler2011arules,
  author = {Hahsler, Michael and Chelluboina, Sudheer and Hornik, Kurt and Buchta, Christian},
  journal = {Journal of Machine Learning Research},
  note = {\url{http://jmlr.org/papers/v12/hahsler11a.html}},
  number = {57},
  openalex = {W1487910914},
  pages = {2021--2025},
  title = {The arules R-Package Ecosystem: Analyzing Interesting Patterns from Large Transaction Data Sets},
  volume = {12},
  year = {2011}
}

@article{hannah2011dirichlet,
  author = {Hannah, Lauren A. and Blei, David M. and Powell, Warren B.},
  journal = {Journal of Machine Learning Research},
  note = {\url{http://jmlr.org/papers/v12/hannah11a.html}},
  number = {54},
  openalex = {W2112121851},
  pages = {1923--1953},
  title = {Dirichlet Process Mixtures of Generalized Linear Models},
  volume = {12},
  year = {2011}
}

@article{hazan2011better,
  author = {Hazan, Elad and Kale, Satyen},
  journal = {Journal of Machine Learning Research},
  note = {\url{http://jmlr.org/papers/v12/hazan11a.html}},
  number = {35},
  openalex = {W1488797257},
  pages = {1287--1311},
  title = {Better algorithms for benign bandits},
  volume = {12},
  year = {2011}
}

@article{henao2011sparse,
  author = {Henao, Ricardo and Winther, Ole},
  journal = {Journal of Machine Learning Research},
  note = {\url{http://jmlr.org/papers/v12/henao11a.html}},
  number = {24},
  openalex = {W2170461953},
  pages = {863--905},
  title = {Sparse Linear Identifiable Multivariate Modeling},
  volume = {12},
  year = {2011}
}

@article{huang2011cumulative,
  author = {Huang, Jim C. and Frey, Brendan J.},
  journal = {Journal of Machine Learning Research},
  note = {\url{http://jmlr.org/papers/v12/huang11a.html}},
  number = {10},
  pages = {301--348},
  title = {Cumulative Distribution Networks and the Derivative-sum-product Algorithm: Models and Inference for Cumulative Distribution Functions on Graphs},
  volume = {12},
  year = {2011}
}

@article{huang2011structured,
  author = {Huang, Junzhou and Zhang, Tong and Metaxas, Dimitris},
  journal = {Journal of Machine Learning Research},
  note = {\url{http://jmlr.org/papers/v12/huang11b.html}},
  number = {103},
  openalex = {W2244252827},
  pages = {3371--3412},
  title = {Learning with Structured Sparsity},
  volume = {12},
  year = {2011}
}

@article{jebara2011multitask,
  author = {Jebara, Tony},
  journal = {Journal of Machine Learning Research},
  note = {\url{http://jmlr.org/papers/v12/jebara11a.html}},
  number = {4},
  openalex = {W2116650673},
  pages = {75--110},
  title = {Multitask Sparsity via Maximum Entropy Discrimination},
  volume = {12},
  year = {2011}
}

@article{jenatton2011proximal,
  author = {Jenatton, Rodolphe and Mairal, Julien and Obozinski, Guillaume and Bach, Francis},
  journal = {Journal of Machine Learning Research},
  note = {\url{http://jmlr.org/papers/v12/jenatton11a.html}},
  number = {67},
  openalex = {W1539012881},
  pages = {2297--2334},
  title = {Proximal Methods for Hierarchical Sparse Coding},
  volume = {12},
  year = {2011}
}

@article{jenatton2011structured,
  author = {Jenatton, Rodolphe and Audibert, Jean-Yves and Bach, Francis},
  journal = {Journal of Machine Learning Research},
  note = {\url{http://jmlr.org/papers/v12/jenatton11b.html}},
  number = {84},
  openalex = {W2108687351},
  pages = {2777--2824},
  title = {Structured Variable Selection with Sparsity-Inducing Norms},
  volume = {12},
  year = {2011}
}

@article{jylanki2011robust,
  author = {Jylänki, Pasi and Vanhatalo, Jarno and Vehtari, Aki},
  journal = {Journal of Machine Learning Research},
  note = {\url{http://jmlr.org/papers/v12/jylanki11a.html}},
  number = {99},
  openalex = {W76947095},
  pages = {3227--3257},
  title = {Robust Gaussian Process Regression with a Student- t Likelihood},
  volume = {12},
  year = {2011}
}

@article{kloft2011lp,
  author = {Kloft, Marius and Brefeld, Ulf and Sonnenburg, Sören and Zien, Alexander},
  journal = {Journal of Machine Learning Research},
  note = {\url{http://jmlr.org/papers/v12/kloft11a.html}},
  number = {26},
  pages = {953--997},
  title = {l<sub>p</sub>-Norm Multiple Kernel Learning},
  volume = {12},
  year = {2011}
}

@article{kolar2011unionsupport,
  author = {Kolar, Mladen and Lafferty, John and Wasserman, Larry},
  journal = {Journal of Machine Learning Research},
  note = {\url{http://jmlr.org/papers/v12/kolar11a.html}},
  number = {72},
  openalex = {W1566829490},
  pages = {2415--2435},
  title = {Union Support Recovery in Multi-task Learning},
  volume = {12},
  year = {2011}
}

@article{kumar2011improved,
  author = {Kumar, M. Pawan and Veksler, Olga and Torr, Philip H.S.},
  journal = {Journal of Machine Learning Research},
  note = {\url{http://jmlr.org/papers/v12/kumar11a.html}},
  number = {2},
  pages = {31--67},
  title = {Improved Moves for Truncated Convex Models},
  volume = {12},
  year = {2011}
}

@article{lauer2011msvm,
  author = {Lauer, Fabien and Guermeur, Yann},
  journal = {Journal of Machine Learning Research},
  note = {\url{http://jmlr.org/papers/v12/lauer11a.html}},
  number = {66},
  openalex = {W2151922881},
  pages = {2293--2296},
  title = {MSVMpack: a Multi-Class Support Vector Machine Package},
  volume = {12},
  year = {2011}
}

@article{lichtenwalter2011lpmade,
  author = {Lichtenwalter, Ryan N. and Chawla, Nitesh V.},
  journal = {Journal of Machine Learning Research},
  note = {\url{http://jmlr.org/papers/v12/lichtenwalter11a.html}},
  number = {75},
  openalex = {W1487695060},
  pages = {2489--2492},
  title = {LPmade: Link Prediction Made Easy},
  volume = {12},
  year = {2011}
}

@article{liu2011forest,
  author = {Liu, Han and Xu, Min and Gu, Haijie and Gupta, Anupam and Lafferty, John and Wasserman, Larry},
  journal = {Journal of Machine Learning Research},
  note = {\url{http://jmlr.org/papers/v12/liu11a.html}},
  number = {25},
  openalex = {W2159245256},
  pages = {907--951},
  title = {Forest Density Estimation},
  volume = {12},
  year = {2011}
}

@article{mairal2011convex,
  author = {Mairal, Julien and Jenatton, Rodolphe and Obozinski, Guillaume and Bach, Francis},
  journal = {Journal of Machine Learning Research},
  note = {\url{http://jmlr.org/papers/v12/mairal11a.html}},
  number = {81},
  openalex = {W2126447117},
  pages = {2681--2720},
  title = {Convex and Network Flow Optimization for Structured Sparsity},
  volume = {12},
  year = {2011}
}

@article{mcauley2011faster,
  author = {McAuley, Julian and Caetano, Tibério S.},
  journal = {Journal of Machine Learning Research},
  note = {\url{http://jmlr.org/papers/v12/mcauley11a.html}},
  number = {37},
  openalex = {W2118997898},
  pages = {1349--1388},
  title = {Faster Algorithms for Max-Product Message-Passing},
  volume = {12},
  year = {2011}
}

@article{mcfee2011learning,
  author = {McFee, Brian and Lanckriet, Gert},
  journal = {Journal of Machine Learning Research},
  note = {\url{http://jmlr.org/papers/v12/mcfee11a.html}},
  number = {15},
  openalex = {W1628307106},
  pages = {491--523},
  title = {Learning Multi-modal Similarity},
  volume = {12},
  year = {2011}
}

@article{melacci2011laplacian,
  author = {Melacci, Stefano and Belkin, Mikhail},
  journal = {Journal of Machine Learning Research},
  note = {\url{http://jmlr.org/papers/v12/melacci11a.html}},
  number = {31},
  openalex = {W1664825283},
  pages = {1149--1184},
  title = {Laplacian Support Vector Machines Trained in the Primal},
  volume = {12},
  year = {2011}
}

@article{melnykov2011carp,
  author = {Melnykov, Volodymyr and Maitra, Ranjan},
  journal = {Journal of Machine Learning Research},
  note = {\url{http://jmlr.org/papers/v12/melnykov11a.html}},
  number = {3},
  pages = {69--73},
  title = {CARP: Software for Fishing Out Good Clustering Algorithms},
  volume = {12},
  year = {2011}
}

@article{mes2011hierarchical,
  author = {Mes, Martijn R.K. and Powell, Warren B. and Frazier, Peter I.},
  journal = {Journal of Machine Learning Research},
  note = {\url{http://jmlr.org/papers/v12/mes11a.html}},
  number = {90},
  pages = {2931--2974},
  title = {Hierarchical Knowledge Gradient for Sequential Sampling},
  volume = {12},
  year = {2011}
}

@article{meyer2011regression,
  author = {Meyer, Gilles and Bonnabel, Silvère and Sepulchre, Rodolphe},
  journal = {Journal of Machine Learning Research},
  note = {\url{http://jmlr.org/papers/v12/meyer11a.html}},
  number = {18},
  openalex = {W2169125102},
  pages = {593--625},
  title = {Regression on Fixed-Rank Positive Semidefinite Matrices: A Riemannian Approach},
  volume = {12},
  year = {2011}
}

@article{montavon2011kernel,
  author = {Montavon, Grégoire and Braun, Mikio L. and Müller, Klaus‐Robert},
  journal = {Journal of Machine Learning Research},
  note = {\url{http://jmlr.org/papers/v12/montavon11a.html}},
  number = {78},
  openalex = {W1493372406},
  pages = {2563--2581},
  title = {Kernel Analysis of Deep Networks},
  volume = {12},
  year = {2011}
}

@article{mueller2011stationary,
  author = {Müller, Jan Saputra and Bünau, Paul von and Meinecke, Frank C. and Király, Franz J. and Müller, Klaus‐Robert},
  journal = {Journal of Machine Learning Research},
  note = {\url{http://jmlr.org/papers/v12/mueller11a.html}},
  number = {93},
  openalex = {W2167291268},
  pages = {3065--3069},
  title = {The Stationary Subspace Analysis Toolbox},
  volume = {12},
  year = {2011}
}

@article{nakajima2011theoretical,
  author = {Nakajima, Shinichi and Sugiyama, Masashi},
  journal = {Journal of Machine Learning Research},
  note = {\url{http://jmlr.org/papers/v12/nakajima11a.html}},
  number = {79},
  openalex = {W2113474244},
  pages = {2583--2648},
  title = {Theoretical Analysis of Bayesian Matrix Factorization},
  volume = {12},
  year = {2011}
}

@article{ni2011exploitation,
  author = {Ni, Yizhao and Saunders, Craig and Szedmák, Sándor and Niranjan, Mahesan},
  journal = {Journal of Machine Learning Research},
  note = {\url{http://jmlr.org/papers/v12/ni11a.html}},
  number = {1},
  openalex = {W2122477182},
  pages = {1--30},
  title = {Exploitation of Machine Learning Techniques in Modelling Phrase Movements for Machine Translation},
  volume = {12},
  year = {2011}
}

@article{omlor2011anechoic,
  author = {Omlor, Lars and Giese, Martin A.},
  journal = {Journal of Machine Learning Research},
  note = {\url{http://jmlr.org/papers/v12/omlor11a.html}},
  number = {30},
  openalex = {W2131836350},
  pages = {1111--1148},
  title = {Anechoic Blind Source Separation Using Wigner Marginals},
  volume = {12},
  year = {2011}
}

@article{ozertem2011locally,
  author = {Özertem, Umut and Erdoğmuş, Deniz},
  journal = {Journal of Machine Learning Research},
  note = {\url{http://jmlr.org/papers/v12/ozertem11a.html}},
  number = {34},
  openalex = {W2096496077},
  pages = {1249--1286},
  title = {Locally Defined Principal Curves and Surfaces},
  volume = {12},
  year = {2011}
}

@article{park2011domain,
  author = {Park, Chiwoo and Huang, Jianhua Z. and Ding, Yu},
  journal = {Journal of Machine Learning Research},
  note = {\url{http://jmlr.org/papers/v12/park11a.html}},
  number = {47},
  openalex = {W2182365035},
  pages = {1697--1728},
  title = {Domain Decomposition Approach for Fast Gaussian Process Regression of Large Spatial Data Sets},
  volume = {12},
  year = {2011}
}

@article{patra2011convergence,
  author = {Patra, Benoît},
  journal = {Journal of Machine Learning Research},
  note = {\url{http://jmlr.org/papers/v12/patra11a.html}},
  number = {105},
  openalex = {W2949076882},
  pages = {3431--3466},
  title = {Convergence of distributed asynchronous learning vector quantization algorithms},
  volume = {12},
  year = {2011}
}

@article{pedregosa2011scikit,
  author = {Pedregosa, Fabián and Varoquaux, Gaël and Gramfort, Alexandre and Michel, Vincent and Thirion, Bertrand and Grisel, Olivier and Blondel, Mathieu and Prettenhofer, Peter and Weiss, Ron J. and Dubourg, Vincent and Vanderplas, Jake and Passos, Alexandre and Cournapeau, David and Brucher, Matthieu and Perrot, Matthieu and Duchesnay, Édouard},
  journal = {Journal of Machine Learning Research},
  note = {\url{http://jmlr.org/papers/v12/pedregosa11a.html}},
  number = {85},
  openalex = {W2101234009},
  pages = {2825--2830},
  title = {Scikit-learn: Machine Learning in Python},
  volume = {12},
  year = {2011}
}

@article{pelletier2011operator,
  author = {Pelletier, Bruno and Pudlo, Pierre},
  journal = {Journal of Machine Learning Research},
  note = {\url{http://jmlr.org/papers/v12/pelletier11a.html}},
  number = {12},
  openalex = {W2952809708},
  pages = {385--416},
  title = {Operator norm convergence of spectral clustering on level sets},
  volume = {12},
  year = {2011}
}

@article{perchet2011internal,
  author = {Perchet, Vianney},
  journal = {Journal of Machine Learning Research},
  note = {\url{http://jmlr.org/papers/v12/perchet11a.html}},
  number = {53},
  openalex = {W2106063567},
  pages = {1893--1921},
  title = {Internal Regret with Partial Monitoring. Calibration-Based Optimal Algorithms},
  volume = {12},
  year = {2011}
}

@article{petrik2011robust,
  author = {Petrik, Marek and Zilberstein, Shlomo},
  journal = {Journal of Machine Learning Research},
  note = {\url{http://jmlr.org/papers/v12/petrik11a.html}},
  number = {92},
  openalex = {W2143867639},
  pages = {3027--3063},
  title = {Robust Approximate Bilinear Programming for Value Function Approximation},
  volume = {12},
  year = {2011}
}

@article{recht2011simpler,
  author = {Recht, Benjamin},
  journal = {Journal of Machine Learning Research},
  note = {\url{http://jmlr.org/papers/v12/recht11a.html}},
  number = {104},
  openalex = {W2120872934},
  pages = {3413--3430},
  title = {A Simpler Approach to Matrix Completion},
  volume = {12},
  year = {2011}
}

@article{reid2011information,
  author = {Reid, Mark D. and Williamson, Robert C.},
  journal = {Journal of Machine Learning Research},
  note = {\url{http://jmlr.org/papers/v12/reid11a.html}},
  number = {22},
  openalex = {W2110758705},
  pages = {731--817},
  title = {Information, Divergence and Risk for Binary Experiments},
  volume = {12},
  year = {2011}
}

@article{ren2011logistic,
  author = {Ren, Lu and Du, Lan and Carin, Lawrence and Dunson, David B.},
  journal = {Journal of Machine Learning Research},
  note = {\url{http://jmlr.org/papers/v12/ren11a.html}},
  number = {7},
  openalex = {W2114727905},
  pages = {203--239},
  title = {Logistic Stick-Breaking Process.},
  volume = {12},
  year = {2011}
}

@article{rigollet2011neyman,
  author = {Rigollet, Philippe and Tong, Xin},
  journal = {Journal of Machine Learning Research},
  note = {\url{http://jmlr.org/papers/v12/rigollet11a.html}},
  number = {86},
  openalex = {W2962720869},
  pages = {2831--2855},
  title = {Neyman-Pearson Classification, Convexity and Stochastic Constraints},
  volume = {12},
  year = {2011}
}

@article{ross2011bayesian,
  author = {Ross, Stéphane and Pineau, Joëlle and Chaib-draa, Brahim and Kreitmann, Pierre},
  journal = {Journal of Machine Learning Research},
  note = {\url{http://jmlr.org/papers/v12/ross11a.html}},
  number = {48},
  openalex = {W2168839459},
  pages = {1729--1770},
  title = {A Bayesian Approach for Learning and Planning in Partially Observable Markov Decision Processes},
  volume = {12},
  year = {2011}
}

@article{ryabko2011relation,
  author = {Ryabko, Daniil},
  journal = {Journal of Machine Learning Research},
  note = {\url{http://jmlr.org/papers/v12/ryabko11a.html}},
  number = {62},
  openalex = {W4294567699},
  pages = {2161--2180},
  title = {On the Relation between Realizable and Nonrealizable Cases of the Sequence Prediction Problem},
  volume = {12},
  year = {2011}
}

@article{shalevshwartz2011stochastic,
  author = {Shalev‐Shwartz, Shai and Tewari, Ambuj},
  journal = {Journal of Machine Learning Research},
  note = {\url{http://jmlr.org/papers/v12/shalev-shwartz11a.html}},
  number = {52},
  openalex = {W3023471860},
  pages = {1865--1892},
  title = {Stochastic Methods for l 1 -regularized Loss Minimization},
  volume = {12},
  year = {2011}
}

@article{shervashidze2011weisfeiler,
  author = {Shervashidze, Nino and Schweitzer, Pascal and Leeuwen, Erik Jan van and Mehlhorn, Kurt and Borgwardt, Karsten},
  journal = {Journal of Machine Learning Research},
  note = {\url{http://jmlr.org/papers/v12/shervashidze11a.html}},
  number = {77},
  openalex = {W2142498761},
  pages = {2539--2561},
  title = {Weisfeiler-Lehman Graph Kernels},
  volume = {12},
  year = {2011}
}

@article{shimizu2011directlingam,
  author = {Shimizu, Shohei and Inazumi, Takanori and Sogawa, Yasuhiro and Hyvärinen, Aapo and Kawahara, Yoshinobu and Washio, Takashi and Hoyer, Patrik O. and Bollen, Kenneth A.},
  journal = {Journal of Machine Learning Research},
  note = {\url{http://jmlr.org/papers/v12/shimizu11a.html}},
  number = {33},
  openalex = {W2132507555},
  pages = {1225--1248},
  title = {DirectLiNGAM: A Direct Method for Learning a Linear Non-Gaussian Structural Equation Model},
  volume = {12},
  year = {2011}
}

@article{srinivasan2011parameter,
  author = {Srinivasan, Ashwin and Ramakrishnan, Ganesh},
  journal = {Journal of Machine Learning Research},
  note = {\url{http://jmlr.org/papers/v12/srinivasan11a.html}},
  number = {19},
  openalex = {W1568527204},
  pages = {627--662},
  title = {Parameter Screening and Optimisation for ILP Using Designed Experiments},
  volume = {12},
  year = {2011}
}

@article{sriperumbudur2011universality,
  author = {Sriperumbudur, Bharath K. and Fukumizu, Kenji and Lanckriet, Gert R.G.},
  journal = {Journal of Machine Learning Research},
  note = {\url{http://jmlr.org/papers/v12/sriperumbudur11a.html}},
  number = {70},
  pages = {2389--2410},
  title = {Universality, Characteristic Kernels and RKHS Embedding of Measures},
  volume = {12},
  year = {2011}
}

@article{steinwart2011training,
  author = {Steinwart, Ingo and Hush, Don and Scovel, Clint},
  journal = {Journal of Machine Learning Research},
  note = {\url{http://jmlr.org/papers/v12/steinwart11a.html}},
  number = {6},
  openalex = {W2112733735},
  pages = {141--202},
  title = {Training SVMs without offset},
  volume = {12},
  year = {2011}
}

@article{subramanya2011semi,
  author = {Subramanya, Amarnag and Bilmes, Jeff},
  journal = {Journal of Machine Learning Research},
  note = {\url{http://jmlr.org/papers/v12/subramanya11a.html}},
  number = {102},
  openalex = {W2134767644},
  pages = {3311--3370},
  title = {Semi-Supervised Learning with Measure Propagation},
  volume = {12},
  year = {2011}
}

@article{sumer2011adaptive,
  author = {Sümer, Özgür and Acar, Umut A. and Ihler, Alexander and Mettu, Ramgopal R.},
  journal = {Journal of Machine Learning Research},
  note = {\url{http://jmlr.org/papers/v12/sumer11a.html}},
  number = {97},
  openalex = {W2108973480},
  pages = {3147--3186},
  title = {Adaptive Exact Inference in Graphical Models},
  volume = {12},
  year = {2011}
}

@article{syed2011unsupervised,
  author = {Syed, Zeeshan and Guttag, John V.},
  journal = {Journal of Machine Learning Research},
  note = {\url{http://jmlr.org/papers/v12/syed11a.html}},
  number = {27},
  openalex = {W2259016978},
  pages = {999--1024},
  title = {Unsupervised Similarity-Based Risk Stratification for Cardiovascular Events Using Long-Term Time-Series Data},
  volume = {12},
  year = {2011}
}

@article{tamada2011parallel,
  author = {Tamada, Yoshinori and Imoto, Seiya and Miyano, Satoru},
  journal = {Journal of Machine Learning Research},
  note = {\url{http://jmlr.org/papers/v12/tamada11a.html}},
  number = {73},
  openalex = {W2182389258},
  pages = {2437--2459},
  title = {Parallel Algorithm for Learning Optimal Bayesian Network Structure},
  volume = {12},
  year = {2011}
}

@article{tan2011learning,
  author = {Tan, Vincent Y. F. and Anandkumar, Animashree and Willsky, Alan S.},
  journal = {Journal of Machine Learning Research},
  note = {\url{http://jmlr.org/papers/v12/tan11a.html}},
  number = {45},
  openalex = {W2117245428},
  pages = {1617--1653},
  title = {Learning High-Dimensional Markov Forest Distributions: Analysis of Error Rates},
  volume = {12},
  year = {2011}
}

@article{taylor2011two,
  author = {Taylor, Graham W. and Hinton, Geoffrey E. and Roweis, Sam T.},
  journal = {Journal of Machine Learning Research},
  note = {\url{http://jmlr.org/papers/v12/taylor11a.html}},
  number = {28},
  openalex = {W97016928},
  pages = {1025--1068},
  title = {Two Distributed-State Models For Generating High-Dimensional Time Series},
  volume = {12},
  year = {2011}
}

@article{theis2011all,
  author = {Theis, Lucas and Gerwinn, Sebastian and Sinz, Fabian H. and Bethge, Matthias},
  journal = {Journal of Machine Learning Research},
  note = {\url{http://jmlr.org/papers/v12/theis11a.html}},
  number = {94},
  openalex = {W2152681473},
  pages = {3071--3096},
  title = {In All Likelihood, Deep Belief Is Not Enough},
  volume = {12},
  year = {2011}
}

@article{tomioka2011super,
  author = {Tomioka, Ryota and Suzuki, Taiji and Sugiyama, Masashi},
  journal = {Journal of Machine Learning Research},
  note = {\url{http://jmlr.org/papers/v12/tomioka11a.html}},
  number = {43},
  openalex = {W2166947501},
  pages = {1537--1586},
  title = {Super-Linear Convergence of Dual Augmented Lagrangian Algorithm for Sparsity Regularized Estimation},
  volume = {12},
  year = {2011}
}

@article{tsoumakas2011mulan,
  author = {Tsoumakas, Grigorios and Spyromitros-Xioufis, Eleftherios and Vilček, Jozef and Vlahavas, Ioannis},
  journal = {Journal of Machine Learning Research},
  note = {\url{http://jmlr.org/papers/v12/tsoumakas11a.html}},
  number = {71},
  openalex = {W2137107481},
  pages = {2411--2414},
  title = {MULAN: A Java Library for Multi-Label Learning},
  volume = {12},
  year = {2011}
}

@article{ueno2011generalized,
  author = {Ueno, Tsuyoshi and Maeda, Shin‐ichi and Kawanabe, Motoaki and Ishii, Shin},
  journal = {Journal of Machine Learning Research},
  note = {\url{http://jmlr.org/papers/v12/ueno11a.html}},
  number = {56},
  openalex = {W2259454103},
  pages = {1977--2020},
  title = {Generalized TD Learning},
  volume = {12},
  year = {2011}
}

@article{ukkonen2011clustering,
  author = {Ukkonen, Antti},
  journal = {Journal of Machine Learning Research},
  note = {\url{http://jmlr.org/papers/v12/ukkonen11a.html}},
  number = {38},
  openalex = {W2161777432},
  pages = {1389--1423},
  title = {Clustering Algorithms for Chains},
  volume = {12},
  year = {2011}
}

@article{vainsencher2011sample,
  author = {Vainsencher, Daniel and Mannor, Shie and Bruckstein⋆, Alfred M.},
  journal = {Journal of Machine Learning Research},
  note = {\url{http://jmlr.org/papers/v12/vainsencher11a.html}},
  number = {100},
  openalex = {W2963641291},
  pages = {3259--3281},
  title = {The Sample Complexity of Dictionary Learning},
  volume = {12},
  year = {2011}
}

@article{vanbelle2011learning,
  author = {Belle, Vanya Van and Pelckmans, Kristiaan and Suykens, Johan A. K. and Huffel, Sabine Van},
  journal = {Journal of Machine Learning Research},
  note = {\url{http://jmlr.org/papers/v12/vanbelle11a.html}},
  number = {23},
  openalex = {W1648231765},
  pages = {819--862},
  title = {Learning Transformation Models for Ranking and Survival Analysis},
  volume = {12},
  year = {2011}
}

@article{vandervaart2011information,
  author = {Vaart, Aad van der and Zanten, Harry van},
  journal = {Journal of Machine Learning Research},
  note = {\url{http://jmlr.org/papers/v12/vandervaart11a.html}},
  number = {60},
  openalex = {W1543474109},
  pages = {2095--2119},
  title = {Information Rates of Nonparametric Gaussian Process Methods},
  volume = {12},
  year = {2011}
}

@article{vanseijen2011exploiting,
  author = {Seijen, Harm van and Whiteson, Shimon and Hasselt, Hado van and Wiering, Marco},
  journal = {Journal of Machine Learning Research},
  note = {\url{http://jmlr.org/papers/v12/vanseijen11a.html}},
  number = {59},
  openalex = {W2101133635},
  pages = {2045--2094},
  title = {Exploiting Best-Match Equations for Efficient Reinforcement Learning},
  volume = {12},
  year = {2011}
}

@article{vyugin2011online,
  author = {V’yugin, Vladimir V.},
  journal = {Journal of Machine Learning Research},
  note = {\url{http://jmlr.org/papers/v12/vyugin11a.html}},
  number = {8},
  openalex = {W2149422346},
  pages = {241--266},
  title = {Online Learning in Case of Unbounded Losses Using the Follow Perturbed Leader Algorithm},
  volume = {12},
  year = {2011}
}

@article{wang2011large,
  author = {Wang, Huixin and Shen, Xiaotong and Pan, Wei},
  journal = {Journal of Machine Learning Research},
  note = {\url{http://jmlr.org/papers/v12/wang11c.html}},
  number = {82},
  openalex = {W2107866949},
  pages = {2721--2748},
  title = {Large Margin Hierarchical Classification with Mutually Exclusive Class Membership},
  volume = {12},
  year = {2011}
}

@article{wang2011refined,
  author = {Wang, Liwei and Sugiyama, Masashi and Jing, Zhaoxiang and Yang, Cheng and Zhou, Zhi‐Hua and Feng, Jufu},
  journal = {Journal of Machine Learning Research},
  note = {\url{http://jmlr.org/papers/v12/wang11a.html}},
  number = {51},
  openalex = {W2154179941},
  pages = {1835--1863},
  title = {A Refined Margin Analysis for Boosting Algorithms via Equilibrium Margin},
  volume = {12},
  year = {2011}
}

@article{wang2011smoothness,
  author = {Wang, Liwei},
  journal = {Journal of Machine Learning Research},
  note = {\url{http://jmlr.org/papers/v12/wang11b.html}},
  number = {65},
  openalex = {W107039962},
  pages = {2269--2292},
  title = {Smoothness, Disagreement Coefficient, and the Label Complexity of Agnostic Active Learning},
  volume = {12},
  year = {2011}
}

@article{weng2011bayesian,
  author = {Weng, Ruby C. and Lin, Chih‐Jen},
  journal = {Journal of Machine Learning Research},
  note = {\url{http://jmlr.org/papers/v12/weng11a.html}},
  number = {9},
  openalex = {W2134125848},
  pages = {267--300},
  title = {A Bayesian Approximation Method for Online Ranking},
  volume = {12},
  year = {2011}
}

@article{wu2011efficient,
  author = {Wu, Jianxin and Tan, Wei-Chian and Rehg, James M.},
  journal = {Journal of Machine Learning Research},
  note = {\url{http://jmlr.org/papers/v12/wu11b.html}},
  number = {95},
  openalex = {W2184578404},
  pages = {3097--3118},
  title = {Efficient and Effective Visual Codebook Generation Using Additive Kernels},
  volume = {12},
  year = {2011}
}

@article{wu2011robust,
  author = {Wu, Wei and Xu, Jun and Li, Hang and Oyama, Satoshi},
  journal = {Journal of Machine Learning Research},
  note = {\url{http://jmlr.org/papers/v12/wu11a.html}},
  number = {40},
  openalex = {W2142345475},
  pages = {1429--1458},
  title = {Learning a Robust Relevance Model for Search Using Kernel Methods},
  volume = {12},
  year = {2011}
}

@article{yu2011bayesian,
  author = {Yu, Shipeng and Krishnapuram, Balaji and Rosales, Rómer and Rao, R. Bharat},
  journal = {Journal of Machine Learning Research},
  note = {\url{http://jmlr.org/papers/v12/yu11a.html}},
  number = {80},
  openalex = {W53987483},
  pages = {2649--2680},
  title = {Bayesian Co-Training},
  volume = {12},
  year = {2011}
}

@article{zavitsanos2011non,
  author = {Zavitsanos, Elias and Paliouras, Georgios and Vouros, George A.},
  journal = {Journal of Machine Learning Research},
  note = {\url{http://jmlr.org/papers/v12/zavitsanos11a.html}},
  number = {83},
  pages = {2749--2775},
  title = {Non-Parametric Estimation of Topic Hierarchies from Texts with Hierarchical Dirichlet Processes},
  volume = {12},
  year = {2011}
}

@article{zhang2011bayesian,
  author = {Zhang, Zhihua and Dai, Guang and Jordan, Michael I.},
  journal = {Journal of Machine Learning Research},
  note = {\url{http://jmlr.org/papers/v12/zhang11a.html}},
  number = {5},
  openalex = {W2114102615},
  pages = {111--139},
  title = {Bayesian Generalized Kernel Mixed Models},
  volume = {12},
  year = {2011}
}

@article{zhao2011double,
  author = {Zhao, Peilin and Hoi, Steven C. H. and Jin, Rong},
  journal = {Journal of Machine Learning Research},
  note = {\url{http://jmlr.org/papers/v12/zhao11a.html}},
  number = {44},
  openalex = {W2097645432},
  pages = {1587--1615},
  title = {Double Updating Online Learning},
  volume = {12},
  year = {2011}
}

@article{zhou2011high,
  author = {Zhou, Shuheng and Rütimann, Philipp and Xu, Min and Bühlmann, Peter},
  journal = {Journal of Machine Learning Research},
  note = {\url{http://jmlr.org/papers/v12/zhou11a.html}},
  number = {91},
  openalex = {W2120672356},
  pages = {2975--3026},
  title = {High-dimensional Covariance Estimation Based On Gaussian Graphical Models},
  volume = {12},
  year = {2011}
}

@article{zhuang2011family,
  author = {Zhuang, Jinfeng and Tsang, Ivor W. and Hoi, Steven C. H.},
  journal = {Journal of Machine Learning Research},
  note = {\url{http://jmlr.org/papers/v12/zhuang11a.html}},
  number = {36},
  openalex = {W2285373897},
  pages = {1313--1347},
  title = {A Family of Simple Non-Parametric Kernel Learning Algorithms},
  volume = {12},
  year = {2011}
}

@article{zilles2011models,
  author = {Zilles, Sandra and Lange, Steffen and Holte, Robert C. and Zinkevich, Martin},
  journal = {Journal of Machine Learning Research},
  note = {\url{http://jmlr.org/papers/v12/zilles11a.html}},
  number = {11},
  openalex = {W2146938707},
  pages = {349--384},
  title = {Models of Cooperative Teaching and Learning},
  volume = {12},
  year = {2011}
}

@article{zwiernik2011asymptotic,
  author = {Zwiernik, Piotr},
  journal = {Journal of Machine Learning Research},
  note = {\url{http://jmlr.org/papers/v12/zwiernik11a.html}},
  number = {101},
  openalex = {W2167721584},
  pages = {3283--3310},
  title = {An Asymptotic Behaviour of the Marginal Likelihood for General Markov Models},
  volume = {12},
  year = {2011}
}
