@article{lazaric2012finite,
  author = {Lazaric, Alessandro and Ghavamzadeh, Mohammad and Munos, Rémi},
  journal = {Journal of Machine Learning Research},
  note = {\url{http://jmlr.org/papers/v13/lazaric12a.html}},
  number = {98},
  openalex = {W2130599357},
  pages = {3041--3074},
  title = {Finite-Sample Analysis of Least-Squares Policy Iteration},
  volume = {13},
  year = {2012}
}

@article{aho2012multi,
  author = {Aho, Timo and Ženko, Bernard and Džeroski, Sašo and Elomaa, Tapio},
  journal = {Journal of Machine Learning Research},
  note = {\url{http://jmlr.org/papers/v13/aho12a.html}},
  number = {78},
  openalex = {W2157024002},
  pages = {2367--2407},
  title = {Multi-target regression with rule ensembles},
  volume = {13},
  year = {2012}
}

@article{ailon2012active,
  author = {Ailon, Nir},
  journal = {Journal of Machine Learning Research},
  note = {\url{http://jmlr.org/papers/v13/ailon12a.html}},
  number = {5},
  openalex = {W2122350398},
  pages = {137--164},
  title = {An active learning algorithm for ranking from pairwise preferences with an almost optimal query complexity},
  volume = {13},
  year = {2012}
}

@article{anandkumar2012high,
  author = {Anandkumar, Animashree and Tan, Vincent Y. F. and Huang, Furong and Willsky, Alan S.},
  journal = {Journal of Machine Learning Research},
  note = {\url{http://jmlr.org/papers/v13/anandkumar12a.html}},
  number = {76},
  openalex = {W2121044254},
  pages = {2293--2337},
  title = {High-dimensional Gaussian graphical model selection: walk summability and local separation criterion},
  volume = {13},
  year = {2012}
}

@article{azar2012dynamic,
  author = {Azar, Mohammad Gheshlaghi and Gómez, Vicenç and Kappen, Hilbert J.},
  journal = {Journal of Machine Learning Research},
  note = {\url{http://jmlr.org/papers/v13/azar12a.html}},
  number = {103},
  openalex = {W2962901215},
  pages = {3207--3245},
  title = {Dynamic policy programming},
  volume = {13},
  year = {2012}
}

@article{barbu2012introduction,
  author = {Barbu, Adrian and Lay, Nathan},
  journal = {Journal of Machine Learning Research},
  note = {\url{http://jmlr.org/papers/v13/barbu12a.html}},
  number = {71},
  openalex = {W2962849298},
  pages = {2177--2204},
  title = {An introduction to artificial prediction markets for classification},
  volume = {13},
  year = {2012}
}

@article{benbouzid2012multiboost,
  author = {Benbouzid, Djalel and Busa‐Fekete, Róbert and Casagrande, Norman and Collin, François-David and Kégl, Balázs},
  journal = {Journal of Machine Learning Research},
  note = {\url{http://jmlr.org/papers/v13/benbouzid12a.html}},
  number = {18},
  openalex = {W2184241488},
  pages = {549--553},
  title = {MULTIBOOST: a multi-purpose boosting package},
  volume = {13},
  year = {2012}
}

@article{bental2012efficient,
  author = {Ben‐Tal, Aharon and Bhadra, Sahely and Bhattacharyya, Chiranjib and Nemirovski, Arkadi},
  journal = {Journal of Machine Learning Research},
  note = {\url{http://jmlr.org/papers/v13/ben-tal12a.html}},
  number = {94},
  openalex = {W2137578134},
  pages = {2923--2954},
  title = {Efficient methods for robust classification under uncertainty in kernel matrices},
  volume = {13},
  year = {2012}
}

@article{bergstra2012random,
  author = {Bergstra, James and Bengio, Yoshua},
  journal = {Journal of Machine Learning Research},
  note = {\url{http://jmlr.org/papers/v13/bergstra12a.html}},
  number = {10},
  openalex = {W2097998348},
  pages = {281--305},
  title = {Random search for hyper-parameter optimization},
  volume = {13},
  year = {2012}
}

@article{biau2012analysis,
  author = {Biau, Gérard},
  journal = {Journal of Machine Learning Research},
  note = {\url{http://jmlr.org/papers/v13/biau12a.html}},
  number = {38},
  openalex = {W2214916291},
  pages = {1063--1095},
  title = {Analysis of a Random Forests Model},
  volume = {13},
  year = {2012}
}

@article{brodersen2012bayesian,
  author = {Brodersen, Kay H. and Mathys, Christoph and Chumbley, Justin and Daunizeau, Jean and Ong, Cheng Soon and Buhmann, Joachim M. and Stephan, Klaas Ε.},
  journal = {Journal of Machine Learning Research},
  note = {\url{http://jmlr.org/papers/v13/brodersen12a.html}},
  number = {101},
  openalex = {W2149835029},
  pages = {3133--3176},
  title = {Bayesian mixed-effects inference on classification performance in hierarchical data sets},
  volume = {13},
  year = {2012}
}

@article{brown2012conditional,
  author = {Brown, Gavin and Pocock, Adam and Zhao, Mingjie and Luján, Mikel},
  journal = {Journal of Machine Learning Research},
  note = {\url{http://jmlr.org/papers/v13/brown12a.html}},
  number = {2},
  openalex = {W2156504490},
  pages = {27--66},
  title = {Conditional likelihood maximisation: a unifying framework for information theoretic feature selection},
  volume = {13},
  year = {2012}
}

@article{brueckner2012static,
  author = {Brückner, Michael and Kanzow, Christian and Scheffer, Tobias},
  journal = {Journal of Machine Learning Research},
  note = {\url{http://jmlr.org/papers/v13/brueckner12a.html}},
  number = {85},
  openalex = {W2097860933},
  pages = {2617--2654},
  title = {Static prediction games for adversarial learning problems},
  volume = {13},
  year = {2012}
}

@article{brunner2012pairwise,
  author = {Brunner, Carl and Fischer, Andreas and Luig, Klaus and Thies, Thorsten},
  journal = {Journal of Machine Learning Research},
  note = {\url{http://jmlr.org/papers/v13/brunner12a.html}},
  number = {75},
  openalex = {W86325011},
  pages = {2279--2292},
  title = {Pairwise support vector machines and their application to large scale problems},
  volume = {13},
  year = {2012}
}

@article{chai2012variational,
  author = {Chai, Kian Ming A.},
  journal = {Journal of Machine Learning Research},
  note = {\url{http://jmlr.org/papers/v13/chai12a.html}},
  number = {56},
  openalex = {W2139036986},
  pages = {1745--1808},
  title = {Variational multinomial logit gaussian process},
  volume = {13},
  year = {2012}
}

@article{chen2012svdfeature,
  author = {Chen, Tianqi and Zhang, Weinan and Lu, Qiuxia and Chen, Kailong and Zhao, Zheng and Yu, Yong},
  journal = {Journal of Machine Learning Research},
  note = {\url{http://jmlr.org/papers/v13/chen12a.html}},
  number = {116},
  openalex = {W21207210},
  pages = {3619--3622},
  title = {SVDFeature: a toolkit for feature-based collaborative filtering},
  volume = {13},
  year = {2012}
}

@article{chiang2012hope,
  author = {Chiang, David},
  journal = {Journal of Machine Learning Research},
  note = {\url{http://jmlr.org/papers/v13/chiang12a.html}},
  number = {40},
  openalex = {W2158614781},
  pages = {1159--1187},
  title = {Hope and fear for discriminative training of statistical translation models},
  volume = {13},
  year = {2012}
}

@article{cooper2012sign,
  author = {Cooper, Helen and Ong, Eng-Jon and Pugeault, Nicolas and Bowden, Richard},
  journal = {Journal of Machine Learning Research},
  note = {\url{http://jmlr.org/papers/v13/cooper12a.html}},
  number = {72},
  openalex = {W2107603586},
  pages = {2205--2231},
  title = {Sign Language Recognition Using Sub-units},
  volume = {13},
  year = {2012}
}

@article{cortes2012algorithms,
  author = {Cortes, Corinna and Mohri, Mehryar and Rostamizadeh, Afshin},
  journal = {Journal of Machine Learning Research},
  note = {\url{http://jmlr.org/papers/v13/cortes12a.html}},
  number = {28},
  openalex = {W1920328734},
  pages = {795--828},
  title = {Algorithms for learning kernels based on centered alignment},
  volume = {13},
  year = {2012}
}

@article{crammer2012confidence,
  author = {Crammer, Koby and Dredze, Mark and Pereira, Fernando},
  journal = {Journal of Machine Learning Research},
  note = {\url{http://jmlr.org/papers/v13/crammer12a.html}},
  number = {60},
  openalex = {W2160648405},
  pages = {1891--1926},
  title = {Confidence-weighted linear classification for text categorization},
  volume = {13},
  year = {2012}
}

@article{dekel2012optimal,
  author = {Dekel, Ofer and Gilad-Bachrach, Ran and Shamir, Ohad and Xiao, Lin},
  journal = {Journal of Machine Learning Research},
  note = {\url{http://jmlr.org/papers/v13/dekel12a.html}},
  number = {6},
  openalex = {W2130062883},
  pages = {165--202},
  title = {Optimal distributed online prediction using mini-batches},
  volume = {13},
  year = {2012}
}

@article{dekel2012selective,
  author = {Dekel, Ofer and Gentile, Claudio and Sridharan, Karthik},
  journal = {Journal of Machine Learning Research},
  note = {\url{http://jmlr.org/papers/v13/dekel12b.html}},
  number = {86},
  openalex = {W2147004922},
  pages = {2655--2697},
  title = {Selective sampling and active learning from single and multiple teachers},
  volume = {13},
  year = {2012}
}

@article{desmedt2012pattern,
  author = {Smedt, Tom De and Daelemans, Walter},
  journal = {Journal of Machine Learning Research},
  note = {\url{http://jmlr.org/papers/v13/desmedt12a.html}},
  number = {66},
  openalex = {W2110453538},
  pages = {2063--2067},
  title = {Pattern for python},
  volume = {13},
  year = {2012}
}

@article{do2012regularized,
  author = {Do, Trinh-Minh-Tri and Artières, Thierry},
  journal = {Journal of Machine Learning Research},
  note = {\url{http://jmlr.org/papers/v13/do12a.html}},
  number = {114},
  openalex = {W2103495670},
  pages = {3539--3583},
  title = {Regularized bundle methods for convex and non-convex risks},
  volume = {13},
  year = {2012}
}

@article{drineas2012fast,
  author = {Drineas, Petros and Magdon‐Ismail, Malik and Mahoney, Michael W. and Woodruff, David P.},
  journal = {Journal of Machine Learning Research},
  note = {\url{http://jmlr.org/papers/v13/drineas12a.html}},
  number = {111},
  openalex = {W2616345629},
  pages = {3475--3506},
  title = {Fast approximation of matrix coherence and statistical leverage},
  volume = {13},
  year = {2012}
}

@article{elyaniv2012active,
  author = {El‐Yaniv, Ran and Wiener, Yair},
  journal = {Journal of Machine Learning Research},
  note = {\url{http://jmlr.org/papers/v13/el-yaniv12a.html}},
  number = {9},
  openalex = {W2108428725},
  pages = {255--279},
  title = {Active learning via perfect selective classification},
  volume = {13},
  year = {2012}
}

@article{fortin2012deap,
  author = {Fortin, F. and Rainville, François-Michel De and Gardner, Marc-André and Parizeau, Marc and Gagné, Christian},
  journal = {Journal of Machine Learning Research},
  note = {\url{http://jmlr.org/papers/v13/fortin12a.html}},
  number = {70},
  openalex = {W2109042184},
  pages = {2171--2175},
  title = {DEAP: evolutionary algorithms made easy},
  volume = {13},
  year = {2012}
}

@article{frank2012multi,
  author = {Streich, Andreas P. and Frank, Mario and Basin, David and Buhmann, Joachim M.},
  journal = {Journal of Machine Learning Research},
  note = {\url{http://jmlr.org/papers/v13/frank12a.html}},
  number = {15},
  openalex = {W2150442700},
  pages = {459--489},
  title = {Multi-assignment clustering for Boolean data},
  volume = {13},
  year = {2012}
}

@article{genovese2012comparison,
  author = {Genovese, Christopher R. and Jin, Jiashun and Wasserman, Larry and Yao, Zhigang},
  journal = {Journal of Machine Learning Research},
  note = {\url{http://jmlr.org/papers/v13/genovese12b.html}},
  number = {68},
  openalex = {W2122992239},
  pages = {2107--2143},
  title = {A comparison of the lasso and marginal regression},
  volume = {13},
  year = {2012}
}

@article{genovese2012minimax,
  author = {Genovese, Christopher R. and Perone-Pacifico, Marco and Verdinelli, Isabella and Wasserman, Larry},
  journal = {Journal of Machine Learning Research},
  note = {\url{http://jmlr.org/papers/v13/genovese12a.html}},
  number = {43},
  openalex = {W2962914462},
  pages = {1263--1291},
  title = {Minimax manifold estimation},
  volume = {13},
  year = {2012}
}

@article{gillis2012sparse,
  author = {Gillis, Nicolas},
  journal = {Journal of Machine Learning Research},
  note = {\url{http://jmlr.org/papers/v13/gillis12a.html}},
  number = {108},
  openalex = {W1893900968},
  pages = {3349--3386},
  title = {Sparse and unique nonnegative matrix factorization through data preprocessing},
  volume = {13},
  year = {2012}
}

@article{gould2012darwin,
  author = {Gould, Stephen},
  journal = {Journal of Machine Learning Research},
  note = {\url{http://jmlr.org/papers/v13/gould12a.html}},
  number = {113},
  pages = {3533--3537},
  title = {DARWIN: a framework for machine learning and computer vision research and development},
  volume = {13},
  year = {2012}
}

@article{grau2012jstacs,
  author = {Grau, Jan and Keilwagen, Jens and Gohr, André and Haldemann, Berit and Posch, Stefan and Große, Ivo},
  journal = {Journal of Machine Learning Research},
  note = {\url{http://jmlr.org/papers/v13/grau12a.html}},
  number = {62},
  openalex = {W771098},
  pages = {1967--1971},
  title = {Jstacs: a java framework for statistical analysis and classification of biological sequences},
  volume = {13},
  year = {2012}
}

@article{gretton2012kernel,
  author = {Gretton, Arthur and Borgwardt, Karsten and Rasch, Malte J. and Schölkopf, Bernhard and Smola, Alexander J.},
  journal = {Journal of Machine Learning Research},
  note = {\url{http://jmlr.org/papers/v13/gretton12a.html}},
  number = {25},
  openalex = {W2212660284},
  pages = {723--773},
  title = {A kernel two-sample test},
  volume = {13},
  year = {2012}
}

@article{gutmann2012noise,
  author = {Gutmann, Michael U. and Hyvärinen, Aapo},
  journal = {Journal of Machine Learning Research},
  note = {\url{http://jmlr.org/papers/v13/gutmann12a.html}},
  number = {11},
  openalex = {W2138204974},
  pages = {307--361},
  title = {Noise-contrastive estimation of unnormalized statistical models, with applications to natural image statistics},
  volume = {13},
  year = {2012}
}

@article{hanneke2012activized,
  author = {Hanneke, Steve},
  journal = {Journal of Machine Learning Research},
  note = {\url{http://jmlr.org/papers/v13/hanneke12a.html}},
  number = {49},
  openalex = {W1807800941},
  pages = {1469--1587},
  title = {Activized Learning: Transforming Passive to Active with Improved Label Complexity},
  volume = {13},
  year = {2012}
}

@article{hauser2012characterization,
  author = {Hauser, Alain and Bühlmann, Peter},
  journal = {Journal of Machine Learning Research},
  note = {\url{http://jmlr.org/papers/v13/hauser12a.html}},
  number = {79},
  openalex = {W2103659055},
  pages = {2409--2464},
  title = {Characterization and greedy learning of interventional Markov equivalence classes of directed acyclic graphs},
  volume = {13},
  year = {2012}
}

@article{hazan2012online,
  author = {Hazan, Elad and Kale, Satyen},
  journal = {Journal of Machine Learning Research},
  note = {\url{http://jmlr.org/papers/v13/hazan12a.html}},
  number = {93},
  openalex = {W169739242},
  pages = {2903--2922},
  title = {Online submodular minimization},
  volume = {13},
  year = {2012}
}

@article{helmbold2012necessity,
  author = {Helmbold, David P. and Long, Philip M.},
  journal = {Journal of Machine Learning Research},
  note = {\url{http://jmlr.org/papers/v13/helmbold12a.html}},
  number = {69},
  openalex = {W2616625443},
  pages = {2145--2170},
  title = {On the necessity of irrelevant variables},
  volume = {13},
  year = {2012}
}

@article{hennig2012entropy,
  author = {Hennig, Philipp and Schuler, Christian J.},
  journal = {Journal of Machine Learning Research},
  note = {\url{http://jmlr.org/papers/v13/hennig12a.html}},
  number = {57},
  openalex = {W1693986406},
  pages = {1809--1837},
  title = {Entropy search for information-efficient global optimization},
  volume = {13},
  year = {2012}
}

@article{hernandezorallo2012unified,
  author = {Hernández‐Orallo, José and Flach, Peter and Ferri, César},
  journal = {Journal of Machine Learning Research},
  note = {\url{http://jmlr.org/papers/v13/hernandez-orallo12a.html}},
  number = {91},
  openalex = {W2155822698},
  pages = {2813--2869},
  title = {A unified view of performance metrics: translating threshold choice into expected classification loss},
  volume = {13},
  year = {2012}
}

@article{ho2012large,
  author = {Ho, Chia-Hua and Lin, Chih‐Jen},
  journal = {Journal of Machine Learning Research},
  note = {\url{http://jmlr.org/papers/v13/ho12a.html}},
  number = {107},
  openalex = {W2139410361},
  pages = {3323--3348},
  title = {Large-scale linear support vector regression},
  volume = {13},
  year = {2012}
}

@article{huang2012bounding,
  author = {Huang, Gary B. and Kae, Andrew and Doersch, Carl and Learned-Miller, Erik},
  journal = {Journal of Machine Learning Research},
  note = {\url{http://jmlr.org/papers/v13/huang12a.html}},
  number = {12},
  openalex = {W2098396320},
  pages = {363--387},
  title = {Bounding the probability of error for high precision optical character recognition},
  volume = {13},
  year = {2012}
}

@article{huang2012estimation,
  author = {Huang, Jian and Zhang, Cun‐Hui},
  journal = {Journal of Machine Learning Research},
  note = {\url{http://jmlr.org/papers/v13/huang12b.html}},
  number = {58},
  openalex = {W1924642174},
  pages = {1839--1864},
  title = {Estimation and Selection via Absolute Penalized Convex Minimization And Its Multistage Adaptive Applications.},
  volume = {13},
  year = {2012}
}

@article{hyttinen2012learning,
  author = {Hyttinen, Antti and Eberhardt, Frederick and Hoyer, Patrik O.},
  journal = {Journal of Machine Learning Research},
  note = {\url{http://jmlr.org/papers/v13/hyttinen12a.html}},
  number = {109},
  openalex = {W2116616491},
  pages = {3387--3439},
  title = {Learning linear cyclic causal models with latent variables},
  volume = {13},
  year = {2012}
}

@article{jain2012metric,
  author = {Jain, Prateek and Kulis, Brian and Davis, Jason V. and Dhillon, Inderjit S.},
  journal = {Journal of Machine Learning Research},
  note = {\url{http://jmlr.org/papers/v13/jain12a.html}},
  number = {17},
  openalex = {W2158602558},
  pages = {519--547},
  title = {Metric and kernel learning using a linear transformation},
  volume = {13},
  year = {2012}
}

@article{kakade2012regularization,
  author = {Kakade, Sham M. and Shalev‐Shwartz, Shai and Tewari, Ambuj},
  journal = {Journal of Machine Learning Research},
  note = {\url{http://jmlr.org/papers/v13/kakade12a.html}},
  number = {59},
  openalex = {W2170912114},
  pages = {1865--1890},
  title = {Regularization techniques for learning with matrices},
  volume = {13},
  year = {2012}
}

@article{kim2012consistent,
  author = {Kim, Yongdai and Kwon, Sunghoon and Choi, Hosik},
  journal = {Journal of Machine Learning Research},
  note = {\url{http://jmlr.org/papers/v13/kim12a.html}},
  number = {36},
  openalex = {W160307228},
  pages = {1037--1057},
  title = {Consistent model selection criteria on high dimensions},
  volume = {13},
  year = {2012}
}

@article{kim2012robust,
  author = {Kim, JooSeuk and Scott, Clayton},
  journal = {Journal of Machine Learning Research},
  note = {\url{http://jmlr.org/papers/v13/kim12b.html}},
  number = {82},
  openalex = {W2547788783},
  pages = {2529--2565},
  title = {Robust kernel density estimation},
  volume = {13},
  year = {2012}
}

@article{kiraly2012algebraic,
  author = {Király, Franz J. and Bünau, Paul von and Meinecke, Frank C. and Blythe, Duncan A. J. and Müller, Klaus‐Robert},
  journal = {Journal of Machine Learning Research},
  note = {\url{http://jmlr.org/papers/v13/kiraly12a.html}},
  number = {31},
  openalex = {W1753618630},
  pages = {855--903},
  title = {Algebraic geometric comparison of probability distributions},
  volume = {13},
  year = {2012}
}

@article{kloft2012convergence,
  author = {Kloft, Marius and Blanchard, Gilles},
  journal = {Journal of Machine Learning Research},
  note = {\url{http://jmlr.org/papers/v13/kloft12a.html}},
  number = {80},
  pages = {2465--2502},
  title = {On the Convergence Rate of l_p-Norm Multiple Kernel Learning},
  volume = {13},
  year = {2012}
}

@article{kloft2012security,
  author = {Kloft, Marius and Laskov, Pavel},
  journal = {Journal of Machine Learning Research},
  note = {\url{http://jmlr.org/papers/v13/kloft12b.html}},
  number = {118},
  openalex = {W2134063365},
  pages = {3681--3724},
  title = {Security analysis of online centroid anomaly detection},
  volume = {13},
  year = {2012}
}

@article{konidaris2012transfer,
  author = {Konidaris, George and Scheidwasser, Ilya and Barto, Andrew G.},
  journal = {Journal of Machine Learning Research},
  note = {\url{http://jmlr.org/papers/v13/konidaris12a.html}},
  number = {45},
  openalex = {W2097498341},
  pages = {1333--1371},
  title = {Transfer in reinforcement learning via shared features},
  volume = {13},
  year = {2012}
}

@article{kumar2012sampling,
  author = {Kumar, Sanjiv and Mohri, Mehryar and Talwalkar, Ameet},
  journal = {Journal of Machine Learning Research},
  note = {\url{http://jmlr.org/papers/v13/kumar12a.html}},
  number = {34},
  openalex = {W2141566892},
  pages = {981--1006},
  title = {Sampling methods for the Nyström method},
  volume = {13},
  year = {2012}
}

@article{lang2012exploration,
  author = {Lang, Tobias and Toussaint, Marc and Kersting, Kristian},
  journal = {Journal of Machine Learning Research},
  note = {\url{http://jmlr.org/papers/v13/lang12a.html}},
  number = {119},
  openalex = {W2119521930},
  pages = {3725--3768},
  title = {Exploration in relational domains for model-based reinforcement learning},
  volume = {13},
  year = {2012}
}

@article{larochelle2012learning,
  author = {Larochelle, Hugo and Mandel, Michael and Pascanu, Razvan and Bengio, Yoshua},
  journal = {Journal of Machine Learning Research},
  note = {\url{http://jmlr.org/papers/v13/larochelle12a.html}},
  number = {22},
  openalex = {W2105577021},
  pages = {643--669},
  title = {Learning algorithms for the classification restricted Boltzmann machine},
  volume = {13},
  year = {2012}
}

@article{lawrence2012unifying,
  author = {Lawrence, Neil D.},
  journal = {Journal of Machine Learning Research},
  note = {\url{http://jmlr.org/papers/v13/lawrence12a.html}},
  number = {51},
  openalex = {W1548207260},
  pages = {1609--1638},
  title = {A unifying probabilistic perspective for spectral dimensionality reduction: insights and new models},
  volume = {13},
  year = {2012}
}

@article{lee2012manifold,
  author = {Lee, Sangkyun and Wright, Stephen J.},
  journal = {Journal of Machine Learning Research},
  note = {\url{http://jmlr.org/papers/v13/lee12a.html}},
  number = {55},
  openalex = {W2135499062},
  pages = {1705--1744},
  title = {Manifold identification in dual averaging for regularized stochastic online learning},
  volume = {13},
  year = {2012}
}

@article{lee2012prea,
  author = {Lee, Joonseok and Sun, Mingxuan and Lebanon, Guy},
  journal = {Journal of Machine Learning Research},
  note = {\url{http://jmlr.org/papers/v13/lee12b.html}},
  number = {87},
  openalex = {W2132555563},
  pages = {2699--2703},
  title = {PREA: personalized recommendation algorithms toolkit},
  volume = {13},
  year = {2012}
}

@article{liu2012multi,
  author = {Liu, Ji and Wonka, Peter and Ye, Jieping},
  journal = {Journal of Machine Learning Research},
  note = {\url{http://jmlr.org/papers/v13/liu12a.html}},
  number = {41},
  openalex = {W2160106744},
  pages = {1189--1219},
  title = {A multi-stage framework for Dantzig selector and LASSO},
  volume = {13},
  year = {2012}
}

@article{lizotte2012linear,
  author = {Lizotte, Daniel J. and Bowling, Michael and Murphy, Susan A.},
  journal = {Journal of Machine Learning Research},
  note = {\url{http://jmlr.org/papers/v13/lizotte12a.html}},
  number = {105},
  openalex = {W2167062306},
  pages = {3253--3295},
  title = {Linear Fitted-Q Iteration with Multiple Reward Functions.},
  volume = {13},
  year = {2012}
}

@article{lui2012human,
  author = {Lui, Yui Man},
  journal = {Journal of Machine Learning Research},
  note = {\url{http://jmlr.org/papers/v13/lui12a.html}},
  number = {106},
  openalex = {W2161299605},
  pages = {3297--3321},
  title = {Human Gesture Recognition on Product Manifolds},
  volume = {13},
  year = {2012}
}

@article{ly2012learning,
  author = {Ly, Daniel and Lipson, Hod},
  journal = {Journal of Machine Learning Research},
  note = {\url{http://jmlr.org/papers/v13/ly12a.html}},
  number = {115},
  openalex = {W2122179032},
  pages = {3585--3618},
  title = {Learning symbolic representations of hybrid dynamical systems},
  volume = {13},
  year = {2012}
}

@article{mahdavi2012trading,
  author = {Mahdavi, Mehrdad and Jin, Rong and Yang, Tianbao},
  journal = {Journal of Machine Learning Research},
  note = {\url{http://jmlr.org/papers/v13/mahdavi12a.html}},
  number = {81},
  openalex = {W1520045492},
  pages = {2503--2528},
  title = {Trading Regret for Efficiency: Online Convex Optimization with Long Term Constraints},
  volume = {13},
  year = {2012}
}

@article{mahoney2012local,
  author = {Mahoney, Michael W. and Orecchia, Lorenzo and Vishnoi, Nisheeth K.},
  journal = {Journal of Machine Learning Research},
  note = {\url{http://jmlr.org/papers/v13/mahoney12a.html}},
  number = {77},
  openalex = {W2162148078},
  pages = {2339--2365},
  title = {A local spectral method for graphs: with applications to improving graph partitions and exploring data graphs locally},
  volume = {13},
  year = {2012}
}

@article{maillard2012linear,
  author = {Maillard, Odalric-Ambrym and Munos, Rémi},
  journal = {Journal of Machine Learning Research},
  note = {\url{http://jmlr.org/papers/v13/maillard12a.html}},
  number = {89},
  openalex = {W2164013269},
  pages = {2735--2772},
  title = {Linear Regression with Random Projections},
  volume = {13},
  year = {2012}
}

@article{martinez2012model,
  author = {Martı́nez, Aleix M. and Du, Shichuan},
  journal = {Journal of Machine Learning Research},
  note = {\url{http://jmlr.org/papers/v13/martinez12a.html}},
  number = {50},
  openalex = {W2122361883},
  pages = {1589--1608},
  title = {A Model of the Perception of Facial Expressions of Emotion by Humans: Research Overview and Perspectives},
  volume = {13},
  year = {2012}
}

@article{maurer2012structured,
  author = {Maurer, Andreas and Pontil, Massimiliano},
  journal = {Journal of Machine Learning Research},
  note = {\url{http://jmlr.org/papers/v13/maurer12a.html}},
  number = {23},
  openalex = {W2116343548},
  pages = {671--690},
  title = {Structured sparsity and generalization},
  volume = {13},
  year = {2012}
}

@article{may2012optimistic,
  author = {May, Benedict C. and Korda, Nathan and Lee, Anthony and Leslie, David S.},
  journal = {Journal of Machine Learning Research},
  note = {\url{http://jmlr.org/papers/v13/may12a.html}},
  number = {67},
  openalex = {W1618543586},
  pages = {2069--2106},
  title = {Optimistic Bayesian sampling in contextual-bandit problems},
  volume = {13},
  year = {2012}
}

@article{mazumder2012exact,
  author = {Mazumder, Rahul and Hastie, Trevor},
  journal = {Journal of Machine Learning Research},
  note = {\url{http://jmlr.org/papers/v13/mazumder12a.html}},
  number = {27},
  openalex = {W2950215113},
  pages = {781--794},
  title = {Exact covariance thresholding into connected components for large-scale Graphical Lasso},
  volume = {13},
  year = {2012}
}

@article{minsker2012plug,
  author = {Minsker, Stanislav},
  journal = {Journal of Machine Learning Research},
  note = {\url{http://jmlr.org/papers/v13/minsker12a.html}},
  number = {3},
  openalex = {W2963885708},
  pages = {67--90},
  title = {Plug-in Approach to Active Learning},
  volume = {13},
  year = {2012}
}

@article{mohan2012iterative,
  author = {Mohan, Karthik and Fazel, Maryam},
  journal = {Journal of Machine Learning Research},
  note = {\url{http://jmlr.org/papers/v13/mohan12a.html}},
  number = {110},
  openalex = {W2136912397},
  pages = {3441--3473},
  title = {Iterative reweighted algorithms for matrix rank minimization},
  volume = {13},
  year = {2012}
}

@article{nayak2012finding,
  author = {Nayak, Sunita and Duncan, Kester and Sarkar, Sudeep and Loeding, Barbara L.},
  journal = {Journal of Machine Learning Research},
  note = {\url{http://jmlr.org/papers/v13/nayak12a.html}},
  number = {84},
  openalex = {W2168068018},
  pages = {2589--2615},
  title = {Finding Recurrent Patterns from Continuous Sign Language Sentences for Automated Extraction of Signs},
  volume = {13},
  year = {2012}
}

@article{negahban2012restricted,
  author = {Negahban, Sahand and Wainwright, Martin J.},
  journal = {Journal of Machine Learning Research},
  note = {\url{http://jmlr.org/papers/v13/negahban12a.html}},
  number = {53},
  openalex = {W2111297856},
  pages = {1665--1697},
  title = {Restricted strong convexity and weighted matrix completion: Optimal bounds with noise},
  volume = {13},
  year = {2012}
}

@article{nelson2012query,
  author = {Nelson, Blaine and Rubinstein, Benjamin I. P. and Huang, Ling and Joseph, Anthony D. and Lee, Steven J. and Rao, Satish and Tygar, J. D.},
  journal = {Journal of Machine Learning Research},
  note = {\url{http://jmlr.org/papers/v13/nelson12a.html}},
  number = {44},
  openalex = {W2151773168},
  pages = {1293--1332},
  title = {Query strategies for evading convex-inducing classifiers},
  volume = {13},
  year = {2012}
}

@article{nickisch2012glm,
  author = {Nickisch, Hannes},
  journal = {Journal of Machine Learning Research},
  note = {\url{http://jmlr.org/papers/v13/nickisch12a.html}},
  number = {54},
  openalex = {W2165748376},
  pages = {1699--1703},
  title = {glm-ie: generalised linear models inference & estimation toolbox},
  volume = {13},
  year = {2012}
}

@article{orabona2012multi,
  author = {Orabona, Francesco and Jie, Luo and Caputo, Barbara},
  journal = {Journal of Machine Learning Research},
  note = {\url{http://jmlr.org/papers/v13/orabona12a.html}},
  number = {8},
  pages = {227--253},
  title = {Multi Kernel Learning with Online-Batch Optimization},
  volume = {13},
  year = {2012}
}

@article{park2012glp,
  author = {Park, Chiwoo and Huang, Jianhua Z. and Ding, Yu},
  journal = {Journal of Machine Learning Research},
  note = {\url{http://jmlr.org/papers/v13/park12a.html}},
  number = {26},
  openalex = {W38425204},
  pages = {775--779},
  title = {GPLP: a local and parallel computation toolbox for Gaussian process regression},
  volume = {13},
  year = {2012}
}

@article{parrado2012pac,
  author = {Parrado-Hernández, Emilio and Ambroladze, Amiran and Shawe‐Taylor, John and Sun, Shiliang},
  journal = {Journal of Machine Learning Research},
  note = {\url{http://jmlr.org/papers/v13/parrado12a.html}},
  number = {112},
  openalex = {W2130464645},
  pages = {3507--3531},
  title = {PAC-bayes bounds with data dependent priors},
  volume = {13},
  year = {2012}
}

@article{piccolo2012ml,
  author = {Piccolo, Stephen and Frey, Lewis J.},
  journal = {Journal of Machine Learning Research},
  note = {\url{http://jmlr.org/papers/v13/piccolo12a.html}},
  number = {19},
  openalex = {W2118017676},
  pages = {555--559},
  title = {ML-Flex: a flexible toolbox for performing classification analyses in parallel},
  volume = {13},
  year = {2012}
}

@article{qin2012structured,
  author = {Qin, Zhiwei and Goldfarb, Donald},
  journal = {Journal of Machine Learning Research},
  note = {\url{http://jmlr.org/papers/v13/qin12a.html}},
  number = {48},
  openalex = {W2963198961},
  pages = {1435--1468},
  title = {Structured Sparsity via Alternating Direction Methods},
  volume = {13},
  year = {2012}
}

@article{ramsahai2012causal,
  author = {Ramsahai, Roland R.},
  journal = {Journal of Machine Learning Research},
  note = {\url{http://jmlr.org/papers/v13/ramsahai12a.html}},
  number = {29},
  openalex = {W1541738043},
  pages = {829--848},
  title = {Causal bounds and observable constraints for non-deterministic models},
  volume = {13},
  year = {2012}
}

@article{raskutti2012minimax,
  author = {Raskutti, Garvesh and Wainwright, Martin J. and Yu, Bin},
  journal = {Journal of Machine Learning Research},
  note = {\url{http://jmlr.org/papers/v13/raskutti12a.html}},
  number = {13},
  openalex = {W2153542182},
  pages = {389--427},
  title = {Minimax-optimal rates for sparse additive models over kernel classes via convex programming},
  volume = {13},
  year = {2012}
}

@article{raykar2012eliminating,
  author = {Raykar, Vikas C. and Yu, Shipeng},
  journal = {Journal of Machine Learning Research},
  note = {\url{http://jmlr.org/papers/v13/raykar12a.html}},
  number = {16},
  openalex = {W2119830539},
  pages = {491--518},
  title = {Eliminating spammers and ranking annotators for crowdsourced labeling tasks},
  volume = {13},
  year = {2012}
}

@article{rejchel2012ranking,
  author = {Rejchel, Wojciech},
  journal = {Journal of Machine Learning Research},
  note = {\url{http://jmlr.org/papers/v13/rejchel12a.html}},
  number = {46},
  openalex = {W1572386387},
  pages = {1373--1392},
  title = {On ranking and generalization bounds},
  volume = {13},
  year = {2012}
}

@article{rieck2012sally,
  author = {Rieck, Konrad and Wressnegger, Christian and Bikadorov, Alexander},
  journal = {Journal of Machine Learning Research},
  note = {\url{http://jmlr.org/papers/v13/rieck12a.html}},
  number = {104},
  openalex = {W2131182686},
  pages = {3247--3251},
  title = {Sally: a tool for embedding strings in vector spaces},
  volume = {13},
  year = {2012}
}

@article{rinaldo2012stability,
  author = {Rinaldo, Alessandro and Singh, Aarti and Nugent, Rebecca and Wasserman, Larry},
  journal = {Journal of Machine Learning Research},
  note = {\url{http://jmlr.org/papers/v13/rinaldo12a.html}},
  number = {32},
  openalex = {W1584683589},
  pages = {905--948},
  title = {Stability of density-based clustering},
  volume = {13},
  year = {2012}
}

@article{rubinstein2012geometric,
  author = {Rubinstein, Benjamin I. P. and Rubinstein, J},
  journal = {Journal of Machine Learning Research},
  note = {\url{http://jmlr.org/papers/v13/rubinstein12a.html}},
  number = {42},
  openalex = {W2154955030},
  pages = {1221--1261},
  title = {A geometric approach to sample compression},
  volume = {13},
  year = {2012}
}

@article{sabato2012multi,
  author = {Sabato, Sivan and Tishby, Naftali},
  journal = {Journal of Machine Learning Research},
  note = {\url{http://jmlr.org/papers/v13/sabato12a.html}},
  number = {97},
  openalex = {W1790119552},
  pages = {2999--3039},
  title = {Multi-instance learning with any hypothesis class},
  volume = {13},
  year = {2012}
}

@article{salman2012quantum,
  author = {Salman, Tamer and Baram, Yoram},
  journal = {Journal of Machine Learning Research},
  note = {\url{http://jmlr.org/papers/v13/salman12a.html}},
  number = {102},
  openalex = {W66231363},
  pages = {3177--3206},
  title = {Quantum set intersection and its application to associative memory},
  volume = {13},
  year = {2012}
}

@article{schnitzer2012local,
  author = {Schnitzer, Dominik and Flexer, Arthur and Schedl, Markus and Widmer, Gerhard},
  journal = {Journal of Machine Learning Research},
  note = {\url{http://jmlr.org/papers/v13/schnitzer12a.html}},
  number = {92},
  openalex = {W2096630704},
  pages = {2871--2902},
  title = {Local and global scaling reduce hubs in space},
  volume = {13},
  year = {2012}
}

@article{shalit2012online,
  author = {Shalit, Uri and Weinshall, Daphna and Chechik, Gal},
  journal = {Journal of Machine Learning Research},
  note = {\url{http://jmlr.org/papers/v13/shalit12a.html}},
  number = {14},
  openalex = {W2121667911},
  pages = {429--458},
  title = {Online learning in the embedded manifold of low-rank matrices},
  volume = {13},
  year = {2012}
}

@article{shen2012positive,
  author = {Shen, Chunhua and Kim, Junae and Wang, Lei and Hengel, Anton van den},
  journal = {Journal of Machine Learning Research},
  note = {\url{http://jmlr.org/papers/v13/shen12a.html}},
  number = {35},
  openalex = {W2130318956},
  pages = {1007--1036},
  title = {Positive semidefinite metric learning using boosting-like algorithms},
  volume = {13},
  year = {2012}
}

@article{skolidis2012case,
  author = {Skolidis, Grigorios and Sanguinetti, Guido},
  journal = {Journal of Machine Learning Research},
  note = {\url{http://jmlr.org/papers/v13/skolidis12a.html}},
  number = {24},
  openalex = {W2112005937},
  pages = {691--721},
  title = {A case study on meta-generalising: a Gaussian processes approach},
  volume = {13},
  year = {2012}
}

@article{snoek2012nonparametric,
  author = {Snoek, Jasper and Adams, Ryan P. and Larochelle, Hugo},
  journal = {Journal of Machine Learning Research},
  note = {\url{http://jmlr.org/papers/v13/snoek12a.html}},
  number = {83},
  openalex = {W2135306627},
  pages = {2567--2588},
  title = {Nonparametric guidance of autoencoder representations using label information},
  volume = {13},
  year = {2012}
}

@article{solnon2012multi,
  author = {Solnon, Matthieu and Arlot, Sylvain and Bach, Francis},
  journal = {Journal of Machine Learning Research},
  note = {\url{http://jmlr.org/papers/v13/solnon12a.html}},
  number = {90},
  openalex = {W2953300141},
  pages = {2773--2812},
  title = {Multi-task Regression using Minimal Penalties},
  volume = {13},
  year = {2012}
}

@article{song2012feature,
  author = {Song, Le and Smola, Alex and Gretton, Arthur and Bedő, Justin and Borgwardt, Karsten},
  journal = {Journal of Machine Learning Research},
  note = {\url{http://jmlr.org/papers/v13/song12a.html}},
  number = {47},
  openalex = {W2127658298},
  pages = {1393--1434},
  title = {Feature selection via dependence maximization},
  volume = {13},
  year = {2012}
}

@article{su2012facilitating,
  author = {Su, Xiaogang and Kang, Joseph and Fan, Juanjuan and Levine, Richard A. and Yan, Xin},
  journal = {Journal of Machine Learning Research},
  note = {\url{http://jmlr.org/papers/v13/su12a.html}},
  number = {95},
  openalex = {W162576350},
  pages = {2955--2994},
  title = {Facilitating score and causal inference trees for large observational studies},
  volume = {13},
  year = {2012}
}

@article{tahan2012mal,
  author = {Tahan, Gil and Rokach, Lior and Shaḥar, Yuval},
  journal = {Journal of Machine Learning Research},
  note = {\url{http://jmlr.org/papers/v13/tahan12a.html}},
  number = {33},
  openalex = {W62298501},
  pages = {949--979},
  title = {Mal-ID: automatic malware detection using common segment analysis and meta-features},
  volume = {13},
  year = {2012}
}

@article{tamar2012integrating,
  author = {Tamar, Aviv and Castro, Dotan Di and Meir, Ron},
  journal = {Journal of Machine Learning Research},
  note = {\url{http://jmlr.org/papers/v13/tamar12a.html}},
  number = {61},
  openalex = {W2134110604},
  pages = {1927--1966},
  title = {Integrating a partial model into model free reinforcement learning},
  volume = {13},
  year = {2012}
}

@article{telgarsky2012primal,
  author = {Telgarsky, Matus},
  journal = {Journal of Machine Learning Research},
  note = {\url{http://jmlr.org/papers/v13/telgarsky12a.html}},
  number = {20},
  openalex = {W2963002936},
  pages = {561--606},
  title = {A Primal-Dual Convergence Analysis of Boosting},
  volume = {13},
  year = {2012}
}

@article{tsamardinos2012towards,
  author = {Tsamardinos, Ioannis and Triantafillou, Sofia and Lagani, Vincenzo},
  journal = {Journal of Machine Learning Research},
  note = {\url{http://jmlr.org/papers/v13/tsamardinos12a.html}},
  number = {39},
  openalex = {W2164549187},
  pages = {1097--1157},
  title = {Towards integrative causal analysis of heterogeneous data sets and studies},
  volume = {13},
  year = {2012}
}

@article{vanerven2012mixability,
  author = {Erven, Tim van and Reid, Mark D. and Williamson, Robert C.},
  journal = {Journal of Machine Learning Research},
  note = {\url{http://jmlr.org/papers/v13/vanerven12a.html}},
  number = {52},
  openalex = {W2288816805},
  pages = {1639--1663},
  title = {Mixability is Bayes Risk Curvature Relative to Log Loss},
  volume = {13},
  year = {2012}
}

@article{verstraeten2012oger,
  author = {Verstraeten, David and Schrauwen, Benjamin and Dieleman, Sander and Brakel, Philémon and Buteneers, Pieter and Pecevski, Dejan},
  journal = {Journal of Machine Learning Research},
  note = {\url{http://jmlr.org/papers/v13/verstraeten12a.html}},
  number = {96},
  openalex = {W165885910},
  pages = {2995--2998},
  title = {Oger: modular learning architectures for large-scale sequential processing},
  volume = {13},
  year = {2012}
}

@article{voevodski2012active,
  author = {Voevodski, Konstantin and Balcan, Maria-Florina and Röglin, Heiko and Teng, Shang‐Hua and Xia, Yu},
  journal = {Journal of Machine Learning Research},
  note = {\url{http://jmlr.org/papers/v13/voevodski12a.html}},
  number = {7},
  openalex = {W2097979671},
  pages = {203--225},
  title = {Active clustering of biological sequences},
  volume = {13},
  year = {2012}
}

@article{wang2012breaking,
  author = {Wang, Zhuang and Crammer, Koby and Vučetić, Slobodan},
  journal = {Journal of Machine Learning Research},
  note = {\url{http://jmlr.org/papers/v13/wang12b.html}},
  number = {100},
  openalex = {W2095895508},
  pages = {3103--3131},
  title = {Breaking the curse of kernelization: budgeted stochastic gradient descent for large-scale SVM training},
  volume = {13},
  year = {2012}
}

@article{wang2012discriminative,
  author = {Wang, Yang and Tran, Duan and Liao, Zicheng and Forsyth, David},
  journal = {Journal of Machine Learning Research},
  note = {\url{http://jmlr.org/papers/v13/wang12a.html}},
  number = {99},
  openalex = {W64332451},
  pages = {3075--3102},
  title = {Discriminative Hierarchical Part-Based Models for Human Parsing and Action Recognition},
  volume = {13},
  year = {2012}
}

@article{xue2012variable,
  author = {Xue, Lan and Qu, Annie},
  journal = {Journal of Machine Learning Research},
  note = {\url{http://jmlr.org/papers/v13/xue12a.html}},
  number = {63},
  openalex = {W2171962359},
  pages = {1973--1998},
  title = {Variable selection in high-dimensional varying-coefficient models with global optimality},
  volume = {13},
  year = {2012}
}

@article{yan2012non,
  author = {Yan, Fei and Kittler, Josef and Mikolajczyk, Krystian and Tahir, Atif},
  journal = {Journal of Machine Learning Research},
  note = {\url{http://jmlr.org/papers/v13/yan12a.html}},
  number = {21},
  openalex = {W2156505030},
  pages = {607--642},
  title = {Non-sparse multiple kernel fisher discriminant analysis},
  volume = {13},
  year = {2012}
}

@article{ying2012distance,
  author = {Ying, Yiming and Li, Peng},
  journal = {Journal of Machine Learning Research},
  note = {\url{http://jmlr.org/papers/v13/ying12a.html}},
  number = {1},
  openalex = {W2110654099},
  pages = {1--26},
  title = {Distance metric learning with eigenvalue optimization},
  volume = {13},
  year = {2012}
}

@article{yuan2012improved,
  author = {Yuan, Guo-Xun and Ho, Chia-Hua and Lin, Chih‐Jen},
  journal = {Journal of Machine Learning Research},
  note = {\url{http://jmlr.org/papers/v13/yuan12a.html}},
  number = {64},
  openalex = {W2205688503},
  pages = {1999--2030},
  title = {An improved GLMNET for L1-regularized logistic regression},
  volume = {13},
  year = {2012}
}

@article{zeng2012topic,
  author = {Zeng, Jia},
  journal = {Journal of Machine Learning Research},
  note = {\url{http://jmlr.org/papers/v13/zeng12a.html}},
  number = {73},
  openalex = {W2158919786},
  pages = {2233--2236},
  title = {A topic modeling toolbox using belief propagation},
  volume = {13},
  year = {2012}
}

@article{zhang2012coherence,
  author = {Zhang, Zhihua and Liu, Dehua and Dai, Guang and Jordan, Michael I.},
  journal = {Journal of Machine Learning Research},
  note = {\url{http://jmlr.org/papers/v13/zhang12c.html}},
  number = {88},
  openalex = {W2107134036},
  pages = {2705--2734},
  title = {Coherence functions with applications in large-margin classification methods},
  volume = {13},
  year = {2012}
}

@article{zhang2012ep,
  author = {Zhang, Zhihua and Wang, Shusen and Liu, Dehua and Jordan, Michael I.},
  journal = {Journal of Machine Learning Research},
  note = {\url{http://jmlr.org/papers/v13/zhang12b.html}},
  number = {65},
  openalex = {W2131555991},
  pages = {2031--2061},
  title = {EP-GIG priors and applications in bayesian sparse learning},
  volume = {13},
  year = {2012}
}

@article{zhang2012refinement,
  author = {Zhang, Haizhang and Xu, Yuesheng and Zhang, Qinghui},
  journal = {Journal of Machine Learning Research},
  note = {\url{http://jmlr.org/papers/v13/zhang12a.html}},
  number = {4},
  openalex = {W2122176428},
  pages = {91--136},
  title = {Refinement of operator-valued reproducing kernels},
  volume = {13},
  year = {2012}
}

@article{zhang2012smoothing,
  author = {Zhang, Xinhua and Saha, Ankan and Vishwanathan, S. V. N.},
  journal = {Journal of Machine Learning Research},
  note = {\url{http://jmlr.org/papers/v13/zhang12d.html}},
  number = {117},
  openalex = {W2104193541},
  pages = {3623--3680},
  title = {Smoothing multivariate performance measures},
  volume = {13},
  year = {2012}
}

@article{zhao2012huge,
  author = {Zhao, Tuo and Liu, Han and Roeder, Kathryn and Lafferty, John and Wasserman, Larry},
  journal = {Journal of Machine Learning Research},
  note = {\url{http://jmlr.org/papers/v13/zhao12a.html}},
  number = {37},
  openalex = {W2125156589},
  pages = {1059--1062},
  title = {The huge Package for High-dimensional Undirected Graph Estimation in R},
  volume = {13},
  year = {2012}
}

@article{zhu2012medlda,
  author = {Zhu, Jun and Ahmed, Amr and Xing, Eric P.},
  journal = {Journal of Machine Learning Research},
  note = {\url{http://jmlr.org/papers/v13/zhu12a.html}},
  number = {74},
  openalex = {W2133568543},
  pages = {2237--2278},
  title = {MedLDA: maximum margin supervised topic models},
  volume = {13},
  year = {2012}
}

@article{zitnik2012nimfa,
  author = {Žitnik, Marinka and Zupan, Blaž},
  journal = {Journal of Machine Learning Research},
  note = {\url{http://jmlr.org/papers/v13/zitnik12a.html}},
  number = {30},
  openalex = {W1823022514},
  pages = {849--853},
  title = {NIMFA: a python library for nonnegative matrix factorization},
  volume = {13},
  year = {2012}
}
