@article{ahlgren2013efficient,
  author =       {Ahlgren, John and Yuen, Shiu Yin},
  journal =      {Journal of Machine Learning Research},
  note =         {\url{http://jmlr.org/papers/v14/ahlgren13a.html}},
  number =       115,
  openalex =     {W2122947307},
  pages =        {3649--3681},
  title =        {Efficient program synthesis using constraint
                  satisfaction in inductive logic programming},
  volume =       14,
  year =         2013
}

@article{alquier2013sparse,
  author =       {Alquier, Pierre and Biau, Gérard},
  journal =      {Journal of Machine Learning Research},
  note =         {\url{http://jmlr.org/papers/v14/alquier13a.html}},
  number =       8,
  openalex =     {W2152020329},
  pages =        {243--280},
  title =        {Sparse single-index model},
  volume =       14,
  year =         2013
}

@article{angluin2013learnability,
  author =       {Angluin, Dana and Aspnes, James and Eisenstat, Sarah
                  and Kontorovich, Aryeh},
  journal =      {Journal of Machine Learning Research},
  note =         {\url{http://jmlr.org/papers/v14/angluin13a.html}},
  number =       11,
  openalex =     {W3023679924},
  pages =        {1513--1531},
  title =        {On the learnability of shuffle ideals},
  volume =       14,
  year =         2013
}

@article{aravkin2013sparse,
  author =       {Aravkin, Aleks Y. and Burke, James V. and
                  Pillonetto, Gianluigi},
  journal =      {Journal of Machine Learning Research},
  note =         {\url{http://jmlr.org/papers/v14/aravkin13a.html}},
  number =       82,
  pages =        {2689--2728},
  title =        {Sparse/Robust Estimation and Kalman Smoothing with
                  Nonsmooth Log-Concave Densities: Modeling,
                  Computation, and Theory},
  volume =       14,
  year =         2013
}

@article{ariascastro2013convergence,
  author =       {Arias-Castro, Ery and Pelletier, Bruno},
  journal =      {Journal of Machine Learning Research},
  note =
                  {\url{http://jmlr.org/papers/v14/arias-castro13a.html}},
  number =       54,
  openalex =     {W2952477160},
  pages =        {1747--1770},
  title =        {On the convergence of maximum variance unfolding},
  volume =       14,
  year =         2013
}

@article{arora2013similarity,
  author =       {Arora, Raman and Gupta, Maya R. and Kapila, Amol and
                  Fazel, Maryam},
  journal =      {Journal of Machine Learning Research},
  note =         {\url{http://jmlr.org/papers/v14/arora13a.html}},
  number =       53,
  openalex =     {W2139504623},
  pages =        {1715--1746},
  title =        {Similarity-based clustering by left-stochastic
                  matrix factorization},
  volume =       14,
  year =         2013
}

@article{bahmani2013greedy,
  author =       {Bahmani, Sohail and Raj, Bhiksha and Boufounos,
                  Petros T.},
  journal =      {Journal of Machine Learning Research},
  note =         {\url{http://jmlr.org/papers/v14/bahmani13a.html}},
  number =       25,
  openalex =     {W2550629656},
  pages =        {807--841},
  title =        {Greedy sparsity-constrained optimization},
  volume =       14,
  year =         2013
}

@article{boehmer2013construction,
  author =       {Böhmer, Wendelin and Grünewälder, Steffen and Shen,
                  Yun and Musial, Marek and Obermayer, Klaus},
  journal =      {Journal of Machine Learning Research},
  note =         {\url{http://jmlr.org/papers/v14/boehmer13a.html}},
  number =       63,
  openalex =     {W2135362819},
  pages =        {2067--2118},
  title =        {Construction of approximation spaces for
                  reinforcement learning},
  volume =       14,
  year =         2013
}

@article{bosaghzadeh2013dimension,
  author =       {Zadeh, Reza Bosagh and Goel, Ashish},
  journal =      {Journal of Machine Learning Research},
  note =
                  {\url{http://jmlr.org/papers/v14/bosagh-zadeh13a.html}},
  number =       50,
  openalex =     {W2163972006},
  pages =        {1605--1626},
  title =        {Dimension independent similarity computation},
  volume =       14,
  year =         2013
}

@article{bottou2013counterfactual,
  author =       {Bottou, Léon and Peters, Jonas and
                  Quiñonero-Candela, Joaquin and Charles, Denis and
                  Chickering, David M. and Portugaly, Elon and Ray,
                  Dipankar and Simard, Patrice and Snelson, Ed},
  journal =      {Journal of Machine Learning Research},
  note =         {\url{http://jmlr.org/papers/v14/bottou13a.html}},
  number =       101,
  openalex =     {W2122124659},
  pages =        {3207--3260},
  title =        {Counterfactual reasoning and learning systems: the
                  example of computational advertising},
  volume =       14,
  year =         2013
}

@article{brakel2013training,
  author =       {Brakel, Philémon and Stroobandt, Dirk and Schrauwen,
                  Benjamin},
  journal =      {Journal of Machine Learning Research},
  note =         {\url{http://jmlr.org/papers/v14/brakel13a.html}},
  number =       48,
  openalex =     {W2148862211},
  pages =        {2771--2797},
  title =        {Training energy-based models for time-series
                  imputation},
  volume =       14,
  year =         2013
}

@article{bubeck2013optimal,
  author =       {Bubeck, Sébastien and Ernst, Damien and Garivier,
                  Aurélien},
  journal =      {Journal of Machine Learning Research},
  note =         {\url{http://jmlr.org/papers/v14/bubeck13a.html}},
  number =       17,
  openalex =     {W2950000058},
  pages =        {601--623},
  title =        {Optimal discovery with probabilistic expert advice:
                  finite time analysis and macroscopic optimality},
  volume =       14,
  year =         2013
}

@article{cai2013distributions,
  author =       {Cai, Tony and Fan, Jianqing and Jiang, Tiefeng},
  journal =      {Journal of Machine Learning Research},
  note =         {\url{http://jmlr.org/papers/v14/cai13a.html}},
  number =       57,
  pages =        {1837--1864},
  title =        {Distributions of Angles in Random Packing on
                  Spheres.},
  volume =       14,
  year =         2013
}

@article{cai2013max,
  author =       {Cai, Tony and Zhou, Wen-Xin},
  journal =      {Journal of Machine Learning Research},
  note =         {\url{http://jmlr.org/papers/v14/cai13b.html}},
  number =       114,
  pages =        {3619--3647},
  title =        {A max-norm constrained minimization approach to
                  1-bit matrix completion},
  volume =       14,
  year =         2013
}

@article{cesabianchi2013random,
  author =       {Cesa‐Bianchi, Nicolò and Gentile, Claudio and
                  Vitale, Fabio and Zappella, Giovanni},
  journal =      {Journal of Machine Learning Research},
  note =
                  {\url{http://jmlr.org/papers/v14/cesa-bianchi13a.html}},
  number =       38,
  openalex =     {W2126973498},
  pages =        {1251--1284},
  title =        {Random spanning trees and the prediction of weighted
                  graphs},
  volume =       14,
  year =         2013
}

@article{challis2013gaussian,
  author =       {Challis, Edward and Barber, David},
  journal =      {Journal of Machine Learning Research},
  note =         {\url{http://jmlr.org/papers/v14/challis13a.html}},
  number =       68,
  openalex =     {W2144518280},
  pages =        {2239--2286},
  title =        {Gaussian Kullback-Leibler approximate inference},
  volume =       14,
  year =         2013
}

@article{chalupka2013framework,
  author =       {Chalupka, Krzysztof and Williams, Christopher
                  K. I. and Murray, Iain},
  journal =      {Journal of Machine Learning Research},
  note =         {\url{http://jmlr.org/papers/v14/chalupka13a.html}},
  number =       10,
  openalex =     {W2150582689},
  pages =        {303--331},
  title =        {A framework for evaluating approximation methods for
                  Gaussian process regression},
  volume =       14,
  year =         2013
}

@article{chaudhuri2013near,
  author =       {Chaudhuri, Kamalika and Sarwate, Anand D. and Sinha,
                  Kaushik},
  journal =      {Journal of Machine Learning Research},
  note =         {\url{http://jmlr.org/papers/v14/chaudhuri13a.html}},
  number =       89,
  pages =        {2905--2943},
  title =        {A near-optimal algorithm for differentially-private
                  principal components},
  volume =       14,
  year =         2013
}

@article{chen2013stress,
  author =       {Chen, Lisha and Buja, Andreas},
  journal =      {Journal of Machine Learning Research},
  note =         {\url{http://jmlr.org/papers/v14/chen13a.html}},
  number =       34,
  openalex =     {W2170540108},
  pages =        {1145--1173},
  title =        {Stress functions for nonlinear dimension reduction,
                  proximity analysis, and graph drawing},
  volume =       14,
  year =         2013
}

@article{chertkov2013approximating,
  author =       {Chertkov, Michael and Yedidia, Adam},
  journal =      {Journal of Machine Learning Research},
  note =         {\url{http://jmlr.org/papers/v14/chertkov13a.html}},
  number =       62,
  openalex =     {W2963320833},
  pages =        {2029--2066},
  title =        {Approximating the permanent with fractional belief
                  propagation},
  volume =       14,
  year =         2013
}

@article{clark2013learning,
  author =       {Clark, Alexander},
  journal =      {Journal of Machine Learning Research},
  note =         {\url{http://jmlr.org/papers/v14/clark13a.html}},
  number =       111,
  openalex =     {W2110447197},
  pages =        {3537--3559},
  title =        {Learning trees from strings: a strong learning
                  algorithm for some context-free grammars},
  volume =       14,
  year =         2013
}

@article{clemencon2013label,
  author =       {Clémençon, Stéphan and Depecker, Marine and Vayatis,
                  Nicolas},
  journal =      {Journal of Machine Learning Research},
  note =         {\url{http://jmlr.org/papers/v14/clemencon13a.html}},
  number =       2,
  pages =        {39--73},
  title =        {Label Ranking Forests},
  volume =       14,
  year =         2013
}

@article{culp2013joint,
  author =       {Culp, Mark Vere and Ryan, Kenneth Joseph},
  journal =      {Journal of Machine Learning Research},
  note =         {\url{http://jmlr.org/papers/v14/culp13a.html}},
  number =       117,
  pages =        {3721--3752},
  title =        {Joint harmonic functions and their supervised
                  connections},
  volume =       14,
  year =         2013
}

@article{curtin2013mlpack,
  author =       {Curtin, Ryan R. and Cline, James R. and Slagle,
                  N. P. and March, William B. and Ram, Parikshit and
                  Mehta, Nishant A. and Gray, Alexander G.},
  journal =      {Journal of Machine Learning Research},
  note =         {\url{http://jmlr.org/papers/v14/curtin13a.html}},
  number =       24,
  openalex =     {W2149684715},
  pages =        {801--805},
  title =        {MLPACK: a scalable C++ machine learning library},
  volume =       14,
  year =         2013
}

@article{demsar2013orange,
  author =       {Demšar, Janez and Curk, Tomaž and Erjavec, Aleš and
                  Gorup, Črt and Hočevar, Tomaž and Milutinovič, Mitar
                  and Možina, Martin and Polajnar, Matija and Toplak,
                  Marko and Starič, Anže and Štajdohar, Miha and Umek,
                  Lan and Žagar, Lan and Žbontar, Jure and Žitnik,
                  Marinka and Zupan, Blaž},
  journal =      {Journal of Machine Learning Research},
  note =         {\url{http://jmlr.org/papers/v14/demsar13a.html}},
  number =       71,
  openalex =     {W2131850886},
  pages =        {2349--2353},
  title =        {Orange: data mining toolbox in python},
  volume =       14,
  year =         2013
}

@article{dhillon2013risk,
  author =       {Dhillon, Paramveer S. and Foster, Dean P. and
                  Kakade, Sham M. and Ungar, Lyle},
  journal =      {Journal of Machine Learning Research},
  note =         {\url{http://jmlr.org/papers/v14/dhillon13a.html}},
  number =       46,
  openalex =     {W1501882007},
  pages =        {1505--1511},
  title =        {A risk comparison of ordinary least squares vs ridge
                  regression},
  volume =       14,
  year =         2013
}

@article{djuric2013budgetedsvm,
  author =       {Djuric, Nemanja and Lan, Liang and Vučetić, Slobodan
                  and Wang, Zhuang},
  journal =      {Journal of Machine Learning Research},
  note =         {\url{http://jmlr.org/papers/v14/djuric13a.html}},
  number =       84,
  openalex =     {W2141642784},
  pages =        {3813--3817},
  title =        {BudgetedSVM: a toolbox for scalable SVM
                  approximations},
  volume =       14,
  year =         2013
}

@article{dyer2013greedy,
  author =       {Dyer, Eva L. and Sankaranarayanan, Aswin C. and
                  Baraniuk, Richard G.},
  journal =      {Journal of Machine Learning Research},
  note =         {\url{http://jmlr.org/papers/v14/dyer13a.html}},
  number =       76,
  openalex =     {W2103943817},
  pages =        {2487--2517},
  title =        {Greedy feature selection for subspace clustering},
  volume =       14,
  year =         2013
}

@article{escalante2013solve,
  author =       {Escalante-B., Alberto N. and Wiskott, Laurenz},
  journal =      {Journal of Machine Learning Research},
  note =         {\url{http://jmlr.org/papers/v14/escalante13a.html}},
  number =       116,
  openalex =     {W2114194474},
  pages =        {3683--3719},
  title =        {How to solve classification and regression problems
                  on high-dimensional data with a supervised extension
                  of slow feature analysis},
  volume =       14,
  year =         2013
}

@article{fanello2013keep,
  author =       {Fanello, Sean and Gori, Ilaria and Metta, Giorgio
                  and Odone, Francesca},
  journal =      {Journal of Machine Learning Research},
  note =         {\url{http://jmlr.org/papers/v14/fanello13a.html}},
  number =       80,
  openalex =     {W2107443860},
  pages =        {2617--2640},
  title =        {Keep It Simple and Sparse: Real-Time Action
                  Recognition},
  volume =       14,
  year =         2013
}

@article{forghani2013comment,
  author =       {Forghani, Yahya and Sadoghi, Hadi},
  journal =      {Journal of Machine Learning Research},
  note =         {\url{http://jmlr.org/papers/v14/forghani13a.html}},
  number =       109,
  openalex =     {W1494453817},
  pages =        {3493--3494},
  title =        {Comment on Robustness and regularization of support
                  vector machines by H. Xu et al. (Journal of machine
                  learning research, vol. 10, pp. 1485-1510, 2009)},
  volume =       14,
  year =         2013
}

@article{frezzabuet2013template,
  author =       {Frezza-Buet, Hervé and Geist, Matthieu},
  journal =      {Journal of Machine Learning Research},
  note =
                  {\url{http://jmlr.org/papers/v14/frezza-buet13a.html}},
  number =       18,
  openalex =     {W153509885},
  pages =        {625--628},
  title =        {A C++ Template-Based Reinforcement Learning Library:
                  Fitting the Code to the Mathematics},
  volume =       14,
  year =         2013
}

@article{fukumizu2013kernel,
  author =       {Fukumizu, Kenji and Song, Le and Gretton, Arthur},
  journal =      {Journal of Machine Learning Research},
  note =         {\url{http://jmlr.org/papers/v14/fukumizu13a.html}},
  number =       118,
  openalex =     {W2146906344},
  pages =        {3753--3783},
  title =        {Kernel Bayes' rule: Bayesian inference with positive
                  definite kernels},
  volume =       14,
  year =         2013
}

@article{gerber2013regularization,
  author =       {Gerber, Samuel and Whitaker, Ross T.},
  journal =      {Journal of Machine Learning Research},
  note =         {\url{http://jmlr.org/papers/v14/gerber13a.html}},
  number =       39,
  openalex =     {W2126413878},
  pages =        {1285--1302},
  title =        {Regularization-free principal curve estimation},
  volume =       14,
  year =         2013
}

@article{gerchinovitz2013sparsity,
  author =       {Gerchinovitz, Sébastien},
  journal =      {Journal of Machine Learning Research},
  note =
                  {\url{http://jmlr.org/papers/v14/gerchinovitz13a.html}},
  number =       22,
  openalex =     {W2963252079},
  pages =        {729--769},
  title =        {Sparsity regret bounds for individual sequences in
                  online linear regression},
  volume =       14,
  year =         2013
}

@article{giladbachrach2013classifier,
  author =       {Gilad-Bachrach, Ran and Burges, Christopher J. C.},
  journal =      {Journal of Machine Learning Research},
  note =
                  {\url{http://jmlr.org/papers/v14/gilad-bachrach13a.html}},
  number =       113,
  openalex =     {W2154282606},
  pages =        {3591--3618},
  title =        {Classifier selection using the predicate depth},
  volume =       14,
  year =         2013
}

@article{gonen2013efficient,
  author =       {Gonen, Alon and Sabato, Sivan and Shalev‐Shwartz,
                  Shai},
  journal =      {Journal of Machine Learning Research},
  note =         {\url{http://jmlr.org/papers/v14/gonen13a.html}},
  number =       79,
  openalex =     {W2616638094},
  pages =        {2583--2615},
  title =        {Efficient active learning of halfspaces: an
                  aggressive approach},
  volume =       14,
  year =         2013
}

@article{gong2013multi,
  author =       {Gong, Pinghua and Ye, Jieping and Zhang, Changshui},
  journal =      {Journal of Machine Learning Research},
  note =         {\url{http://jmlr.org/papers/v14/gong13a.html}},
  number =       91,
  openalex =     {W2401764675},
  pages =        {2979--3010},
  title =        {Multi-Stage Multi-Task Feature Learning},
  volume =       14,
  year =         2013
}

@article{guyader2013mutual,
  author =       {Guyader, Arnaud and Hengartner, Nick},
  journal =      {Journal of Machine Learning Research},
  note =         {\url{http://jmlr.org/papers/v14/guyader13a.html}},
  number =       73,
  pages =        {2361--2376},
  title =        {On the mutual nearest neighbors estimate in
                  regression},
  volume =       14,
  year =         2013
}

@article{hable2013universal,
  author =       {Hable, Robert},
  journal =      {Journal of Machine Learning Research},
  note =         {\url{http://jmlr.org/papers/v14/hable13a.html}},
  number =       5,
  openalex =     {W2152961405},
  pages =        {153--186},
  title =        {Universal consistency of localized versions of
                  regularized kernel methods},
  volume =       14,
  year =         2013
}

@article{hall2013differential,
  author =       {Hall, Rob and Rinaldo, Alessandro and Wasserman,
                  Larry},
  journal =      {Journal of Machine Learning Research},
  note =         {\url{http://jmlr.org/papers/v14/hall13a.html}},
  number =       21,
  openalex =     {W2160495867},
  pages =        {703--727},
  title =        {Differential privacy for functions and functional
                  data},
  volume =       14,
  year =         2013
}

@article{han2013coda,
  author =       {Han, Fang and Zhao, Tuo and Liu, Han},
  journal =      {Journal of Machine Learning Research},
  note =         {\url{http://jmlr.org/papers/v14/han13a.html}},
  number =       19,
  openalex =     {W2133107474},
  pages =        {629--671},
  title =        {CODA: high dimensional copula discriminant analysis},
  volume =       14,
  year =         2013
}

@article{hannah2013multivariate,
  author =       {Hannah, Lauren A. and Dunson, David B.},
  journal =      {Journal of Machine Learning Research},
  note =         {\url{http://jmlr.org/papers/v14/hannah13a.html}},
  number =       102,
  openalex =     {W2103183297},
  pages =        {3261--3294},
  title =        {Multivariate convex regression with adaptive
                  partitioning},
  volume =       14,
  year =         2013
}

@article{harris2013pc,
  author =       {Harris, Naftali and Drton, Mathias},
  journal =      {Journal of Machine Learning Research},
  note =         {\url{http://jmlr.org/papers/v14/harris13a.html}},
  number =       105,
  openalex =     {W2168652321},
  pages =        {3365--3383},
  title =        {PC algorithm for nonparanormal graphical models},
  volume =       14,
  year =         2013
}

@article{he2013stationary,
  author =       {He, Yuejia and She, Yiyuan and Wu, Dapeng},
  journal =      {Journal of Machine Learning Research},
  note =         {\url{http://jmlr.org/papers/v14/he13a.html}},
  number =       94,
  openalex =     {W2121763547},
  pages =        {3073--3104},
  title =        {Stationary-sparse causality network learning},
  volume =       14,
  year =         2013
}

@article{hennig2013quasi,
  author =       {Hennig, Philipp and Kiefel, Martin},
  journal =      {Journal of Machine Learning Research},
  note =         {\url{http://jmlr.org/papers/v14/hennig13a.html}},
  number =       26,
  openalex =     {W2615477230},
  pages =        {843--865},
  title =        {Quasi-Newton methods: a new direction},
  volume =       14,
  year =         2013
}

@article{hernandezlobato2013generalized,
  author =       {Hernández-Lobato, Daniel and Hernández-Lobato, José
                  Miguel and Dupont, Pierre},
  journal =      {Journal of Machine Learning Research},
  note =
                  {\url{http://jmlr.org/papers/v14/hernandez-lobato13a.html}},
  number =       59,
  openalex =     {W2097408416},
  pages =        {1891--1945},
  title =        {Generalized spike-and-slab priors for Bayesian group
                  feature selection using expectation propagation},
  volume =       14,
  year =         2013
}

@article{hoffman2013stochastic,
  author =       {Hoffman, Matthew D. and Blei, David M. and Wang,
                  Chong and Paisley, John},
  journal =      {Journal of Machine Learning Research},
  note =         {\url{http://jmlr.org/papers/v14/hoffman13a.html}},
  number =       40,
  openalex =     {W2166851633},
  pages =        {1303--1347},
  title =        {Stochastic variational inference},
  volume =       14,
  year =         2013
}

@article{hyttinen2013experiment,
  author =       {Hyttinen, Antti and Eberhardt, Frederick and Hoyer,
                  Patrik O.},
  journal =      {Journal of Machine Learning Research},
  note =         {\url{http://jmlr.org/papers/v14/hyttinen13a.html}},
  number =       93,
  openalex =     {W2117519995},
  pages =        {3041--3071},
  title =        {Experiment selection for causal discovery},
  volume =       14,
  year =         2013
}

@article{hyvarinen2013pairwise,
  author =       {Hyvärinen, Aapo and Smith, Stephen M.},
  journal =      {Journal of Machine Learning Research},
  note =         {\url{http://jmlr.org/papers/v14/hyvarinen13a.html}},
  number =       4,
  openalex =     {W3021064838},
  pages =        {111--152},
  title =        {Pairwise likelihood ratios for estimation of
                  non-Gaussian structural equation models},
  volume =       14,
  year =         2013
}

@article{jethava2013lovasz,
  author =       {Jethava, Vinay and Martinsson, Anders and
                  Bhattacharyya, Chiranjib and Dubhashi, Devdatt},
  journal =      {Journal of Machine Learning Research},
  note =         {\url{http://jmlr.org/papers/v14/jethava13a.html}},
  number =       110,
  pages =        {3495--3536},
  title =        {Lovasz theta function, SVMs and Finding Dense
                  Subgraphs},
  volume =       14,
  year =         2013
}

@article{johnson2013bayesian,
  author =       {Johnson, Matthew and Willsky, Alan S.},
  journal =      {Journal of Machine Learning Research},
  note =         {\url{http://jmlr.org/papers/v14/johnson13a.html}},
  number =       20,
  openalex =     {W2132991226},
  pages =        {673--701},
  title =        {Bayesian nonparametric hidden semi-Markov models},
  volume =       14,
  year =         2013
}

@article{joseph2013variable,
  author =       {Joseph, Antony},
  journal =      {Journal of Machine Learning Research},
  note =         {\url{http://jmlr.org/papers/v14/joseph13a.html}},
  number =       55,
  openalex =     {W2135393227},
  pages =        {1771--1800},
  title =        {Variable selection in high-dimension with random
                  designs and orthogonal matching pursuit},
  volume =       14,
  year =         2013
}

@article{kanamori2013conjugate,
  author =       {Kanamori, Takafumi and Takeda, Akiko and Suzuki,
                  Taiji},
  journal =      {Journal of Machine Learning Research},
  note =         {\url{http://jmlr.org/papers/v14/kanamori13a.html}},
  number =       45,
  openalex =     {W2113782937},
  pages =        {1461--1504},
  title =        {Conjugate relation between loss functions and
                  uncertainty sets in classification problems},
  volume =       14,
  year =         2013
}

@article{klami2013bayesian,
  author =       {Klami, Arto and Virtanen, Seppo and Kaski, Samuel},
  journal =      {Journal of Machine Learning Research},
  note =         {\url{http://jmlr.org/papers/v14/klami13a.html}},
  number =       30,
  openalex =     {W2144903813},
  pages =        {965--1003},
  title =        {Bayesian Canonical correlation analysis},
  volume =       14,
  year =         2013
}

@article{kohlsdorf2013magic,
  author =       {Kohlsdorf, Daniel Kyu Hwa and Starner, Thad E.},
  journal =      {Journal of Machine Learning Research},
  note =         {\url{http://jmlr.org/papers/v14/kohlsdorf13a.html}},
  number =       7,
  pages =        {209--242},
  title =        {MAGIC Summoning: Towards Automatic Suggesting and
                  Testing of Gestures with Low Probability of False
                  Positives During Use},
  volume =       14,
  year =         2013
}

@article{lewis2013divvy,
  author =       {Lewis, Joshua M. and de, Virginia R. and Maaten,
                  Laurens van der},
  journal =      {Journal of Machine Learning Research},
  note =         {\url{http://jmlr.org/papers/v14/lewis13a.html}},
  number =       98,
  openalex =     {W2164959980},
  pages =        {3159--3163},
  title =        {Divvy: fast and intuitive exploratory data analysis},
  volume =       14,
  year =         2013
}

@article{li2013convex,
  author =       {Li, Yu-Feng and Tsang, Ivor W. and Kwok, James
                  T. and Zhou, Zhi‐Hua},
  journal =      {Journal of Machine Learning Research},
  note =         {\url{http://jmlr.org/papers/v14/li13a.html}},
  number =       65,
  openalex =     {W2119991813},
  pages =        {2151--2188},
  title =        {Convex and scalable weakly labeled SVMs},
  volume =       14,
  year =         2013
}

@article{lin2013parallel,
  author =       {Lin, Binbin and He, Xiaofei and Zhang, Chiyuan and
                  Ji, Ming},
  journal =      {Journal of Machine Learning Research},
  note =         {\url{http://jmlr.org/papers/v14/lin13a.html}},
  number =       90,
  pages =        {2945--2977},
  title =        {Parallel vector field embedding},
  volume =       14,
  year =         2013
}

@article{lisitsyn2013tapkee,
  author =       {Lisitsyn, Sergey and Widmer, Christian and García,
                  Fernando J. Iglesias},
  journal =      {Journal of Machine Learning Research},
  note =         {\url{http://jmlr.org/papers/v14/lisitsyn13a.html}},
  number =       72,
  openalex =     {W2131142674},
  pages =        {2355--2359},
  title =        {Tapkee: an efficient dimension reduction library},
  volume =       14,
  year =         2013
}

@article{liu2013multicategory,
  author =       {Zhang, Chong and Liu, Yufeng},
  journal =      {Journal of Machine Learning Research},
  note =         {\url{http://jmlr.org/papers/v14/liu13a.html}},
  number =       41,
  openalex =     {W2128409240},
  pages =        {1349--1386},
  title =        {Multicategory Large-Margin Unified Machines.},
  volume =       14,
  year =         2013
}

@article{liu2013using,
  author =       {Liu, Qiang and Ihler, Alexander},
  journal =      {Journal of Machine Learning Research},
  note =         {\url{http://jmlr.org/papers/v14/liu13b.html}},
  number =       99,
  pages =        {303--331},
  title =        {Using symmetry and evolutionary search to minimize
                  sorting networks},
  volume =       14,
  year =         2013
}

@article{long2013algorithms,
  author =       {Long, Philip M. and Servedio, Rocco A.},
  journal =      {Journal of Machine Learning Research},
  note =         {\url{http://jmlr.org/papers/v14/long13a.html}},
  number =       95,
  openalex =     {W2153656574},
  pages =        {3105--3128},
  title =        {Algorithms and hardness results for parallel large
                  margin learning},
  volume =       14,
  year =         2013
}

@article{mahdi2013sub,
  author =       {Mahdi, Rami and Mezey, Jason G.},
  journal =      {Journal of Machine Learning Research},
  note =         {\url{http://jmlr.org/papers/v14/mahdi13a.html}},
  number =       49,
  openalex =     {W2098250639},
  pages =        {1563--1603},
  title =        {Sub-local constraint-based learning of Bayesian
                  networks using a joint dependence criterion},
  volume =       14,
  year =         2013
}

@article{mairal2013supervised,
  author =       {Mairal, Julien and Yu, Bin},
  journal =      {Journal of Machine Learning Research},
  note =         {\url{http://jmlr.org/papers/v14/mairal13a.html}},
  number =       75,
  openalex =     {W2120470041},
  pages =        {2449--2485},
  title =        {Supervised Feature Selection in Graphs with Path
                  Coding Penalties and Network Flows},
  volume =       14,
  year =         2013
}

@article{malgireddy2013language,
  author =       {Malgireddy, Manavender R. and Nwogu, Ifeoma and
                  Govindaraju, Venu},
  journal =      {Journal of Machine Learning Research},
  note =         {\url{http://jmlr.org/papers/v14/malgireddy13a.html}},
  number =       66,
  openalex =     {W2098376331},
  pages =        {2189--2212},
  title =        {Language-Motivated Approaches to Action Recognition},
  volume =       14,
  year =         2013
}

@article{mcfowland2013fast,
  author =       {McFowl, Edward III and Speakman, Skyler and Neill,
                  Daniel B.},
  journal =      {Journal of Machine Learning Research},
  note =         {\url{http://jmlr.org/papers/v14/mcfowland13a.html}},
  number =       12,
  pages =        {1533--1561},
  title =        {Fast generalized subset scan for anomalous pattern
                  detection},
  volume =       14,
  year =         2013
}

@article{mukherjee2013rate,
  author =       {Mukherjee, Indraneel and Rudin, Cynthia and
                  Schapire, Robert E.},
  journal =      {Journal of Machine Learning Research},
  note =         {\url{http://jmlr.org/papers/v14/mukherjee13b.html}},
  number =       70,
  openalex =     {W2164468218},
  pages =        {2315--2347},
  title =        {The rate of convergence of AdaBoost},
  volume =       14,
  year =         2013
}

@article{mukherjee2013theory,
  author =       {Mukherjee, Indraneel and Schapire, Robert E.},
  journal =      {Journal of Machine Learning Research},
  note =         {\url{http://jmlr.org/papers/v14/mukherjee13a.html}},
  number =       14,
  openalex =     {W2570929519},
  pages =        {437--497},
  title =        {A theory of multiclass boosting},
  volume =       14,
  year =         2013
}

@article{nakajima2013global,
  author =       {Nakajima, Shinichi and Sugiyama, Masashi and
                  Babacan, S. Derin and Tomioka, Ryota},
  journal =      {Journal of Machine Learning Research},
  note =         {\url{http://jmlr.org/papers/v14/nakajima13a.html}},
  number =       1,
  openalex =     {W69540849},
  pages =        {1--37},
  title =        {Global analytic solution of fully-observed
                  variational Bayesian matrix factorization},
  volume =       14,
  year =         2013
}

@article{neuvial2013asymptotic,
  author =       {Neuvial, Pierre},
  journal =      {Journal of Machine Learning Research},
  note =         {\url{http://jmlr.org/papers/v14/neuvial13a.html}},
  number =       44,
  openalex =     {W2105429912},
  pages =        {1423--1459},
  title =        {Asymptotic Results on Adaptive False Discovery Rate
                  Controlling Procedures Based on Kernel Estimators},
  volume =       14,
  year =         2013
}

@article{niehren2013query,
  author =       {Niehren, Joachim and Champavère, Jérôme and Lemay,
                  Aurélien and Gilleron, Rémi},
  journal =      {Journal of Machine Learning Research},
  note =         {\url{http://jmlr.org/papers/v14/niehren13a.html}},
  number =       29,
  openalex =     {W2129714350},
  pages =        {927--964},
  title =        {Query induction with schema-guided pruning
                  strategies},
  volume =       14,
  year =         2013
}

@article{niu2013maximum,
  author =       {Niu, Gang and Dai, Bo and Shang, Lin and Sugiyama,
                  Masashi},
  journal =      {Journal of Machine Learning Research},
  note =         {\url{http://jmlr.org/papers/v14/niu13a.html}},
  number =       81,
  openalex =     {W2125310487},
  pages =        {2641--2687},
  title =        {Maximum volume clustering: a new discriminative
                  clustering approach},
  volume =       14,
  year =         2013
}

@article{niyogi2013manifold,
  author =       {Niyogi, Partha},
  journal =      {Journal of Machine Learning Research},
  note =         {\url{http://jmlr.org/papers/v14/niyogi13a.html}},
  number =       37,
  openalex =     {W2134284153},
  pages =        {1229--1250},
  title =        {Manifold regularization and semi-supervised
                  learning: some theoretical analyses},
  volume =       14,
  year =         2013
}

@article{noorshams2013belief,
  author =       {Noorshams, Nima and Wainwright, Martin J.},
  journal =      {Journal of Machine Learning Research},
  note =         {\url{http://jmlr.org/papers/v14/noorshams13a.html}},
  number =       85,
  openalex =     {W2103156296},
  pages =        {2799--2835},
  title =        {Belief propagation for continuous state spaces:
                  stochastic message-passing with quantitative
                  guarantees},
  volume =       14,
  year =         2013
}

@article{opper2013perturbative,
  author =       {Opper, Manfred and Paquet, Ulrich and Winther, Ole},
  journal =      {Journal of Machine Learning Research},
  note =         {\url{http://jmlr.org/papers/v14/opper13a.html}},
  number =       87,
  openalex =     {W2100754418},
  pages =        {2857--2898},
  title =        {Perturbative corrections for approximate inference
                  in Gaussian latent variable models},
  volume =       14,
  year =         2013
}

@article{pan2013cluster,
  author =       {Pan, Wei and Shen, Xiaotong and Liu, Binghui},
  journal =      {Journal of Machine Learning Research},
  note =         {\url{http://jmlr.org/papers/v14/pan13a.html}},
  number =       58,
  openalex =     {W2141766442},
  pages =        {1865--1889},
  title =        {Cluster Analysis: Unsupervised Learning via
                  Supervised Learning with a Non-convex Penalty.},
  volume =       14,
  year =         2013
}

@article{parrish2013classifying,
  author =       {Parrish, Nathan and Anderson, Hyrum S. and Gupta,
                  Maya R. and Hsiao, Dun Yu},
  journal =      {Journal of Machine Learning Research},
  note =         {\url{http://jmlr.org/papers/v14/parrish13a.html}},
  number =       112,
  openalex =     {W2098899567},
  pages =        {3561--3589},
  title =        {Classifying with confidence from incomplete
                  information},
  volume =       14,
  year =         2013
}

@article{parviainen2013finding,
  author =       {Parviainen, Pekka and Koivisto, Mikko},
  journal =      {Journal of Machine Learning Research},
  note =         {\url{http://jmlr.org/papers/v14/parviainen13a.html}},
  number =       42,
  openalex =     {W2152623729},
  pages =        {1387--1415},
  title =        {Finding optimal Bayesian networks using precedence
                  constraints},
  volume =       14,
  year =         2013
}

@article{picard2013jkernelmachines,
  author =       {Picard, David and Thome, Nicolas and Cord, Matthieu},
  journal =      {Journal of Machine Learning Research},
  note =         {\url{http://jmlr.org/papers/v14/picard13a.html}},
  number =       43,
  openalex =     {W2133046540},
  pages =        {1417--1421},
  title =        {JKernelMachines: a simple framework for kernel
                  machine},
  volume =       14,
  year =         2013
}

@article{rao2013fast,
  author =       {Rao, Vinayak and Teh, Yee Whye},
  journal =      {Journal of Machine Learning Research},
  note =         {\url{http://jmlr.org/papers/v14/rao13a.html}},
  number =       103,
  openalex =     {W2114134972},
  pages =        {3295--3320},
  title =        {Fast MCMC sampling for Markov jump processes and
                  extensions},
  volume =       14,
  year =         2013
}

@article{riihimaki2013nested,
  author =       {Riihimäki, Jaakko and Jylänki, Pasi and Vehtari,
                  Aki},
  journal =      {Journal of Machine Learning Research},
  note =         {\url{http://jmlr.org/papers/v14/riihimaki13a.html}},
  number =       3,
  openalex =     {W2992769304},
  pages =        {75--109},
  title =        {Nested Expectation Propagation for Gaussian Process
                  Classification with a Multinomial Probit Likelihood},
  volume =       14,
  year =         2013
}

@article{rosasco2013nonparametric,
  author =       {Rosasco, Lorenzo and Villa, Silvia and Mosci, Sofia
                  and Santoro, Matteo and Verri, Alessandro},
  journal =      {Journal of Machine Learning Research},
  note =         {\url{http://jmlr.org/papers/v14/rosasco13a.html}},
  number =       52,
  openalex =     {W2107194942},
  pages =        {1665--1714},
  title =        {Nonparametric sparsity and regularization},
  volume =       14,
  year =         2013
}

@article{roussos2013dynamic,
  author =       {Roussos, Anastasios and Theodorakis, Stavros and
                  Pitsikalis, Vassilis and Maragos, Petros},
  journal =      {Journal of Machine Learning Research},
  note =         {\url{http://jmlr.org/papers/v14/roussos13a.html}},
  number =       51,
  openalex =     {W2113512957},
  pages =        {1627--1663},
  title =        {Dynamic Affine-Invariant Shape-Appearance Handshape
                  Features and Classification in Sign Language Videos},
  volume =       14,
  year =         2013
}

@article{rudin2013learning,
  author =       {Rudin, Cynthia and Letham, Benjamin and Madigan,
                  David},
  journal =      {Journal of Machine Learning Research},
  note =         {\url{http://jmlr.org/papers/v14/rudin13a.html}},
  number =       108,
  openalex =     {W2146350536},
  pages =        {3441--3492},
  title =        {Learning theory analysis for association rules and
                  sequential event prediction},
  volume =       14,
  year =         2013
}

@article{ruozzi2013message,
  author =       {Ruozzi, Nicholas and Tatikonda, Sekhar},
  journal =      {Journal of Machine Learning Research},
  note =         {\url{http://jmlr.org/papers/v14/ruozzi13a.html}},
  number =       69,
  openalex =     {W2155852402},
  pages =        {2287--2314},
  title =        {Message-passing algorithms for quadratic
                  minimization},
  volume =       14,
  year =         2013
}

@article{ryabko2013binary,
  author =       {Ryabko, Daniil and Mary, Jérémie},
  journal =      {Journal of Machine Learning Research},
  note =         {\url{http://jmlr.org/papers/v14/ryabko13a.html}},
  number =       86,
  openalex =     {W2116311558},
  pages =        {2837--2856},
  title =        {A Binary-Classification-Based Metric between
                  Time-Series Distributions and Its Use in Statistical
                  and Learning Problems},
  volume =       14,
  year =         2013
}

@article{sabato2013distribution,
  author =       {Sabato, Sivan and Srebro, Nathan and Tishby,
                  Naftali},
  journal =      {Journal of Machine Learning Research},
  note =         {\url{http://jmlr.org/papers/v14/sabato13a.html}},
  number =       64,
  openalex =     {W2963203412},
  pages =        {2119--2149},
  title =        {Distribution-Dependent Sample Complexity of Large
                  Margin Learning},
  volume =       14,
  year =         2013
}

@article{sallebaouissi2013quantminer,
  author =       {Salleb-Aouissi, Ansaf and Vrain, Christel and
                  Nortet, Cyril and Kong, Xiangrong and Rathod, Vivek
                  and Cassard, Daniel},
  journal =      {Journal of Machine Learning Research},
  note =
                  {\url{http://jmlr.org/papers/v14/salleb-aouissi13a.html}},
  number =       97,
  openalex =     {W2138358572},
  pages =        {3153--3157},
  title =        {QuantMiner for Mining Quantitative Association
                  Rules},
  volume =       14,
  year =         2013
}

@article{salomon2013lower,
  author =       {Salomon, Antoine and Audibert, Jean-Yves and Alaoui,
                  Issam El},
  journal =      {Journal of Machine Learning Research},
  note =         {\url{http://jmlr.org/papers/v14/salomon13a.html}},
  number =       6,
  openalex =     {W2149188027},
  pages =        {187--207},
  title =        {Lower bounds and selectivity of weak-consistent
                  policies in stochastic multi-armed bandit problem},
  volume =       14,
  year =         2013
}

@article{scherrer2013performance,
  author =       {Scherrer, Bruno},
  journal =      {Journal of Machine Learning Research},
  note =         {\url{http://jmlr.org/papers/v14/scherrer13a.html}},
  number =       36,
  openalex =     {W1526673156},
  pages =        {1181--1227},
  title =        {Performance bounds for λ policy iteration and
                  application to the game of Tetris},
  volume =       14,
  year =         2013
}

@article{shalevshwartz2013stochastic,
  author =       {Shalev‐Shwartz, Shai and Zhang, Tong},
  journal =      {Journal of Machine Learning Research},
  note =
                  {\url{http://jmlr.org/papers/v14/shalev-shwartz13a.html}},
  number =       16,
  openalex =     {W2952594493},
  pages =        {567--599},
  title =        {Stochastic Dual Coordinate Ascent Methods for
                  Regularized Loss Minimization},
  volume =       14,
  year =         2013
}

@article{shankar2013optimally,
  author =       {Shankar, Karthik H. and Howard, Marc W.},
  journal =      {Journal of Machine Learning Research},
  note =         {\url{http://jmlr.org/papers/v14/shankar13a.html}},
  number =       83,
  openalex =     {W2963286235},
  pages =        {3785--3812},
  title =        {Optimally fuzzy temporal memory},
  volume =       14,
  year =         2013
}

@article{slivkins2013ranked,
  author =       {Slivkins, Aleksandrs and Radlinski, Filip and
                  Gollapudi, Sreenivas},
  journal =      {Journal of Machine Learning Research},
  note =         {\url{http://jmlr.org/papers/v14/slivkins13a.html}},
  number =       13,
  openalex =     {W2117600734},
  pages =        {399--436},
  title =        {Ranked bandits in metric spaces: learning diverse
                  rankings over large document collections},
  volume =       14,
  year =         2013
}

@article{statnikov2013algorithms,
  author =       {Statnikov, Alexander and Lytkin, Nikita I. and
                  Lemeire, Jan and Aliferis, Constantin F.},
  journal =      {Journal of Machine Learning Research},
  note =         {\url{http://jmlr.org/papers/v14/statnikov13a.html}},
  number =       15,
  pages =        {499--566},
  title =        {Algorithms for Discovery of Multiple Markov
                  Boundaries},
  volume =       14,
  year =         2013
}

@article{stowell2013segregating,
  author =       {Stowell, Dan and Plumbley, Mark D.},
  journal =      {Journal of Machine Learning Research},
  note =         {\url{http://jmlr.org/papers/v14/stowell13a.html}},
  number =       67,
  openalex =     {W2149684108},
  pages =        {2213--2238},
  title =        {Segregating event streams and noise with a Markov
                  renewal process model},
  volume =       14,
  year =         2013
}

@article{sun2013consistent,
  author =       {Sun, Wei and Wang, Junhui and Fang, Yixin},
  journal =      {Journal of Machine Learning Research},
  note =         {\url{http://jmlr.org/papers/v14/sun13b.html}},
  number =       107,
  openalex =     {W2168941962},
  pages =        {3419--3440},
  title =        {Consistent selection of tuning parameters via
                  variable selection stability},
  volume =       14,
  year =         2013
}

@article{sun2013sparse,
  author =       {Sun, Tingni and Zhang, Cun‐Hui},
  journal =      {Journal of Machine Learning Research},
  note =         {\url{http://jmlr.org/papers/v14/sun13a.html}},
  number =       106,
  openalex =     {W2963934928},
  pages =        {3385--3418},
  title =        {Sparse matrix inversion with scaled Lasso},
  volume =       14,
  year =         2013
}

@article{tacchetti2013gurls,
  author =       {Tacchetti, Andrea and Mallapragada, Pavan Kumar and
                  Santoro, Matteo and Rosasco, Lorenzo},
  journal =      {Journal of Machine Learning Research},
  note =         {\url{http://jmlr.org/papers/v14/tacchetti13a.html}},
  number =       100,
  openalex =     {W2137592396},
  pages =        {3201--3205},
  title =        {GURLS: a Least Squares Library for Supervised
                  Learning},
  volume =       14,
  year =         2013
}

@article{talwalkar2013large,
  author =       {Talwalkar, Ameet and Kumar, Sanjiv and Mohri,
                  Mehryar and Rowley, Henry A.},
  journal =      {Journal of Machine Learning Research},
  note =         {\url{http://jmlr.org/papers/v14/talwalkar13a.html}},
  number =       96,
  openalex =     {W113793858},
  pages =        {3129--3152},
  title =        {Large-scale SVD and manifold learning},
  volume =       14,
  year =         2013
}

@article{thom2013sparse,
  author =       {Thom, Markus and Palm, Günther},
  journal =      {Journal of Machine Learning Research},
  note =         {\url{http://jmlr.org/papers/v14/thom13a.html}},
  number =       33,
  openalex =     {W2189183509},
  pages =        {1091--1143},
  title =        {Sparse activity and sparse connectivity in
                  supervised learning},
  volume =       14,
  year =         2013
}

@article{tong2013plug,
  author =       {Tong, Xin},
  journal =      {Journal of Machine Learning Research},
  note =         {\url{http://jmlr.org/papers/v14/tong13a.html}},
  number =       92,
  openalex =     {W2172143581},
  pages =        {3011--3040},
  title =        {A plug-in approach to neyman-pearson classification},
  volume =       14,
  year =         2013
}

@article{tulabandhula2013machine,
  author =       {Tulabandhula, Theja and Rudin, Cynthia},
  journal =      {Journal of Machine Learning Research},
  note =
                  {\url{http://jmlr.org/papers/v14/tulabandhula13a.html}},
  number =       61,
  openalex =     {W2964245082},
  pages =        {1989--2028},
  title =        {Machine learning with operational costs},
  volume =       14,
  year =         2013
}

@article{urry2013random,
  author =       {Urry, Matthew and Sollich, Peter},
  journal =      {Journal of Machine Learning Research},
  note =         {\url{http://jmlr.org/papers/v14/urry13a.html}},
  number =       56,
  openalex =     {W2963048617},
  pages =        {1801--1835},
  title =        {Random walk kernels and learning curves for Gaussian
                  process regression on random graphs},
  volume =       14,
  year =         2013
}

@article{valsalam2013using,
  author =       {Valsalam, Vinod K. and Miikkulainen, Risto},
  journal =      {Journal of Machine Learning Research},
  note =         {\url{http://jmlr.org/papers/v14/valsalam13a.html}},
  number =       9,
  openalex =     {W2152278102},
  pages =        {303--331},
  title =        {Using symmetry and evolutionary search to minimize
                  sorting networks},
  volume =       14,
  year =         2013
}

@article{vanhatalo2013gpstuff,
  author =       {Vanhatalo, Jarno and Riihimäki, Jaakko and
                  Hartikainen, Jouni and Jylänki, Pasi and Tolvanen,
                  Ville and Vehtari, Aki},
  journal =      {Journal of Machine Learning Research},
  note =         {\url{http://jmlr.org/papers/v14/vanhatalo13a.html}},
  number =       35,
  openalex =     {W136174036},
  pages =        {1175--1179},
  title =        {GPstuff: Bayesian modeling with Gaussian processes},
  volume =       14,
  year =         2013
}

@article{verma2013distance,
  author =       {Verma, Nakul},
  journal =      {Journal of Machine Learning Research},
  note =         {\url{http://jmlr.org/papers/v14/verma13a.html}},
  number =       74,
  openalex =     {W2153072115},
  pages =        {2415--2448},
  title =        {Distance preserving embeddings for general
                  n-dimensional manifolds},
  volume =       14,
  year =         2013
}

@article{wan2013one,
  author =       {Wan, Jun and Ruan, Qiuqi and Li, Wei and Deng,
                  Shuang},
  journal =      {Journal of Machine Learning Research},
  note =         {\url{http://jmlr.org/papers/v14/wan13a.html}},
  number =       78,
  openalex =     {W2112480082},
  pages =        {2549--2582},
  title =        {One-Shot Learning Gesture Recognition from RGB-D
                  Data Using Bag of Features},
  volume =       14,
  year =         2013
}

@article{wang2013bayesian,
  author =       {Wang, Chong and Blei, David M.},
  journal =      {Journal of Machine Learning Research},
  note =         {\url{http://jmlr.org/papers/v14/wang13b.html}},
  number =       31,
  pages =        {965--1003},
  title =        {Bayesian Canonical correlation analysis},
  volume =       14,
  year =         2013
}

@article{wang2013cam,
  author =       {Wang, Niya and Meng, Fan Jun and Chen, Li and
                  Madhavan, Subha and Clarke, Robert and Hoffman, Eric
                  P. and Xuan, Jianhua and Wang, Yue},
  journal =      {Journal of Machine Learning Research},
  note =         {\url{http://jmlr.org/papers/v14/wang13d.html}},
  number =       88,
  openalex =     {W2130705250},
  pages =        {2899--2903},
  title =        {The CAM software for nonnegative blind source
                  separation in R-Java},
  volume =       14,
  year =         2013
}

@article{wang2013improving,
  author =       {Wang, Shusen and Zhang, Zhihua},
  journal =      {Journal of Machine Learning Research},
  note =         {\url{http://jmlr.org/papers/v14/wang13c.html}},
  number =       47,
  pages =        {2729--2769},
  title =        {Improving CUR Matrix Decomposition and the Nystrom
                  Approximation via Adaptive Sampling},
  volume =       14,
  year =         2013
}

@article{wang2013semi,
  author =       {Wang, Jun and Jebara, Tony and Chang, Shih‐Fu},
  journal =      {Journal of Machine Learning Research},
  note =         {\url{http://jmlr.org/papers/v14/wang13a.html}},
  number =       23,
  openalex =     {W2152034960},
  pages =        {771--800},
  title =        {Semi-supervised learning using greedy max-cut},
  volume =       14,
  year =         2013
}

@article{watanabe2013widely,
  author =       {Watanabe, Sumio},
  journal =      {Journal of Machine Learning Research},
  note =         {\url{http://jmlr.org/papers/v14/watanabe13a.html}},
  number =       27,
  openalex =     {W2117076645},
  pages =        {867--897},
  title =        {A widely applicable Bayesian information criterion},
  volume =       14,
  year =         2013
}

@article{wu2013learning,
  author =       {Wu, Wei and Lu, Zhengdong and Li, Hang},
  journal =      {Journal of Machine Learning Research},
  note =         {\url{http://jmlr.org/papers/v14/wu13a.html}},
  number =       77,
  openalex =     {W2127564752},
  pages =        {2519--2548},
  title =        {Learning bilinear model for matching queries and
                  documents},
  volume =       14,
  year =         2013
}

@article{yuan2013truncated,
  author =       {Yuan, Xiao‐Tong and Zhang, Tong},
  journal =      {Journal of Machine Learning Research},
  note =         {\url{http://jmlr.org/papers/v14/yuan13a.html}},
  number =       28,
  openalex =     {W2137404238},
  pages =        {899--925},
  title =        {Truncated Power Method for Sparse Eigenvalue
                  Problems},
  volume =       14,
  year =         2013
}

@article{zaidi2013alleviating,
  author =       {Zaidi, Nayyar A. and Cerquides, Jesús and Carman,
                  Mark and Webb, Geoffrey I.},
  journal =      {Journal of Machine Learning Research},
  note =         {\url{http://jmlr.org/papers/v14/zaidi13a.html}},
  number =       60,
  openalex =     {W2108626773},
  pages =        {1947--1988},
  title =        {Alleviating naive Bayes attribute independence
                  assumption by attribute weighting},
  volume =       14,
  year =         2013
}

@article{zhang2013communication,
  author =       {Zhang, Yuchen and Duchi, John C. and Wainwright,
                  Martin J.},
  journal =      {Journal of Machine Learning Research},
  note =         {\url{http://jmlr.org/papers/v14/zhang13b.html}},
  number =       104,
  openalex =     {W2962696932},
  pages =        {3321--3363},
  title =        {Communication-efficient algorithms for statistical
                  optimization},
  volume =       14,
  year =         2013
}

@article{zhao2013beyond,
  author =       {Zhao, Ming-Jie and Edakunni, Narayanan and Pocock,
                  Adam and Brown, Gavin},
  journal =      {Journal of Machine Learning Research},
  note =         {\url{http://jmlr.org/papers/v14/zhao13a.html}},
  number =       32,
  pages =        {1033--1090},
  title =        {Beyond Fano's inequality: bounds on the optimal
                  F-score, BER, and cost-sensitive risk and their
                  implications},
  volume =       14,
  year =         2013
}
