@article{agarwal2014reliable,
  author = {Agarwal, Alekh and Chapelle, Olivier and Dudík, Miroslav and Langford, John},
  journal = {Journal of Machine Learning Research},
  note = {\url{http://jmlr.org/papers/v15/agarwal14a.html}},
  number = {32},
  openalex = {W2157462866},
  pages = {1111--1133},
  title = {A Reliable Effective Terascale Linear Learning System},
  volume = {15},
  year = {2014}
}

@article{agarwal2014surrogate,
  author = {Agarwal, Shivani},
  journal = {Journal of Machine Learning Research},
  note = {\url{http://jmlr.org/papers/v15/agarwal14b.html}},
  number = {49},
  openalex = {W2141789531},
  pages = {1653--1674},
  title = {Surrogate regret bounds for bipartite ranking via strongly proper losses},
  volume = {15},
  year = {2014}
}

@article{ailon2014active,
  author = {Ailon, Nir and Begleiter, Ron and Ezra, Esther},
  journal = {Journal of Machine Learning Research},
  note = {\url{http://jmlr.org/papers/v15/ailon14a.html}},
  number = {25},
  openalex = {W2125986969},
  pages = {885--920},
  title = {Active learning using smooth relative regret approximations with applications},
  volume = {15},
  year = {2014}
}

@article{alain2014what,
  author = {Alain, Guillaume and Bengio, Yoshua},
  journal = {Journal of Machine Learning Research},
  note = {\url{http://jmlr.org/papers/v15/alain14a.html}},
  number = {110},
  openalex = {W2614634292},
  pages = {3743--3773},
  title = {What regularized auto-encoders learn from the data-generating distribution},
  volume = {15},
  year = {2014}
}

@article{anandkumar2014tensora,
  author = {Anandkumar, Animashree and Ge, Rong and Hsu, Daniel and Kakade, Sham M.},
  journal = {Journal of Machine Learning Research},
  note = {\url{http://jmlr.org/papers/v15/anandkumar14a.html}},
  number = {66},
  openalex = {W2963300816},
  pages = {2239--2312},
  title = {A tensor approach to learning mixed membership community models},
  volume = {15},
  year = {2014}
}

@article{anandkumar2014tensorb,
  author = {Anandkumar, Animashree and Ge, Rong and Hsu, Daniel and Kakade, Sham M. and Telgarsky, Matus},
  journal = {Journal of Machine Learning Research},
  note = {\url{http://jmlr.org/papers/v15/anandkumar14b.html}},
  number = {80},
  openalex = {W2105724942},
  pages = {2773--2832},
  title = {Tensor decompositions for learning latent variable models},
  volume = {15},
  year = {2014}
}

@article{aravkin2014convex,
  author = {Aravkin, Aleksandr Y. and Burke, James V. and Chiuso, Alessandro and Pillonetto, Gianluigi},
  journal = {Journal of Machine Learning Research},
  note = {\url{http://jmlr.org/papers/v15/aravkin14a.html}},
  number = {7},
  openalex = {W2098729277},
  pages = {217--252},
  title = {Convex vs non-convex estimators for regression and sparse estimation: the mean squared error properties of ARD and GLasso},
  volume = {15},
  year = {2014}
}

@article{archer2014bayesian,
  author = {Archer, Evan and Park, Il Memming and Pillow, Jonathan W.},
  journal = {Journal of Machine Learning Research},
  note = {\url{http://jmlr.org/papers/v15/archer14a.html}},
  number = {81},
  openalex = {W2097108250},
  pages = {2833--2868},
  title = {Bayesian entropy estimation for countable discrete distributions},
  volume = {15},
  year = {2014}
}

@article{bach2014adaptivity,
  author = {Bach, Francis},
  journal = {Journal of Machine Learning Research},
  note = {\url{http://jmlr.org/papers/v15/bach14a.html}},
  number = {19},
  openalex = {W2951336937},
  pages = {595--627},
  title = {Adaptivity of averaged stochastic gradient descent to local strong convexity for logistic regression},
  volume = {15},
  year = {2014}
}

@article{balcan2014robust,
  author = {Balcan, Maria-Florina and Liang, Yingyu and Gupta, Pramod},
  journal = {Journal of Machine Learning Research},
  note = {\url{http://jmlr.org/papers/v15/balcan14a.html}},
  number = {118},
  openalex = {W2962962407},
  pages = {4011--4051},
  title = {Robust Hierarchical Clustering},
  volume = {15},
  year = {2014}
}

@article{boumal2014manopt,
  author = {Boumal, Nicolas and Mishra, Bamdev and Absil, P.-A. and Sepulchre, Rodolphe},
  journal = {Journal of Machine Learning Research},
  note = {\url{http://jmlr.org/papers/v15/boumal14a.html}},
  number = {42},
  pages = {1455--1459},
  title = {Manopt, a Matlab toolbox for optimization on manifolds},
  volume = {15},
  year = {2014}
}

@article{chen2014clustering,
  author = {Chen, Yudong and Jalali, Ali and Sanghavi, Sujay and Xu, Huan},
  journal = {Journal of Machine Learning Research},
  note = {\url{http://jmlr.org/papers/v15/chen14a.html}},
  number = {65},
  openalex = {W2614891641},
  pages = {2213--2238},
  title = {Clustering partially observed graphs via convex optimization},
  volume = {15},
  year = {2014}
}

@article{chiang2014prediction,
  author = {Chiang, Kai-Yang and Hsieh, Cho‐Jui and Natarajan, Nagarajan and Dhillon, Inderjit S. and Tewari, Ambuj},
  journal = {Journal of Machine Learning Research},
  note = {\url{http://jmlr.org/papers/v15/chiang14a.html}},
  number = {34},
  openalex = {W2098044836},
  pages = {1177--1213},
  title = {Prediction and clustering in signed networks: a local to global perspective},
  volume = {15},
  year = {2014}
}

@article{chin2014effective,
  author = {Chin, Wei-Sheng and Juan, Yu-Chin and Zhuang, Yong and Wu, Felix and Tung, Hsiao-Yu Fish and Yu, Tong and Wang, Jui‐Pin and Chang, Cheng-Xia and Yang, Chun‐Pai and Chang, Wei‐Cheng and Huang, Kuan-Hao and Kuo, Tzu-Ming and Lin, Shan-Wei and Lin, Young‐San and Lu, Yuchen and Su, Yu-Chuan and Wei, Cheng-Kuang and Yin, Tu-Chun and Li, Chun‐Liang and Lin, Ting‐Wei and Tsai, Cheng-Hao and Lin, Shou-De and Lin, Hsuan-Tien and Lin, Chih‐Jen},
  journal = {Journal of Machine Learning Research},
  note = {\url{http://jmlr.org/papers/v15/chin14a.html}},
  number = {87},
  openalex = {W2112564748},
  pages = {3037--3064},
  title = {Effective string processing and matching for author disambiguation},
  volume = {15},
  year = {2014}
}

@article{claesen2014ensemblesvm,
  author = {Claesen, Marc and Smet, Frank De and Suykens, Johan A. K. and Moor, Bart De},
  journal = {Journal of Machine Learning Research},
  note = {\url{http://jmlr.org/papers/v15/claesen14a.html}},
  number = {4},
  openalex = {W2166619467},
  pages = {141--145},
  title = {EnsembleSVM: A Library for Ensemble Learning Using Support Vector Machines},
  volume = {15},
  year = {2014}
}

@article{cohen2014spectral,
  author = {Cohen, Shay B. and Stratos, Karl and Collins, Michael and Foster, Dean P. and Ungar, Lyle},
  journal = {Journal of Machine Learning Research},
  note = {\url{http://jmlr.org/papers/v15/cohen14a.html}},
  number = {69},
  openalex = {W2158896774},
  pages = {2399--2449},
  title = {Spectral learning of latent-variable PCFGs: algorithms and sample complexity},
  volume = {15},
  year = {2014}
}

@article{colombo2014order,
  author = {Colombo, Diego and Maathuis, Marloes H.},
  journal = {Journal of Machine Learning Research},
  note = {\url{http://jmlr.org/papers/v15/colombo14a.html}},
  number = {116},
  openalex = {W2134240743},
  pages = {3921--3962},
  title = {Order-independent constraint-based causal structure learning},
  volume = {15},
  year = {2014}
}

@article{couckuyt2014oodace,
  author = {Couckuyt, Ivo and Dhaene, Tom and Demeester, Piet},
  journal = {Journal of Machine Learning Research},
  note = {\url{http://jmlr.org/papers/v15/couckuyt14a.html}},
  number = {91},
  openalex = {W2151794096},
  pages = {3183--3186},
  title = {ooDACE toolbox: a flexible object-oriented Kriging implementation},
  volume = {15},
  year = {2014}
}

@article{couprie2014convolutional,
  author = {Couprie, Camille and Farabet, Clément and Najman, Laurent and LeCun, Yann},
  journal = {Journal of Machine Learning Research},
  note = {\url{http://jmlr.org/papers/v15/couprie14a.html}},
  number = {102},
  openalex = {W126953435},
  pages = {3489--3511},
  title = {Convolutional Nets and Watershed Cuts for Real-Time Semantic Labeling of RGBD Videos},
  volume = {15},
  year = {2014}
}

@article{coviello2014clustering,
  author = {Coviello, Emanuele and Chan, Antoni B. and Lanckriet, Gert R.G.},
  journal = {Journal of Machine Learning Research},
  note = {\url{http://jmlr.org/papers/v15/coviello14a.html}},
  number = {22},
  pages = {697--747},
  title = {Clustering hidden Markov models with variational HEM},
  volume = {15},
  year = {2014}
}

@article{cuong2014conditional,
  author = {Cuong, Nguyen Viet and Ye, Nan and Lee, Wee Sun and Chieu, Hai Leong},
  journal = {Journal of Machine Learning Research},
  note = {\url{http://jmlr.org/papers/v15/cuong14a.html}},
  number = {28},
  pages = {981--1009},
  title = {Conditional random field with high-order dependencies for sequence labeling and segmentation},
  volume = {15},
  year = {2014}
}

@article{cuturi2014ground,
  author = {Cuturi, Marco and Avis, David},
  journal = {Journal of Machine Learning Research},
  note = {\url{http://jmlr.org/papers/v15/cuturi14a.html}},
  number = {17},
  openalex = {W2125483582},
  pages = {533--564},
  title = {Ground metric learning},
  volume = {15},
  year = {2014}
}

@article{dann2014policy,
  author = {Dann, Christoph and Neumann, Gerhard and Peters, Jan},
  journal = {Journal of Machine Learning Research},
  note = {\url{http://jmlr.org/papers/v15/dann14a.html}},
  number = {24},
  openalex = {W2121703796},
  pages = {809--883},
  title = {Policy evaluation with temporal differences: a survey and comparison},
  volume = {15},
  year = {2014}
}

@article{delgado2014do,
  author = {Fernández-Delgado, Manuel and Cernadas, Eva and Barro, Senén and Amorim, Dinani},
  journal = {Journal of Machine Learning Research},
  note = {\url{http://jmlr.org/papers/v15/delgado14a.html}},
  number = {90},
  pages = {3133--3181},
  title = {Do we need hundreds of classifiers to solve real world classification problems},
  volume = {15},
  year = {2014}
}

@article{desautels2014parallelizing,
  author = {Desautels, Thomas and Krause, Andreas and Burdick, Joel W.},
  journal = {Journal of Machine Learning Research},
  note = {\url{http://jmlr.org/papers/v15/desautels14a.html}},
  number = {119},
  openalex = {W2616619952},
  pages = {4053--4103},
  title = {Parallelizing exploration-exploitation tradeoffs in Gaussian process bandit optimization},
  volume = {15},
  year = {2014}
}

@article{dhurandhar2014efficient,
  author = {Dhurandhar, Amit and Petrik, Marek},
  journal = {Journal of Machine Learning Research},
  note = {\url{http://jmlr.org/papers/v15/dhurandhar14a.html}},
  number = {75},
  openalex = {W2117819897},
  pages = {2607--2627},
  title = {Efficient and accurate methods for updating generalized linear models with multiple feature additions},
  volume = {15},
  year = {2014}
}

@article{doliwa2014recursive,
  author = {Doliwa, Thorsten and Fan, Gaojian and Simon, Hans Ulrich and Zilles, Sandra},
  journal = {Journal of Machine Learning Research},
  note = {\url{http://jmlr.org/papers/v15/doliwa14a.html}},
  number = {89},
  openalex = {W2146250995},
  pages = {3107--3131},
  title = {Recursive teaching dimension, VC-dimension and sample compression},
  volume = {15},
  year = {2014}
}

@article{doppa2014structured,
  author = {Doppa, Janardhan Rao and Fern, Alan and Tadepalli, Prasad},
  journal = {Journal of Machine Learning Research},
  note = {\url{http://jmlr.org/papers/v15/doppa14a.html}},
  number = {38},
  openalex = {W2096006868},
  pages = {1317--1350},
  title = {Structured prediction via output space search},
  volume = {15},
  year = {2014}
}

@article{dubout2014adaptive,
  author = {Dubout, Charles and Fleuret, François},
  journal = {Journal of Machine Learning Research},
  note = {\url{http://jmlr.org/papers/v15/dubout14a.html}},
  number = {41},
  openalex = {W2171380303},
  pages = {1431--1453},
  title = {Adaptive sampling for large scale boosting},
  volume = {15},
  year = {2014}
}

@article{durante2014locally,
  author = {Durante, Daniele and Scarpa, Bruno and Dunson, David B.},
  journal = {Journal of Machine Learning Research},
  note = {\url{http://jmlr.org/papers/v15/durante14a.html}},
  number = {44},
  openalex = {W2120362738},
  pages = {1493--1522},
  title = {Locally adaptive factor processes for multivariate time series},
  volume = {15},
  year = {2014}
}

@article{fabisch2014active,
  author = {Fabisch, Alexander and Metzen, Jan Hendrik},
  journal = {Journal of Machine Learning Research},
  note = {\url{http://jmlr.org/papers/v15/fabisch14a.html}},
  number = {97},
  openalex = {W2158641818},
  pages = {3371--3399},
  title = {Active contextual policy search},
  volume = {15},
  year = {2014}
}

@article{feldman2014revisiting,
  author = {Feldman, Sergey and Gupta, Maya R. and Frigyik, Béla A.},
  journal = {Journal of Machine Learning Research},
  note = {\url{http://jmlr.org/papers/v15/feldman14a.html}},
  number = {106},
  openalex = {W2153912717},
  pages = {3621--3662},
  title = {Revisiting Stein's paradox: multi-task averaging},
  volume = {15},
  year = {2014}
}

@article{fournierviger2014spmf,
  author = {Fournier‐Viger, Philippe and Gomariz, Antonio and Gueniche, Ted and Soltani, Azadeh and Wu, Chengwei and Tseng, Vincent S.},
  journal = {Journal of Machine Learning Research},
  note = {\url{http://jmlr.org/papers/v15/fournierviger14a.html}},
  number = {104},
  openalex = {W2126046032},
  pages = {3569--3573},
  title = {SPMF: a Java open-source pattern mining library},
  volume = {15},
  year = {2014}
}

@article{foxroberts2014unbiased,
  author = {Fox‐Roberts, Patrick and Rosten, Edward},
  journal = {Journal of Machine Learning Research},
  note = {\url{http://jmlr.org/papers/v15/foxroberts14a.html}},
  number = {12},
  openalex = {W2168464035},
  pages = {367--443},
  title = {Unbiased generative semi-supervised learning},
  volume = {15},
  year = {2014}
}

@article{geist2014off,
  author = {Geist, Matthieu and Scherrer, Bruno},
  journal = {Journal of Machine Learning Research},
  note = {\url{http://jmlr.org/papers/v15/geist14a.html}},
  number = {10},
  openalex = {W2953189830},
  pages = {289--333},
  title = {Off-policy Learning with Eligibility Traces: A Survey},
  volume = {15},
  year = {2014}
}

@article{gentile2014on,
  author = {Gentile, Claudio and Orabona, Francesco},
  journal = {Journal of Machine Learning Research},
  note = {\url{http://jmlr.org/papers/v15/gentile14a.html}},
  number = {70},
  openalex = {W2117847193},
  pages = {2451--2487},
  title = {On multilabel classification and ranking with bandit feedback},
  volume = {15},
  year = {2014}
}

@article{gillian2014gesture,
  author = {Gillian, Nicholas and Paradiso, Joseph A.},
  journal = {Journal of Machine Learning Research},
  note = {\url{http://jmlr.org/papers/v15/gillian14a.html}},
  number = {101},
  openalex = {W2151889438},
  pages = {3483--3487},
  title = {The Gesture Recognition Toolkit},
  volume = {15},
  year = {2014}
}

@article{gillis2014robust,
  author = {Gillis, Nicolas and Luce, Robert},
  journal = {Journal of Machine Learning Research},
  note = {\url{http://jmlr.org/papers/v15/gillis14a.html}},
  number = {36},
  openalex = {W2105503503},
  pages = {1249--1280},
  title = {Robust near-separable nonnegative matrix factorization using linear optimization},
  volume = {15},
  year = {2014}
}

@article{goussies2014transfer,
  author = {Goussies, Norberto A. and Ubalde, Sebastián and Mejail, Marta},
  journal = {Journal of Machine Learning Research},
  note = {\url{http://jmlr.org/papers/v15/goussies14a.html}},
  number = {113},
  openalex = {W2115595637},
  pages = {3847--3870},
  title = {Transfer Learning Decision Forests for Gesture Recognition},
  volume = {15},
  year = {2014}
}

@article{gupta2014training,
  author = {Gupta, Maya R. and Bengio, Samy and Weston, Jason},
  journal = {Journal of Machine Learning Research},
  note = {\url{http://jmlr.org/papers/v15/gupta14a.html}},
  number = {43},
  openalex = {W2151166364},
  pages = {1461--1492},
  title = {Training highly multiclass classifiers},
  volume = {15},
  year = {2014}
}

@article{hamilton2014efficient,
  author = {Hamilton, William L. and Fard, Mahdi Milani and Pineau, Joëlle},
  journal = {Journal of Machine Learning Research},
  note = {\url{http://jmlr.org/papers/v15/hamilton14a.html}},
  number = {105},
  openalex = {W2159136633},
  pages = {3575--3619},
  title = {Efficient learning and planning with compressed predictive states},
  volume = {15},
  year = {2014}
}

@article{hansen2014semi,
  author = {Hansen, Toke Jansen and Mahoney, Michael W.},
  journal = {Journal of Machine Learning Research},
  note = {\url{http://jmlr.org/papers/v15/hansen14a.html}},
  number = {114},
  openalex = {W1877845655},
  pages = {3871--3914},
  title = {Semi-supervised Eigenvectors for Large-scale Locally-biased Learning},
  volume = {15},
  year = {2014}
}

@article{hazan2014beyond,
  author = {Hazan, Elad and Kale, Satyen},
  journal = {Journal of Machine Learning Research},
  note = {\url{http://jmlr.org/papers/v15/hazan14a.html}},
  number = {71},
  openalex = {W2154682027},
  pages = {2489--2512},
  title = {Beyond the regret minimization barrier: optimal algorithms for stochastic strongly-convex optimization},
  volume = {15},
  year = {2014}
}

@article{henniges2014efficient,
  author = {Henniges, Marc and Turner, Richard E. and Sahani, Maneesh and Eggert, Julian and Lücke, Jög},
  journal = {Journal of Machine Learning Research},
  note = {\url{http://jmlr.org/papers/v15/henniges14a.html}},
  number = {78},
  openalex = {W2097676679},
  pages = {2689--2722},
  title = {Efficient occlusive components analysis},
  volume = {15},
  year = {2014}
}

@article{hoffman2014no,
  author = {Homan, Matthew D. and Gelman, Andrew},
  journal = {Journal of Machine Learning Research},
  note = {\url{http://jmlr.org/papers/v15/hoffman14a.html}},
  number = {47},
  openalex = {W2963977107},
  pages = {1593--1623},
  title = {The No-U-turn sampler: adaptively setting path lengths in Hamiltonian Monte Carlo},
  volume = {15},
  year = {2014}
}

@article{hoi2014libol,
  author = {Hoi, Steven C. H. and Wang, Jialei and Zhao, Peilin},
  journal = {Journal of Machine Learning Research},
  note = {\url{http://jmlr.org/papers/v15/hoi14a.html}},
  number = {15},
  openalex = {W2119393863},
  pages = {495--499},
  title = {LIBOL: a library for online learning algorithms},
  volume = {15},
  year = {2014}
}

@article{hsieh2014quic,
  author = {Hsieh, Cho‐Jui and Sustik, Mátyás A. and Dhillon, Inderjit S. and Ravikumar, Pradeep},
  journal = {Journal of Machine Learning Research},
  note = {\url{http://jmlr.org/papers/v15/hsieh14a.html}},
  number = {83},
  openalex = {W2131242330},
  pages = {2911--2947},
  title = {QUIC: quadratic approximation for sparse inverse covariance estimation},
  volume = {15},
  year = {2014}
}

@article{huang2014ramp,
  author = {Huang, Xiaolin and Shi, Lei and Suykens, Johan A. K.},
  journal = {Journal of Machine Learning Research},
  note = {\url{http://jmlr.org/papers/v15/huang14a.html}},
  number = {64},
  openalex = {W2107976320},
  pages = {2185--2211},
  title = {Ramp loss linear programming support vector machine},
  volume = {15},
  year = {2014}
}

@article{jackson2014new,
  author = {Jackson, Jeffrey C. and Wimmer, Karl},
  journal = {Journal of Machine Learning Research},
  note = {\url{http://jmlr.org/papers/v15/jackson14a.html}},
  number = {112},
  openalex = {W109458800},
  pages = {3815--3846},
  title = {New results for random walk learning},
  volume = {15},
  year = {2014}
}

@article{janzamin2014high,
  author = {Janzamin, Majid and Anandkumar, Animashree},
  journal = {Journal of Machine Learning Research},
  note = {\url{http://jmlr.org/papers/v15/janzamin14a.html}},
  number = {46},
  openalex = {W2614599440},
  pages = {1549--1591},
  title = {High-dimensional covariance decomposition into sparse Markov and independence models},
  volume = {15},
  year = {2014}
}

@article{javanmard2014confidence,
  author = {Javanmard, Adel and Montanari, Andrea},
  journal = {Journal of Machine Learning Research},
  note = {\url{http://jmlr.org/papers/v15/javanmard14a.html}},
  number = {82},
  openalex = {W2128235479},
  pages = {2869--2909},
  title = {Confidence intervals and hypothesis testing for high-dimensional regression},
  volume = {15},
  year = {2014}
}

@article{jin2014optimality,
  author = {Jin, Jiashun and Zhang, Cun‐Hui and Zhang, Qi},
  journal = {Journal of Machine Learning Research},
  note = {\url{http://jmlr.org/papers/v15/jin14a.html}},
  number = {79},
  openalex = {W2158391286},
  pages = {2723--2772},
  title = {Optimality of graphlet screening in high dimensional variable selection},
  volume = {15},
  year = {2014}
}

@article{judah2014active,
  author = {Judah, Kshitij and Fern, Alan P. and Dietterich, Thomas G. and Tadepalli, Prasad},
  journal = {Journal of Machine Learning Research},
  note = {\url{http://jmlr.org/papers/v15/judah14a.html}},
  number = {120},
  pages = {4105--4143},
  title = {Active Imitation Learning: Formal and Practical Reductions to I.I.D. Learning},
  volume = {15},
  year = {2014}
}

@article{jylanki2014expectation,
  author = {Jylänki, Pasi and Nummenmaa, Aapo and Vehtari, Aki},
  journal = {Journal of Machine Learning Research},
  note = {\url{http://jmlr.org/papers/v15/jylanki14a.html}},
  number = {54},
  openalex = {W2099479976},
  pages = {1849--1901},
  title = {Expectation propagation for neural networks with sparsity-promoting priors},
  volume = {15},
  year = {2014}
}

@article{kolar2014graph,
  author = {Kolar, Mladen and Liu, Han and Xing, Eric P.},
  journal = {Journal of Machine Learning Research},
  note = {\url{http://jmlr.org/papers/v15/kolar14a.html}},
  number = {51},
  openalex = {W2162926179},
  pages = {1713--1750},
  title = {Graph Estimation From Multi-attribute Data},
  volume = {15},
  year = {2014}
}

@article{konecny2014one,
  author = {Konečný, Jakub and Hagara, Michal},
  journal = {Journal of Machine Learning Research},
  note = {\url{http://jmlr.org/papers/v15/konecny14a.html}},
  number = {72},
  openalex = {W1494054390},
  pages = {2513--2532},
  title = {One-Shot-Learning Gesture Recognition Using HOG-HOF Features},
  volume = {15},
  year = {2014}
}

@article{lan2014sparse,
  author = {Lan, Andrew S. and Waters, Andrew E. and Studer, Christoph and Baraniuk, Richard G.},
  journal = {Journal of Machine Learning Research},
  note = {\url{http://jmlr.org/papers/v15/lan14a.html}},
  number = {57},
  openalex = {W2126917700},
  pages = {1959--2008},
  title = {Sparse factor analysis for learning and content analytics},
  volume = {15},
  year = {2014}
}

@article{lecci2014statistical,
  author = {Lecci, Fabrizio and Rinaldo, Aless and Wasserman, Larry},
  journal = {Journal of Machine Learning Research},
  note = {\url{http://jmlr.org/papers/v15/lecci14a.html}},
  number = {99},
  pages = {3425--3446},
  title = {Statistical analysis of metric graph reconstruction},
  volume = {15},
  year = {2014}
}

@article{lember2014bridging,
  author = {Lember, Jüri and Koloydenko, Alexey},
  journal = {Journal of Machine Learning Research},
  note = {\url{http://jmlr.org/papers/v15/lember14a.html}},
  number = {1},
  openalex = {W2128889245},
  pages = {1--58},
  title = {Bridging Viterbi and posterior decoding: a generalized risk approach to hidden path inference based on hidden Markov models},
  volume = {15},
  year = {2014}
}

@article{lin2014alternating,
  author = {Lin, Xiaodong and Pham, Minh and Ruszczyński, Andrzej},
  journal = {Journal of Machine Learning Research},
  note = {\url{http://jmlr.org/papers/v15/lin14a.html}},
  number = {100},
  pages = {3447--3481},
  title = {Alternating linearization for structured regularization problems},
  volume = {15},
  year = {2014}
}

@article{lindsten2014particle,
  author = {Lindsten, Fredrik and Jordan, Michael I. and Schön, Thomas B.},
  journal = {Journal of Machine Learning Research},
  note = {\url{http://jmlr.org/papers/v15/lindsten14a.html}},
  number = {63},
  openalex = {W2140051159},
  pages = {2145--2184},
  title = {Particle gibbs with ancestor sampling},
  volume = {15},
  year = {2014}
}

@article{loh2014high,
  author = {Loh, Po‐Ling and Bühlmann, Peter},
  journal = {Journal of Machine Learning Research},
  note = {\url{http://jmlr.org/papers/v15/loh14a.html}},
  number = {88},
  openalex = {W2109605413},
  pages = {3065--3105},
  title = {High-dimensional learning of linear causal networks via inverse covariance estimation},
  volume = {15},
  year = {2014}
}

@article{lowd2014improving,
  author = {Lowd, Daniel and Davis, Jesse},
  journal = {Journal of Machine Learning Research},
  note = {\url{http://jmlr.org/papers/v15/lowd14a.html}},
  number = {16},
  openalex = {W2166946383},
  pages = {501--532},
  title = {Improving Markov network structure learning using decision trees},
  volume = {15},
  year = {2014}
}

@article{lu2014effective,
  author = {Lu, Tyler and Boutilier, Craig},
  journal = {Journal of Machine Learning Research},
  note = {\url{http://jmlr.org/papers/v15/lu14a.html}},
  number = {117},
  openalex = {W2114523181},
  pages = {3963--4009},
  title = {Effective sampling and learning for mallows models with pairwise-preference data},
  volume = {15},
  year = {2014}
}

@article{lyzinski2014seeded,
  author = {Lyzinski, Vince and Fishkind, Donniell E. and Priebe, Carey E.},
  journal = {Journal of Machine Learning Research},
  note = {\url{http://jmlr.org/papers/v15/lyzinski14a.html}},
  number = {108},
  openalex = {W4300003933},
  pages = {3693--3720},
  title = {Seeded graph matching for correlated Erdős-Rényi graphs},
  volume = {15},
  year = {2014}
}

@article{mannor2014set,
  author = {Mannor, Shie and Perchet, Vianney and Stoltz, Gilles},
  journal = {Journal of Machine Learning Research},
  note = {\url{http://jmlr.org/papers/v15/mannor14a.html}},
  number = {94},
  openalex = {W2172279096},
  pages = {3247--3295},
  title = {Set-valued approachability and online learning with partial monitoring},
  volume = {15},
  year = {2014}
}

@article{martinezcantin2014bayesopt,
  author = {Martínez-Cantín, Rubén},
  journal = {Journal of Machine Learning Research},
  note = {\url{http://jmlr.org/papers/v15/martinezcantin14a.html}},
  number = {115},
  openalex = {W2136213019},
  pages = {3915--3919},
  title = {BayesOpt: a Bayesian optimization library for nonlinear optimization, experimental design and bandits},
  volume = {15},
  year = {2014}
}

@article{miller2014inconsistency,
  author = {Miller, Jeffrey W. and Harrison, Matthew Tom},
  journal = {Journal of Machine Learning Research},
  note = {\url{http://jmlr.org/papers/v15/miller14a.html}},
  number = {96},
  openalex = {W2950797261},
  pages = {3333--3370},
  title = {Inconsistency of Pitman-Yor process mixtures for the number of components},
  volume = {15},
  year = {2014}
}

@article{mizutani2014ellipsoidal,
  author = {Mizutani, Tomohiko},
  journal = {Journal of Machine Learning Research},
  note = {\url{http://jmlr.org/papers/v15/mizutani14a.html}},
  number = {29},
  openalex = {W2114760097},
  pages = {1011--1039},
  title = {Ellipsoidal rounding for nonnegative matrix factorization under noisy separability},
  volume = {15},
  year = {2014}
}

@article{mohan2014node,
  author = {Mohan, Karthik and London, Palma and Fazel, Maryam and Witten, Daniela and Lee, Su‐In},
  journal = {Journal of Machine Learning Research},
  note = {\url{http://jmlr.org/papers/v15/mohan14a.html}},
  number = {13},
  openalex = {W2166794017},
  pages = {445--488},
  title = {Node-Based Learning of Multiple Gaussian Graphical Models.},
  volume = {15},
  year = {2014}
}

@article{moore2014reinforcement,
  author = {Moore, Brett L. and Pyeatt, Larry D. and Kulkarni, Vivekanand and Panousis, P. and Padrez, Kevin and Doufas, Anthony G.},
  journal = {Journal of Machine Learning Research},
  note = {\url{http://jmlr.org/papers/v15/moore14a.html}},
  number = {21},
  openalex = {W2103535498},
  pages = {655--696},
  title = {Reinforcement learning for closed-loop propofol anesthesia: a study in human volunteers},
  volume = {15},
  year = {2014}
}

@article{mueller2014pystruct,
  author = {Müller, Andreas and Behnke, Sven},
  journal = {Journal of Machine Learning Research},
  note = {\url{http://jmlr.org/papers/v15/mueller14a.html}},
  number = {59},
  openalex = {W181529752},
  pages = {2055--2060},
  title = {PyStruct: learning structured prediction in python},
  volume = {15},
  year = {2014}
}

@article{nandan2014fast,
  author = {Nandan, Manu and Khargonekar, Pramod P. and Talathi, Sachin S.},
  journal = {Journal of Machine Learning Research},
  note = {\url{http://jmlr.org/papers/v15/nandan14a.html}},
  number = {2},
  openalex = {W2127179243},
  pages = {59--98},
  title = {Fast SVM training using approximate extreme points},
  volume = {15},
  year = {2014}
}

@article{nguyendinh2014robust,
  author = {Nguyen-Dinh, Long-Van and Calatroni, Alberto and Tröster, Gerhard},
  journal = {Journal of Machine Learning Research},
  note = {\url{http://jmlr.org/papers/v15/nguyendinh14a.html}},
  number = {92},
  openalex = {W2130580359},
  pages = {3187--3220},
  title = {Robust Online Gesture Recognition with Crowdsourced Annotations},
  volume = {15},
  year = {2014}
}

@article{nishihara2014parallel,
  author = {Nishihara, Robert and Murray, Iain and Adams, Ryan P.},
  journal = {Journal of Machine Learning Research},
  note = {\url{http://jmlr.org/papers/v15/nishihara14a.html}},
  number = {61},
  openalex = {W2142819099},
  pages = {2087--2112},
  title = {Parallel MCMC with generalized elliptical slice sampling},
  volume = {15},
  year = {2014}
}

@article{oentaryo2014detecting,
  author = {Oentaryo, Richard J. and Lim, Ee‐Peng and Finegold, Michael and Lo, David and Zhu, Feida and Phua, Clifton and Cheu, Eng-Yeow and Yap, Ghim-Eng and Sim, Kelvin and Nguyen, Minh Nhut and Perera, Kasun S. and Neupane, Bijay and Faisal, Mustafa Amir and Aung, Zeyar and Woon, Wei Lee and Chen, Wei and Patel, Dhaval and Berrar, Daniel},
  journal = {Journal of Machine Learning Research},
  note = {\url{http://jmlr.org/papers/v15/oentaryo14a.html}},
  number = {3},
  openalex = {W2148086182},
  pages = {99--140},
  title = {Detecting click fraud in online advertising: a data mining approach},
  volume = {15},
  year = {2014}
}

@article{osting2014optimal,
  author = {Osting, Braxton and Brüne, Christoph and Osher, Stanley},
  journal = {Journal of Machine Learning Research},
  note = {\url{http://jmlr.org/papers/v15/osting14a.html}},
  number = {85},
  openalex = {W1884597034},
  pages = {2981--3012},
  title = {Optimal data collection for informative rankings expose well-connected graphs},
  volume = {15},
  year = {2014}
}

@article{pang2014fastclime,
  author = {Pang, Haotian and Liu, Han and V, Robert and erbei},
  journal = {Journal of Machine Learning Research},
  note = {\url{http://jmlr.org/papers/v15/pang14a.html}},
  number = {14},
  pages = {489--493},
  title = {The fastclime package for linear programming and large-scale precision matrix estimation in R},
  volume = {15},
  year = {2014}
}

@article{peters2014causal,
  author = {Peters, Jonas and Mooij, Joris M. and Janzing, Dominik and Schölkopf, Bernhard},
  journal = {Journal of Machine Learning Research},
  note = {\url{http://jmlr.org/papers/v15/peters14a.html}},
  number = {58},
  openalex = {W2132547334},
  pages = {2009--2053},
  title = {Causal discovery with continuous additive noise models},
  volume = {15},
  year = {2014}
}

@article{raskutti2014early,
  author = {Raskutti, Garvesh and Wainwright, Martin J. and Yu, Bin},
  journal = {Journal of Machine Learning Research},
  note = {\url{http://jmlr.org/papers/v15/raskutti14a.html}},
  number = {11},
  openalex = {W1869625623},
  pages = {335--366},
  title = {Early stopping and non-parametric regression: an optimal data-dependent stopping rule},
  volume = {15},
  year = {2014}
}

@article{reece2014efficient,
  author = {Reece, Steven and Ghosh, Siddhartha and Rogers, Alex and Roberts, Stephen and Jennings, Nicholas R.},
  journal = {Journal of Machine Learning Research},
  note = {\url{http://jmlr.org/papers/v15/reece14a.html}},
  number = {68},
  openalex = {W2117146921},
  pages = {2337--2397},
  title = {Efficient state-space inference of periodic latent force models},
  volume = {15},
  year = {2014}
}

@article{richard2014link,
  author = {Richard, Émile and Gaïffas, Stéphane and Vayatis, Nicolas},
  journal = {Journal of Machine Learning Research},
  note = {\url{http://jmlr.org/papers/v15/richard14a.html}},
  number = {18},
  openalex = {W2580322410},
  pages = {565--593},
  title = {Link prediction in graphs with autoregressive features},
  volume = {15},
  year = {2014}
}

@article{rooij2014follow,
  author = {Rooij, Steven de and Erven, Tim van and Grünwald, Peter and Koolen, Wouter M.},
  journal = {Journal of Machine Learning Research},
  note = {\url{http://jmlr.org/papers/v15/rooij14a.html}},
  number = {37},
  openalex = {W2149107760},
  pages = {1281--1316},
  title = {Follow the Leader If You Can, Hedge If You Must},
  volume = {15},
  year = {2014}
}

@article{ruiz2014bayesian,
  author = {Ruiz, Francisco J. R. and Valera, Isabel and Blanco, Carlos and Pérez‐Cruz, Fernando},
  journal = {Journal of Machine Learning Research},
  note = {\url{http://jmlr.org/papers/v15/ruiz14a.html}},
  number = {35},
  openalex = {W2115976142},
  pages = {1215--1247},
  title = {Bayesian nonparametric comorbidity analysis of psychiatric disorders},
  volume = {15},
  year = {2014}
}

@article{saberian2014boosting,
  author = {Saberian, Mohammad and Vasconcelos, Nuno},
  journal = {Journal of Machine Learning Research},
  note = {\url{http://jmlr.org/papers/v15/saberian14a.html}},
  number = {74},
  openalex = {W2101217650},
  pages = {2569--2605},
  title = {Boosting algorithms for detector cascade learning},
  volume = {15},
  year = {2014}
}

@article{shah2014random,
  author = {Shah, Rajen Dinesh and Meinshausen, Nicolai},
  journal = {Journal of Machine Learning Research},
  note = {\url{http://jmlr.org/papers/v15/shah14a.html}},
  number = {20},
  pages = {629--654},
  title = {Random Intersection Trees},
  volume = {15},
  year = {2014}
}

@article{shamir2014matrix,
  author = {Shamir, Ohad and Shalev‐Shwartz, Shai},
  journal = {Journal of Machine Learning Research},
  note = {\url{http://jmlr.org/papers/v15/shamir14a.html}},
  number = {98},
  openalex = {W2104404561},
  pages = {3401--3423},
  title = {Matrix completion with the trace norm: learning, bounding, and transducing},
  volume = {15},
  year = {2014}
}

@article{sheikh2014truncated,
  author = {Sheikh, Abdul-Saboor and Shelton, Jacquelyn A. and Lücke, Jörg},
  journal = {Journal of Machine Learning Research},
  note = {\url{http://jmlr.org/papers/v15/sheikh14a.html}},
  number = {77},
  openalex = {W2141522908},
  pages = {2653--2687},
  title = {A truncated EM approach for spike-and-slab sparse coding},
  volume = {15},
  year = {2014}
}

@article{shimizu2014bayesian,
  author = {Shimizu, Shohei and Bollen, Kenneth A.},
  journal = {Journal of Machine Learning Research},
  note = {\url{http://jmlr.org/papers/v15/shimizu14a.html}},
  number = {76},
  openalex = {W2143372885},
  pages = {2629--2652},
  title = {Bayesian Estimation of Causal Direction in Acyclic Structural Equation Models with Individual-specific Confounder Variables and Non-Gaussian Distributions.},
  volume = {15},
  year = {2014}
}

@article{slivkins2014contextual,
  author = {Slivkins, Aleksandrs},
  journal = {Journal of Machine Learning Research},
  note = {\url{http://jmlr.org/papers/v15/slivkins14a.html}},
  number = {73},
  openalex = {W2148434045},
  pages = {2533--2568},
  title = {Contextual bandits with similarity information},
  volume = {15},
  year = {2014}
}

@article{sprekeler2014extension,
  author = {Sprekeler, Henning and Zito, Tiziano and Wiskott, Laurenz},
  journal = {Journal of Machine Learning Research},
  note = {\url{http://jmlr.org/papers/v15/sprekeler14a.html}},
  number = {26},
  openalex = {W2169314529},
  pages = {921--947},
  title = {An extension of slow feature analysis for nonlinear blind source separation},
  volume = {15},
  year = {2014}
}

@article{srivastava2014dropout,
  author = {Srivastava, Nitish and Hinton, Geoffrey E. and Krizhevsky, Alex and Sutskever, Ilya and Salakhutdinov, Ruslan},
  journal = {Journal of Machine Learning Research},
  note = {\url{http://jmlr.org/papers/v15/srivastava14a.html}},
  number = {56},
  openalex = {W2095705004},
  pages = {1929--1958},
  title = {Dropout: a simple way to prevent neural networks from overfitting},
  volume = {15},
  year = {2014}
}

@article{srivastava2014multimodal,
  author = {Srivastava, Nitish and Salakhutdinov, Ruslan},
  journal = {Journal of Machine Learning Research},
  note = {\url{http://jmlr.org/papers/v15/srivastava14b.html}},
  number = {84},
  openalex = {W2164587673},
  pages = {2949--2980},
  title = {Multimodal Learning with Deep Boltzmann Machines},
  volume = {15},
  year = {2014}
}

@article{staedler2014pattern,
  author = {Städler, Nicolas and Stekhoven, Daniel J. and Bühlmann, Peter},
  journal = {Journal of Machine Learning Research},
  note = {\url{http://jmlr.org/papers/v15/staedler14a.html}},
  number = {55},
  openalex = {W2152589362},
  pages = {1903--1928},
  title = {Pattern alternating maximization algorithm for missing data in high-dimensional problems},
  volume = {15},
  year = {2014}
}

@article{szabo2014information,
  author = {Szabó, Zoltán},
  journal = {Journal of Machine Learning Research},
  note = {\url{http://jmlr.org/papers/v15/szabo14a.html}},
  number = {9},
  openalex = {W1522345630},
  pages = {283--287},
  title = {Information Theoretical Estimators Toolbox},
  volume = {15},
  year = {2014}
}

@article{tan2014learning,
  author = {Tan, Kean Ming and London, Palma and Mohan, Karthik and Lee, Su‐In and Fazel, Maryam and Witten, Daniela},
  journal = {Journal of Machine Learning Research},
  note = {\url{http://jmlr.org/papers/v15/tan14b.html}},
  number = {95},
  openalex = {W2951608831},
  pages = {3297--3331},
  title = {Learning Graphical Models With Hubs},
  volume = {15},
  year = {2014}
}

@article{tan2014towards,
  author = {Tan, Mingkui and Tsang, Ivor W. and Wang, Li},
  journal = {Journal of Machine Learning Research},
  note = {\url{http://jmlr.org/papers/v15/tan14a.html}},
  number = {40},
  openalex = {W2131101925},
  pages = {1371--1429},
  title = {Towards ultrahigh dimensional feature selection for big data},
  volume = {15},
  year = {2014}
}

@article{tziortziotis2014cover,
  author = {Tziortziotis, Nikolaos and Dimitrakakis, Christos and Blekas, Konstantinos},
  journal = {Journal of Machine Learning Research},
  note = {\url{http://jmlr.org/papers/v15/tziortziotis14a.html}},
  number = {67},
  openalex = {W2105474305},
  pages = {2313--2335},
  title = {Cover tree Bayesian reinforcement learning},
  volume = {15},
  year = {2014}
}

@article{vandenoord2014student,
  author = {Oord, Aäron van den and Schrauwen, Benjamin},
  journal = {Journal of Machine Learning Research},
  note = {\url{http://jmlr.org/papers/v15/vandenoord14a.html}},
  number = {60},
  openalex = {W115742922},
  pages = {2061--2086},
  title = {The student-t mixture as a natural image patch prior with application to image compression},
  volume = {15},
  year = {2014}
}

@article{vandermaaten2014accelerating,
  author = {Maaten, Laurens van der},
  journal = {Journal of Machine Learning Research},
  note = {\url{http://jmlr.org/papers/v15/vandermaaten14a.html}},
  number = {93},
  openalex = {W1875842236},
  pages = {3221--3245},
  title = {Accelerating t-SNE using tree-based algorithms},
  volume = {15},
  year = {2014}
}

@article{vanlaarhoven2014axioms,
  author = {Laarhoven, Twan van and Marchiori, Elena},
  journal = {Journal of Machine Learning Research},
  note = {\url{http://jmlr.org/papers/v15/vanlaarhoven14a.html}},
  number = {6},
  openalex = {W2100985998},
  pages = {193--215},
  title = {Axioms for graph clustering quality functions},
  volume = {15},
  year = {2014}
}

@article{vanmoffaert2014multi,
  author = {Moffaert, Kristof Van and Nowé, Ann},
  journal = {Journal of Machine Learning Research},
  note = {\url{http://jmlr.org/papers/v15/vanmoffaert14a.html}},
  number = {107},
  openalex = {W2186820913},
  pages = {3663--3692},
  title = {Multi-objective reinforcement learning using sets of pareto dominating policies},
  volume = {15},
  year = {2014}
}

@article{vats2014junction,
  author = {Vats, Divyanshu and Nowak, Robert D.},
  journal = {Journal of Machine Learning Research},
  note = {\url{http://jmlr.org/papers/v15/vats14a.html}},
  number = {5},
  openalex = {W2162672359},
  pages = {147--191},
  title = {A junction tree framework for undirected graphical model selection},
  volume = {15},
  year = {2014}
}

@article{volkovs2014new,
  author = {Volkovs, Maksims and Zemel, Richard S.},
  journal = {Journal of Machine Learning Research},
  note = {\url{http://jmlr.org/papers/v15/volkovs14a.html}},
  number = {33},
  openalex = {W2103850933},
  pages = {1135--1176},
  title = {New learning methods for supervised and unsupervised preference aggregation},
  volume = {15},
  year = {2014}
}

@article{vonluxburg2014hitting,
  author = {Luxburg, Ulrike von and Radl, Agnes and Hein, Matthias},
  journal = {Journal of Machine Learning Research},
  note = {\url{http://jmlr.org/papers/v15/vonluxburg14a.html}},
  number = {52},
  openalex = {W2143724577},
  pages = {1751--1798},
  title = {Hitting and commute times in large random neighborhood graphs},
  volume = {15},
  year = {2014}
}

@article{wade2014improving,
  author = {Wade, Sara and Dunson, David B. and Petrone, Sonia and Trippa, Lorenzo},
  journal = {Journal of Machine Learning Research},
  note = {\url{http://jmlr.org/papers/v15/wade14a.html}},
  number = {30},
  openalex = {W2128823902},
  pages = {1041--1071},
  title = {Improving prediction from dirichlet process mixtures via enrichment},
  volume = {15},
  year = {2014}
}

@article{waegeman2014optimality,
  author = {Waegeman, Willem and Dembczyńki, Krzysztof and Jachnik, Arkadiusz and Cheng, Weiwei and Hüllermeier, Eyke},
  journal = {Journal of Machine Learning Research},
  note = {\url{http://jmlr.org/papers/v15/waegeman14a.html}},
  number = {103},
  openalex = {W1864426711},
  pages = {3513--3568},
  title = {On the bayes-optimality of F-measure maximizers},
  volume = {15},
  year = {2014}
}

@article{wager2014confidence,
  author = {Wager, Stefan and Hastie, Trevor and Efron, Bradley},
  journal = {Journal of Machine Learning Research},
  note = {\url{http://jmlr.org/papers/v15/wager14a.html}},
  number = {48},
  openalex = {W4302799641},
  pages = {1625--1651},
  title = {Confidence Intervals for Random Forests: The Jackknife and the Infinitesimal Jackknife},
  volume = {15},
  year = {2014}
}

@article{wand2014fully,
  author = {W, Matt P.},
  journal = {Journal of Machine Learning Research},
  note = {\url{http://jmlr.org/papers/v15/wand14a.html}},
  number = {39},
  pages = {1351--1369},
  title = {Fully simplified multivariate normal updates in non-conjugate variational message passing},
  volume = {15},
  year = {2014}
}

@article{wang2014adaptive,
  author = {Wang, Zhan and Paterlini, Sandra and Gao, Fuchang and Yang, Yuhong},
  journal = {Journal of Machine Learning Research},
  note = {\url{http://jmlr.org/papers/v15/wang14b.html}},
  number = {50},
  pages = {1675--1711},
  title = {Adaptive Minimax Regression Estimation over Sparse ℓ_q-Hulls},
  volume = {15},
  year = {2014}
}

@article{wang2014iteration,
  author = {Wang, Po-Wei and Lin, Chih‐Jen},
  journal = {Journal of Machine Learning Research},
  note = {\url{http://jmlr.org/papers/v15/wang14a.html}},
  number = {45},
  openalex = {W2117669906},
  pages = {1523--1548},
  title = {Iteration complexity of feasible descent methods for convex optimization},
  volume = {15},
  year = {2014}
}

@article{wierstra2014natural,
  author = {Wierstra, Daan and Schaul, Tom and Glasmachers, Tobias and Sun, Yi and Peters, Jan and Schmidhuber, Jürgen},
  journal = {Journal of Machine Learning Research},
  note = {\url{http://jmlr.org/papers/v15/wierstra14a.html}},
  number = {27},
  openalex = {W2151965738},
  pages = {949--980},
  title = {Natural evolution strategies},
  volume = {15},
  year = {2014}
}

@article{wilson2014using,
  author = {Wilson, Aaron and Fern, Alan and Tadepalli, Prasad},
  journal = {Journal of Machine Learning Research},
  note = {\url{http://jmlr.org/papers/v15/wilson14a.html}},
  number = {8},
  openalex = {W2145957964},
  pages = {253--282},
  title = {Using trajectory data to improve bayesian optimization for reinforcement learning},
  volume = {15},
  year = {2014}
}

@article{wipf2014revisiting,
  author = {Wipf, David and Zhang, Haichao},
  journal = {Journal of Machine Learning Research},
  note = {\url{http://jmlr.org/papers/v15/wipf14a.html}},
  number = {111},
  openalex = {W2140824929},
  pages = {3775--3814},
  title = {Revisiting Bayesian blind deconvolution},
  volume = {15},
  year = {2014}
}

@article{wu2014bayesian,
  author = {Wu, Jiaxiang and Cheng, Jian},
  journal = {Journal of Machine Learning Research},
  note = {\url{http://jmlr.org/papers/v15/wu14a.html}},
  number = {86},
  openalex = {W2098441879},
  pages = {3013--3036},
  title = {Bayesian Co-Boosting for Multi-modal Gesture Recognition},
  volume = {15},
  year = {2014}
}

@article{xu2014classifier,
  author = {Xu, Zhixiang and Kusner, Matt J. and Weinberger, Kilian Q. and Chen, Minmin and Chapelle, Olivier},
  journal = {Journal of Machine Learning Research},
  note = {\url{http://jmlr.org/papers/v15/xu14a.html}},
  number = {62},
  openalex = {W2128466927},
  pages = {2113--2144},
  title = {Classifier cascades and trees for minimizing feature evaluation cost},
  volume = {15},
  year = {2014}
}

@article{yamazaki2014asymptotic,
  author = {Yamazaki, Keisuke},
  journal = {Journal of Machine Learning Research},
  note = {\url{http://jmlr.org/papers/v15/yamazaki14a.html}},
  number = {109},
  openalex = {W2141674052},
  pages = {3721--3742},
  title = {Asymptotic accuracy of distribution-based estimation of latent variables},
  volume = {15},
  year = {2014}
}

@article{zhang2014novel,
  author = {Zhang, Teng and Lerman, Gilad},
  journal = {Journal of Machine Learning Research},
  note = {\url{http://jmlr.org/papers/v15/zhang14a.html}},
  number = {23},
  openalex = {W2099953425},
  pages = {749--808},
  title = {A Novel M-Estimator for Robust PCA},
  volume = {15},
  year = {2014}
}

@article{zhu2014bayesian,
  author = {Zhu, Jun and Chen, Ning and Xing, Eric P.},
  journal = {Journal of Machine Learning Research},
  note = {\url{http://jmlr.org/papers/v15/zhu14b.html}},
  number = {53},
  openalex = {W2963641944},
  pages = {1799--1847},
  title = {Bayesian inference with posterior regularization and applications to infinite latent SVMs},
  volume = {15},
  year = {2014}
}

@article{zhu2014gibbs,
  author = {Zhu, Jun and Chen, Ning and Perkins, Hugh and Zhang, Bo},
  journal = {Journal of Machine Learning Research},
  note = {\url{http://jmlr.org/papers/v15/zhu14a.html}},
  number = {31},
  openalex = {W2100931213},
  pages = {1073--1110},
  title = {Gibbs max-margin topic models with data augmentation},
  volume = {15},
  year = {2014}
}
