@article{addarioberry2015exceptional,
 author = {Addario-Berry, Louigi and Bhamidi, Shankar and Bubeck, Sébastien and Devroye, Luc and Lugosi, Gábor and Oliveira, Roberto Imbuzeiro},
 journal = {Journal of Machine Learning Research},
 note = {\url{http://jmlr.org/papers/v16/addarioberry15a.html}},
 number = {57},
 pages = {1893--1922},
 title = {Exceptional rotations of random graphs: a VC theory},
 volume = {16},
 year = {2015}
}

@article{ailon2015iterative,
 author = {Ailon, Nir and Chen, Yudong and Xu, Huan},
 journal = {Journal of Machine Learning Research},
 note = {\url{http://jmlr.org/papers/v16/ailon15a.html}},
 number = {14},
 pages = {455--490},
 title = {Iterative and active graph clustering using trace norm minimization without cluster size constraints},
 volume = {16},
 year = {2015}
}

@article{anandkumar2015when,
 author = {Anandkumar, Animashree and Hsu, Daniel and Janzamin, Majid and Kakade, Sham},
 journal = {Journal of Machine Learning Research},
 note = {\url{http://jmlr.org/papers/v16/anandkumar15a.html}},
 number = {82},
 pages = {2643--2694},
 title = {When are Overcomplete Topic Models Identifiable? Uniqueness of Tensor Tucker Decompositions with Structured Sparsity},
 volume = {16},
 year = {2015}
}

@article{aragam2015concave,
 author = {Aragam, Bryon and Zhou, Qing},
 journal = {Journal of Machine Learning Research},
 note = {\url{http://jmlr.org/papers/v16/aragam15a.html}},
 number = {69},
 pages = {2273--2328},
 title = {Concave Penalized Estimation of Sparse Gaussian Bayesian Networks},
 volume = {16},
 year = {2015}
}

@article{barbero2015geometric,
 author = {Barbero, Álvaro and Takeda, Akiko and López, Jorge},
 journal = {Journal of Machine Learning Research},
 note = {\url{http://jmlr.org/papers/v16/barbero15a.html}},
 number = {11},
 pages = {323--369},
 title = {Geometric intuition and algorithms for Ev-SVM},
 volume = {16},
 year = {2015}
}

@article{basu2015network,
 author = {Basu, Sumanta and Shojaie, Ali and Michailidis, George},
 journal = {Journal of Machine Learning Research},
 note = {\url{http://jmlr.org/papers/v16/basu15a.html}},
 number = {13},
 pages = {417--453},
 title = {Network Granger Causality with Inherent Grouping Structure},
 volume = {16},
 year = {2015}
}

@article{bellec2015sharp,
 author = {Bellec, Pierre C. and Tsybakov, Alexandre B.},
 journal = {Journal of Machine Learning Research},
 note = {\url{http://jmlr.org/papers/v16/bellec15a.html}},
 number = {56},
 pages = {1879--1892},
 title = {Sharp oracle bounds for monotone and convex regression through aggregation},
 volume = {16},
 year = {2015}
}

@article{berend2015finite,
 author = {Berend, Daniel and Kontorovich, Aryeh},
 journal = {Journal of Machine Learning Research},
 note = {\url{http://jmlr.org/papers/v16/berend15a.html}},
 number = {44},
 pages = {1519--1545},
 title = {A finite sample analysis of the Naive Bayes classifier},
 volume = {16},
 year = {2015}
}

@article{bernstein2015response,
 author = {Bernstein, Andrey and Shimkin, Nahum},
 journal = {Journal of Machine Learning Research},
 note = {\url{http://jmlr.org/papers/v16/bernstein15a.html}},
 number = {24},
 pages = {747--773},
 title = {Response-based approachability with applications to generalized no-regret problems},
 volume = {16},
 year = {2015}
}

@article{bontempi2015from,
 author = {Bontempi, Gianluca and Flauder, Maxime},
 journal = {Journal of Machine Learning Research},
 note = {\url{http://jmlr.org/papers/v16/bontempi15a.html}},
 number = {74},
 pages = {2437--2457},
 title = {From dependency to causality: a machine learning approach},
 volume = {16},
 year = {2015}
}

@article{bubenik2015statistical,
 author = {Bubenik, Peter},
 journal = {Journal of Machine Learning Research},
 note = {\url{http://jmlr.org/papers/v16/bubenik15a.html}},
 number = {3},
 pages = {77--102},
 title = {Statistical topological data analysis using persistence landscapes},
 volume = {16},
 year = {2015}
}

@article{cano2015classification,
 author = {Cano, Alberto and Luna, José María and Zafra, Amelia and Ventura, Sebastián},
 journal = {Journal of Machine Learning Research},
 note = {\url{http://jmlr.org/papers/v16/cano15a.html}},
 number = {15},
 pages = {491--494},
 title = {A classification module for genetic programming algorithms in JCLEC},
 volume = {16},
 year = {2015}
}

@article{carpentier2015adaptive,
 author = {Carpentier, Alexandra and Munos, Remi and Antos, András},
 journal = {Journal of Machine Learning Research},
 note = {\url{http://jmlr.org/papers/v16/carpentier15a.html}},
 number = {68},
 pages = {2231--2271},
 title = {Adaptive strategy for stratified Monte Carlo sampling},
 volume = {16},
 year = {2015}
}

@article{chazal2015convergence,
 author = {Chazal, Frédéric and Glisse, Marc and Labruère, Catherine and Michel, Bertrand},
 journal = {Journal of Machine Learning Research},
 note = {\url{http://jmlr.org/papers/v16/chazal15a.html}},
 number = {110},
 pages = {3603--3635},
 title = {Convergence Rates for Persistence Diagram Estimation in Topological Data Analysis},
 volume = {16},
 year = {2015}
}

@article{chen2015completing,
 author = {Chen, Yudong and Bhojanapalli, Srinadh and Sanghavi, Sujay and Ward, Rachel},
 journal = {Journal of Machine Learning Research},
 note = {\url{http://jmlr.org/papers/v16/chen15b.html}},
 number = {94},
 pages = {2999--3034},
 title = {Completing any low-rank matrix, provably},
 volume = {16},
 year = {2015}
}

@article{chen2015marginalizing,
 author = {Chen, Minmin and Weinberger, Kilian Q. and Xu, Zhixiang (Eddie) and Sha, Fei},
 journal = {Journal of Machine Learning Research},
 note = {\url{http://jmlr.org/papers/v16/chen15c.html}},
 number = {116},
 pages = {3849--3875},
 title = {Marginalizing stacked linear denoising autoencoders},
 volume = {16},
 year = {2015}
}

@article{chen2015statistical,
 author = {Chen, Xi and Lin, Qihang and Zhou, Dengyong},
 journal = {Journal of Machine Learning Research},
 note = {\url{http://jmlr.org/papers/v16/chen15a.html}},
 number = {1},
 pages = {1--46},
 title = {Statistical Decision Making for Optimal Budget Allocation in Crowd Labeling},
 volume = {16},
 year = {2015}
}

@article{cunningham2015linear,
 author = {Cunningham, John P. and Ghahramani, Zoubin},
 journal = {Journal of Machine Learning Research},
 note = {\url{http://jmlr.org/papers/v16/cunningham15a.html}},
 number = {89},
 pages = {2859--2900},
 title = {Linear Dimensionality Reduction: Survey, Insights, and Generalizations},
 volume = {16},
 year = {2015}
}

@article{curtin2015plug,
 author = {Curtin, Ryan R. and Lee, Dongryeol and March, William B. and Ram, Parikshit},
 journal = {Journal of Machine Learning Research},
 note = {\url{http://jmlr.org/papers/v16/curtin15a.html}},
 number = {101},
 pages = {3269--3297},
 title = {Plug-and-play dual-tree algorithm runtime analysis},
 volume = {16},
 year = {2015}
}

@article{daniely2015multiclass,
 author = {Daniely, Amit and Sabato, Sivan and Ben-David, Shai and Shalev-Shwartz, Shai},
 journal = {Journal of Machine Learning Research},
 note = {\url{http://jmlr.org/papers/v16/daniely15a.html}},
 number = {72},
 pages = {2377--2404},
 title = {Multiclass Learnability and the ERM principle.},
 volume = {16},
 year = {2015}
}

@article{dasilva2015evolving,
 author = {da Silva, Cleomar Pereira and Dias, Douglas Mota and Bentes, Cristiana and Pacheco, Marco Aurélio Cavalcanti and Fontoura Cupertino, Leandro},
 journal = {Journal of Machine Learning Research},
 note = {\url{http://jmlr.org/papers/v16/dasilva15a.html}},
 number = {22},
 pages = {673--712},
 title = {Evolving GPU Machine Code},
 volume = {16},
 year = {2015}
}

@article{dhillon2015eigenwords,
 author = {Dhillon, Paramveer S. and Foster, Dean P. and Ungar, Lyle H.},
 journal = {Journal of Machine Learning Research},
 note = {\url{http://jmlr.org/papers/v16/dhillon15a.html}},
 number = {95},
 pages = {3035--3078},
 title = {Eigenwords: spectral word embeddings},
 volume = {16},
 year = {2015}
}

@article{fearnley2015learning,
 author = {Fearnley, John and Gairing, Martin and Goldberg, Paul W. and Savani, Rahul},
 journal = {Journal of Machine Learning Research},
 note = {\url{http://jmlr.org/papers/v16/fearnley15a.html}},
 number = {39},
 pages = {1305--1344},
 title = {Learning equilibria of games via payoff queries},
 volume = {16},
 year = {2015}
}

@article{feldman2015agnostic,
 author = {Feldman, Vitaly and Kothari, Pravesh},
 journal = {Journal of Machine Learning Research},
 note = {\url{http://jmlr.org/papers/v16/feldman15a.html}},
 number = {106},
 pages = {3455--3467},
 title = {Agnostic Learning of Disjunctions on Symmetric Distributions},
 volume = {16},
 year = {2015}
}

@article{feng2015learning,
 author = {Feng, Yunlong and Huang, Xiaolin and Shi, Lei and Yang, Yuning and Suykens, Johan A.K.},
 journal = {Journal of Machine Learning Research},
 note = {\url{http://jmlr.org/papers/v16/feng15a.html}},
 number = {30},
 pages = {993--1034},
 title = {Learning with the maximum correntropy criterion induced losses for regression},
 volume = {16},
 year = {2015}
}

@article{fox2015bayesian,
 author = {Fox, Emily B. and Dunson, David B.},
 journal = {Journal of Machine Learning Research},
 note = {\url{http://jmlr.org/papers/v16/fox15a.html}},
 number = {77},
 pages = {2501--2542},
 title = {Bayesian nonparametric covariance regression},
 volume = {16},
 year = {2015}
}

@article{gammerman2015alexey,
 author = {Gammerman, Alex and Vovk, Vladimir},
 journal = {Journal of Machine Learning Research},
 note = {\url{http://jmlr.org/papers/v16/gammerman15b.html}},
 number = {62},
 pages = {2051--2066},
 title = {Alexey Chervonenkis's bibliography: introductory comments},
 volume = {16},
 year = {2015}
}

@article{gammerman2015alexey2,
 author = {Gammerman, Alex and Vovk, Vladimir},
 journal = {Journal of Machine Learning Research},
 note = {\url{http://jmlr.org/papers/v16/gammerman15c.html}},
 number = {63},
 pages = {2067--2080},
 title = {Alexey Chervonenkis's bibliography},
 volume = {16},
 year = {2015}
}

@article{gammerman2015preface,
 author = {Gammerman, Alex and Vovk, Vladimir},
 journal = {Journal of Machine Learning Research},
 note = {\url{http://jmlr.org/papers/v16/gammerman15a.html}},
 number = {50},
 pages = {1677--1681},
 title = {Preface to the special issue},
 volume = {16},
 year = {2015}
}

@article{garcia2015comprehensive,
 author = {García, Javier and Fernández, Fernando},
 journal = {Journal of Machine Learning Research},
 note = {\url{http://jmlr.org/papers/v16/garcia15a.html}},
 number = {42},
 pages = {1437--1480},
 title = {A comprehensive survey on safe reinforcement learning},
 volume = {16},
 year = {2015}
}

@article{geramifard2015rlpy,
 author = {Geramifard, Alborz and Dann, Christoph and Klein, Robert H. and Dabney, William and How, Jonathan P.},
 journal = {Journal of Machine Learning Research},
 note = {\url{http://jmlr.org/papers/v16/geramifard15a.html}},
 number = {46},
 pages = {1573--1578},
 title = {RLPy: a value-function-based reinforcement learning framework for education and research},
 volume = {16},
 year = {2015}
}

@article{germain2015risk,
 author = {Germain, Pascal and Lacasse, Alexandre and Laviolette, Francois and March, Mario and Roy, Jean-Francis},
 journal = {Journal of Machine Learning Research},
 note = {\url{http://jmlr.org/papers/v16/germain15a.html}},
 number = {26},
 pages = {787--860},
 title = {Risk bounds for the majority vote: from a PAC-Bayesian analysis to a learning algorithm},
 volume = {16},
 year = {2015}
}

@article{gyorfi2015asymptotic,
 author = {Györfi, László and Walk, Harro},
 journal = {Journal of Machine Learning Research},
 note = {\url{http://jmlr.org/papers/v16/gyorfi15a.html}},
 number = {55},
 pages = {1863--1877},
 title = {On the asymptotic normality of an estimate of a regression functional},
 volume = {16},
 year = {2015}
}

@article{han2015direct,
 author = {Han, Fang and Lu, Huanran and Liu, Han},
 journal = {Journal of Machine Learning Research},
 note = {\url{http://jmlr.org/papers/v16/han15a.html}},
 number = {97},
 pages = {3115--3150},
 title = {A Direct Estimation of High Dimensional Stationary Vector Autoregressions},
 volume = {16},
 year = {2015}
}

@article{hanneke2015minimax,
 author = {Hanneke, Steve and Yang, Liu},
 journal = {Journal of Machine Learning Research},
 note = {\url{http://jmlr.org/papers/v16/hanneke15a.html}},
 number = {109},
 pages = {3487--3602},
 title = {Minimax analysis of active learning},
 volume = {16},
 year = {2015}
}

@article{hastie2015matrix,
 author = {Hastie, Trevor and Mazumder, Rahul and Lee, Jason D. and Zadeh, Reza},
 journal = {Journal of Machine Learning Research},
 note = {\url{http://jmlr.org/papers/v16/hastie15a.html}},
 number = {104},
 pages = {3367--3402},
 title = {Matrix Completion and Low-Rank SVD via Fast Alternating Least Squares},
 volume = {16},
 year = {2015}
}

@article{he2015counting,
 author = {He, Yangbo and Jia, Jinzhu and Yu, Bin},
 journal = {Journal of Machine Learning Research},
 note = {\url{http://jmlr.org/papers/v16/he15a.html}},
 number = {79},
 pages = {2589--2609},
 title = {Counting and exploring sizes of Markov equivalence classes of directed acyclic graphs},
 volume = {16},
 year = {2015}
}

@article{heaton2015encog,
 author = {Heaton, Jeff},
 journal = {Journal of Machine Learning Research},
 note = {\url{http://jmlr.org/papers/v16/heaton15a.html}},
 number = {36},
 pages = {1243--1247},
 title = {Encog: Library of Interchangeable Machine Learning Models for Java and C#},
 volume = {16},
 year = {2015}
}

@article{helmbold2015inductive,
 author = {Helmbold, David P. and Long, Philip M.},
 journal = {Journal of Machine Learning Research},
 note = {\url{http://jmlr.org/papers/v16/helmbold15a.html}},
 number = {105},
 pages = {3403--3454},
 title = {On the inductive bias of dropout},
 volume = {16},
 year = {2015}
}

@article{herbster2015predicting,
 author = {Herbster, Mark and Pasteris, Stephen and Pontil, Massimiliano},
 journal = {Journal of Machine Learning Research},
 note = {\url{http://jmlr.org/papers/v16/herbster15a.html}},
 number = {60},
 pages = {2003--2022},
 title = {Predicting a switching sequence of graph labelings},
 volume = {16},
 year = {2015}
}

@article{hermans2015photonic,
 author = {Hermans, Michiel and Soriano, Miguel C. and Dambre, Joni and Bienstman, Peter and Fischer, Ingo},
 journal = {Journal of Machine Learning Research},
 note = {\url{http://jmlr.org/papers/v16/hermans15a.html}},
 number = {64},
 pages = {2081--2097},
 title = {Photonic Delay Systems as Machine Learning Implementations},
 volume = {16},
 year = {2015}
}

@article{honda2015non,
 author = {Honda, Junya and Takemura, Akimichi},
 journal = {Journal of Machine Learning Research},
 note = {\url{http://jmlr.org/papers/v16/honda15a.html}},
 number = {113},
 pages = {3721--3756},
 title = {Non-asymptotic analysis of a new bandit algorithm for semi-bounded rewards},
 volume = {16},
 year = {2015}
}

@article{honorio2015learning,
 author = {Honorio, Jean and Ortiz, Luis},
 journal = {Journal of Machine Learning Research},
 note = {\url{http://jmlr.org/papers/v16/honorio15a.html}},
 number = {34},
 pages = {1157--1210},
 title = {Learning the Structure and Parameters of Large-Population Graphical Games from Behavioral Data},
 volume = {16},
 year = {2015}
}

@article{horta2015comparing,
 author = {Horta, Danilo and Campello, Ricardo J.G.B.},
 journal = {Journal of Machine Learning Research},
 note = {\url{http://jmlr.org/papers/v16/horta15a.html}},
 number = {93},
 pages = {2949--2997},
 title = {Comparing hard and overlapping clusterings},
 volume = {16},
 year = {2015}
}

@article{hothorn2015partykit,
 author = {Hothorn, Torsten and Zeileis, Achim},
 journal = {Journal of Machine Learning Research},
 note = {\url{http://jmlr.org/papers/v16/hothorn15a.html}},
 number = {118},
 pages = {3905--3909},
 title = {partykit: A Modular Toolkit for Recursive Partitioning in R},
 volume = {16},
 year = {2015}
}

@article{huang2015online,
 author = {Huang, Furong and Niranjan, U. N. and Hakeem, Mohammad Umar and An, Animashree and kumar, },
 journal = {Journal of Machine Learning Research},
 note = {\url{http://jmlr.org/papers/v16/huang15a.html}},
 number = {86},
 pages = {2797--2835},
 title = {Online tensor methods for learning latent variable models},
 volume = {16},
 year = {2015}
}

@article{janzing2015semi,
 author = {Janzing, Dominik and Schölkopf, Bernhard},
 journal = {Journal of Machine Learning Research},
 note = {\url{http://jmlr.org/papers/v16/janzing15a.html}},
 number = {58},
 pages = {1923--1948},
 title = {Semi-supervised interpolation in an anticausal learning scenario},
 volume = {16},
 year = {2015}
}

@article{jawanpuria2015generalized,
 author = {Jawanpuria, Pratik and Nath, Jagarlapudi Saketha and Ramakrishnan, Ganesh},
 journal = {Journal of Machine Learning Research},
 note = {\url{http://jmlr.org/papers/v16/jawanpuria15a.html}},
 number = {20},
 pages = {617--652},
 title = {Generalized hierarchical kernel learning},
 volume = {16},
 year = {2015}
}

@article{jiang2015multi,
 author = {Jiang, Feng and Zhang, Shengping and Wu, Shen and Gao, Yang and Zhao, Debin},
 journal = {Journal of Machine Learning Research},
 note = {\url{http://jmlr.org/papers/v16/jiang15a.html}},
 number = {8},
 pages = {227--254},
 title = {Multi-layered gesture recognition with Kinect},
 volume = {16},
 year = {2015}
}

@article{jorgensen2015discrete,
 author = {Jorgensen, Palle and Tian, Feng},
 journal = {Journal of Machine Learning Research},
 note = {\url{http://jmlr.org/papers/v16/jorgensen15a.html}},
 number = {96},
 pages = {3079--3114},
 title = {Discrete reproducing kernel Hilbert spaces: Sampling and distribution of Dirac-masses},
 volume = {16},
 year = {2015}
}

@article{kiraly2015algebraic,
 author = {Király, Franz J. and Theran, Louis and Tomioka, Ryota},
 journal = {Journal of Machine Learning Research},
 note = {\url{http://jmlr.org/papers/v16/kiraly15a.html}},
 number = {41},
 pages = {1391--1436},
 title = {The Algebraic Combinatorial Approach for Low-Rank Matrix Completion},
 volume = {16},
 year = {2015}
}

@article{kirichenko2015optimality,
 author = {Kirichenko, Alisa and van Zanten, Harry},
 journal = {Journal of Machine Learning Research},
 note = {\url{http://jmlr.org/papers/v16/kirichenko15a.html}},
 number = {91},
 pages = {2909--2919},
 title = {Optimality of Poisson processes intensity learning with Gaussian processes},
 volume = {16},
 year = {2015}
}

@article{koltchinskii2015optimal,
 author = {Koltchinskii, Vladimir and Xia, Dong},
 journal = {Journal of Machine Learning Research},
 note = {\url{http://jmlr.org/papers/v16/koltchinskii15a.html}},
 number = {53},
 pages = {1757--1792},
 title = {Optimal estimation of low rank density matrices},
 volume = {16},
 year = {2015}
}

@article{krueger2015fast,
 author = {Krueger, Tammo and Panknin, Danny and Braun, Mikio},
 journal = {Journal of Machine Learning Research},
 note = {\url{http://jmlr.org/papers/v16/krueger15a.html}},
 number = {33},
 pages = {1103--1155},
 title = {Fast Cross-Validation via Sequential Testing},
 volume = {16},
 year = {2015}
}

@article{lee2015joint,
 author = {Lee, Wonyul and Liu, Yufeng},
 journal = {Journal of Machine Learning Research},
 note = {\url{http://jmlr.org/papers/v16/lee15a.html}},
 number = {31},
 pages = {1035--1062},
 title = {Joint Estimation of Multiple Precision Matrices with Common Structures.},
 volume = {16},
 year = {2015}
}

@article{li2015combination,
 author = {Li, Chun-Liang and Su, Yu-Chuan and Lin, Ting-Wei and Tsai, Cheng-Hao and Chang, Wei-Cheng and Huang, Kuan-Hao and Kuo, Tzu-Ming and Lin, Shan-Wei and Lin, Young-San and Lu, Yu-Chen and Yang, Chun-Pai and Chang, Cheng-Xia and Chin, Wei-Sheng and Juan, Yu-Chin and Tung, Hsiao-Yu and Wang, Jui-Pin and Wei, Cheng-Kuang and Wu, Felix and Yin, Tu-Chun and Yu, Tong and Zhuang, Yong and Lin, Shou-de and Lin, Hsuan-Tien and Lin, Chih-Jen},
 journal = {Journal of Machine Learning Research},
 note = {\url{http://jmlr.org/papers/v16/li15b.html}},
 number = {92},
 pages = {2921--2947},
 title = {Combination of feature engineering and ranking models for paper-author identification in KDD Cup 2013},
 volume = {16},
 year = {2015}
}

@article{li2015flare,
 author = {Li, Xingguo and Zhao, Tuo and Yuan, Xiaoming and Liu, Han},
 journal = {Journal of Machine Learning Research},
 note = {\url{http://jmlr.org/papers/v16/li15a.html}},
 number = {18},
 pages = {553--557},
 title = {The flare package for high dimensional linear regression and precision matrix estimation in R},
 volume = {16},
 year = {2015}
}

@article{lin2015learning,
 author = {Lin, Junhong and Zhou, Ding-Xuan},
 journal = {Journal of Machine Learning Research},
 note = {\url{http://jmlr.org/papers/v16/lin15a.html}},
 number = {103},
 pages = {3341--3365},
 title = {Learning theory of randomized Kaczmarz algorithm},
 volume = {16},
 year = {2015}
}

@article{lin2015supervised,
 author = {Lin, Tong and Xue, Hanlin and Wang, Ling and Huang, Bo and Zha, Hongbin},
 journal = {Journal of Machine Learning Research},
 note = {\url{http://jmlr.org/papers/v16/lin15b.html}},
 number = {111},
 pages = {3637--3686},
 title = {Supervised learning via Euler's Elastica models},
 volume = {16},
 year = {2015}
}

@article{liu2015asynchronous,
 author = {Liu, Ji and Wright, Stephen J. and Ré, Christopher and Bittorf, Victor and Sridhar, Srikrishna},
 journal = {Journal of Machine Learning Research},
 note = {\url{http://jmlr.org/papers/v16/liu15a.html}},
 number = {10},
 pages = {285--322},
 title = {An asynchronous parallel stochastic coordinate descent algorithm},
 volume = {16},
 year = {2015}
}

@article{liu2015calibrated,
 author = {Liu, Han and Wang, Lie and Zhao, Tuo},
 journal = {Journal of Machine Learning Research},
 note = {\url{http://jmlr.org/papers/v16/liu15b.html}},
 number = {47},
 pages = {1579--1606},
 title = {Calibrated Multivariate Regression with Application to Neural Semantic Basis Discovery},
 volume = {16},
 year = {2015}
}

@article{loh2015regularized,
 author = {Loh, Po-Ling and Wainwright, Martin J.},
 journal = {Journal of Machine Learning Research},
 note = {\url{http://jmlr.org/papers/v16/loh15a.html}},
 number = {19},
 pages = {559--616},
 title = {Regularized M-estimators with nonconvexity: statistical and algorithmic theory for local optima},
 volume = {16},
 year = {2015}
}

@article{lopezpaz2015randomized,
 author = {Lopez-Paz, David and Mu, Krikamol and et al. and Recht, Benjamin},
 journal = {Journal of Machine Learning Research},
 note = {\url{http://jmlr.org/papers/v16/lopezpaz15a.html}},
 number = {90},
 pages = {2901--2907},
 title = {The Randomized Causation Coefficient},
 volume = {16},
 year = {2015}
}

@article{lowd2015libra,
 author = {Lowd, Daniel and Rooshenas, Amirmohammad},
 journal = {Journal of Machine Learning Research},
 note = {\url{http://jmlr.org/papers/v16/lowd15a.html}},
 number = {75},
 pages = {2459--2463},
 title = {The Libra Toolkit for Probabilistic Models},
 volume = {16},
 year = {2015}
}

@article{ma2015statistical,
 author = {Ma, Ping and Mahoney, Michael W. and Yu, Bin},
 journal = {Journal of Machine Learning Research},
 note = {\url{http://jmlr.org/papers/v16/ma15a.html}},
 number = {27},
 pages = {861--911},
 title = {A Statistical Perspective on Algorithmic Leveraging},
 volume = {16},
 year = {2015}
}

@article{mackey2015distributed,
 author = {Mackey, Lester and Talwalkar, Ameet and Jordan, Michael I.},
 journal = {Journal of Machine Learning Research},
 note = {\url{http://jmlr.org/papers/v16/mackey15a.html}},
 number = {28},
 pages = {913--960},
 title = {Distributed matrix completion and robust factorization},
 volume = {16},
 year = {2015}
}

@article{martins2015ad3,
 author = {Martins, André F. T. and Figueiredo, Mário A. T. and Aguiar, Pedro M. Q. and Smith, Noah A. and Xing, Eric P.},
 journal = {Journal of Machine Learning Research},
 note = {\url{http://jmlr.org/papers/v16/martins15a.html}},
 number = {16},
 pages = {495--545},
 title = {AD3: Alternating Directions Dual Decomposition for MAP Inference in Graphical Models},
 volume = {16},
 year = {2015}
}

@article{marusic2015complexity,
 author = {Marusic, Ines and Worrell, James},
 journal = {Journal of Machine Learning Research},
 note = {\url{http://jmlr.org/papers/v16/marusic15a.html}},
 number = {76},
 pages = {2465--2500},
 title = {Complexity of Equivalence and Learning for Multiplicity Tree Automata},
 volume = {16},
 year = {2015}
}

@article{masnadi2015view,
 author = {Masnadi-Shirazi, Hamed and Vasconcelos, Nuno},
 journal = {Journal of Machine Learning Research},
 note = {\url{http://jmlr.org/papers/v16/masnadi15a.html}},
 number = {85},
 pages = {2751--2795},
 title = {A view of margin losses as regularizers of probability estimates},
 volume = {16},
 year = {2015}
}

@article{mokhtari2015global,
 author = {Mokhtari, Aryan and Ribeiro, Alejandro Ribeiro},
 journal = {Journal of Machine Learning Research},
 note = {\url{http://jmlr.org/papers/v16/mokhtari15a.html}},
 number = {98},
 pages = {3151--3181},
 title = {Global convergence of online limited memory BFGS},
 volume = {16},
 year = {2015}
}

@article{montufar2015discrete,
 author = {Montúfar, Guido and Morton, Jason},
 journal = {Journal of Machine Learning Research},
 note = {\url{http://jmlr.org/papers/v16/montufar15a.html}},
 number = {21},
 pages = {653--672},
 title = {Discrete restricted Boltzmann machines},
 volume = {16},
 year = {2015}
}

@article{montufar2015geometry,
 author = {Montúfar, Guido and Ay, Nihat and Ghazi-Zahedi, Keyan},
 journal = {Journal of Machine Learning Research},
 note = {\url{http://jmlr.org/papers/v16/montufar15b.html}},
 number = {73},
 pages = {2405--2436},
 title = {Geometry and expressive power of conditional restricted Boltzmann machines},
 volume = {16},
 year = {2015}
}

@article{morales2015samoa,
 author = {De Francisci Morales, Gianmarco and Bifet, Albert},
 journal = {Journal of Machine Learning Research},
 note = {\url{http://jmlr.org/papers/v16/morales15a.html}},
 number = {5},
 pages = {149--153},
 title = {SAMOA: scalable advanced massive online analysis},
 volume = {16},
 year = {2015}
}

@article{moreno2015bayesian,
 author = {Moreno, Pablo G. and Artes-Rodriguez, Antonio and Teh, Yee Whye and Pérez-Cruz, Fernando},
 journal = {Journal of Machine Learning Research},
 note = {\url{http://jmlr.org/papers/v16/moreno15a.html}},
 number = {48},
 pages = {1607--1627},
 title = {Bayesian nonparametric crowdsourcing},
 volume = {16},
 year = {2015}
}

@article{moroshko2015second,
 author = {Moroshko, Edward and Vaits, Nina and Crammer, Koby},
 journal = {Journal of Machine Learning Research},
 note = {\url{http://jmlr.org/papers/v16/moroshko15a.html}},
 number = {43},
 pages = {1481--1517},
 title = {Second-order non-stationary online learning for regression},
 volume = {16},
 year = {2015}
}

@article{nakajima2015condition,
 author = {Nakajima, Shinichi and Tomioka, Ryota and Sugiyama, Masashi and Babacan, S. Derin},
 journal = {Journal of Machine Learning Research},
 note = {\url{http://jmlr.org/papers/v16/nakajima15a.html}},
 number = {114},
 pages = {3757--3811},
 title = {Condition for perfect dimensionality recovery by variational Bayesian PCA},
 volume = {16},
 year = {2015}
}

@article{neumann2015pygps,
 author = {Neumann, Marion and Huang, Shan and Marthaler, Daniel E. and Kersting, Kristian},
 journal = {Journal of Machine Learning Research},
 note = {\url{http://jmlr.org/papers/v16/neumann15a.html}},
 number = {80},
 pages = {2611--2616},
 title = {pyGPs: a Python library for Gaussian process regression and classification},
 volume = {16},
 year = {2015}
}

@article{nikulin2015strong,
 author = {Nikulin, Vladimir},
 journal = {Journal of Machine Learning Research},
 note = {\url{http://jmlr.org/papers/v16/nikulin15a.html}},
 number = {25},
 pages = {775--785},
 title = {Strong consistency of the prototype based clustering in probabilistic space},
 volume = {16},
 year = {2015}
}

@article{ovcharov2015existence,
 author = {Ovcharov, Evgeni Y.},
 journal = {Journal of Machine Learning Research},
 note = {\url{http://jmlr.org/papers/v16/ovcharov15a.html}},
 number = {67},
 pages = {2207--2230},
 title = {Existence and Uniqueness of Proper Scoring Rules},
 volume = {16},
 year = {2015}
}

@article{pati2015optimal,
 author = {Pati, Debdeep and Bhattacharya, Anirban and Cheng, Guang},
 journal = {Journal of Machine Learning Research},
 note = {\url{http://jmlr.org/papers/v16/pati15a.html}},
 number = {87},
 pages = {2837--2851},
 title = {Optimal Bayesian estimation in random covariate design with a rescaled Gaussian process prior},
 volume = {16},
 year = {2015}
}

@article{pitsikalis2015multimodal,
 author = {Pitsikalis, Vassilis and Katsamanis, Athanasios and Theodorakis, Stavros and Maragos, Petros},
 journal = {Journal of Machine Learning Research},
 note = {\url{http://jmlr.org/papers/v16/pitsikalis15a.html}},
 number = {9},
 pages = {255--284},
 title = {Multimodal gesture recognition via multiple hypotheses rescoring},
 volume = {16},
 year = {2015}
}

@article{plumb2015snfft,
 author = {Plumb, Gregory and Pachauri, Deepti and Kondor, Risi and Singh, Vikas},
 journal = {Journal of Machine Learning Research},
 note = {\url{http://jmlr.org/papers/v16/plumb15a.html}},
 number = {107},
 pages = {3469--3473},
 title = {SnFFT: A Julia Toolkit for Fourier Analysis of Functions over Permutations},
 volume = {16},
 year = {2015}
}

@article{pokarowski2015combined,
 author = {Pokarowski, Piotr and Mielniczuk, Jan},
 journal = {Journal of Machine Learning Research},
 note = {\url{http://jmlr.org/papers/v16/pokarowski15a.html}},
 number = {29},
 pages = {961--992},
 title = {Combined l1 and Greedy l0 Penalized Least Squares for Linear Model Selection},
 volume = {16},
 year = {2015}
}

@article{pourhabib2015absent,
 author = {Pourhabib, Arash and Mallick, Bani K. and Ding, Yu},
 journal = {Journal of Machine Learning Research},
 note = {\url{http://jmlr.org/papers/v16/pourhabib15a.html}},
 number = {83},
 pages = {2695--2724},
 title = {Absent data generating classifier for imbalanced class sizes},
 volume = {16},
 year = {2015}
}

@article{prasse2015learning,
 author = {Prasse, Paul and Sawade, Christoph and Lwehr, Niels and Scheffer, Tobias},
 journal = {Journal of Machine Learning Research},
 note = {\url{http://jmlr.org/papers/v16/prasse15a.html}},
 number = {112},
 pages = {3687--3720},
 title = {Learning to identify concise regular expressions that describe email campaigns},
 volume = {16},
 year = {2015}
}

@article{qiao2015flexible,
 author = {Qiao, Xingye and Zhang, Lingsong},
 journal = {Journal of Machine Learning Research},
 note = {\url{http://jmlr.org/papers/v16/qiao15a.html}},
 number = {45},
 pages = {1547--1572},
 title = {Flexible high-dimensional classification machines and their asymptotic properties},
 volume = {16},
 year = {2015}
}

@article{qiu2015learning,
 author = {Qiu, Qiang and Sapiro, Guillermo},
 journal = {Journal of Machine Learning Research},
 note = {\url{http://jmlr.org/papers/v16/qiu15a.html}},
 number = {7},
 pages = {187--225},
 title = {Learning transformations for clustering and classification},
 volume = {16},
 year = {2015}
}

@article{rakhlin2015online,
 author = {Rakhlin, Alexander and Sridharan, Karthik and Tewari, Ambuj},
 journal = {Journal of Machine Learning Research},
 note = {\url{http://jmlr.org/papers/v16/rakhlin15a.html}},
 number = {6},
 pages = {155--186},
 title = {Online learning via sequential complexities},
 volume = {16},
 year = {2015}
}

@article{ravanbakhsh2015perturbed,
 author = {Ravanbakhsh, Siamak and Greiner, Russell},
 journal = {Journal of Machine Learning Research},
 note = {\url{http://jmlr.org/papers/v16/ravanbakhsh15a.html}},
 number = {37},
 pages = {1249--1274},
 title = {Perturbed message passing for constraint satisfaction problems},
 volume = {16},
 year = {2015}
}

@article{ryan2015semi,
 author = {Ryan, Kenneth Joseph and Culp, Mark Vere},
 journal = {Journal of Machine Learning Research},
 note = {\url{http://jmlr.org/papers/v16/ryan15a.html}},
 number = {99},
 pages = {3183--3217},
 title = {On semi-supervised linear regression in covariate shift problems},
 volume = {16},
 year = {2015}
}

@article{sabato2015learning,
 author = {Sabato, Sivan and Shalev-Shwartz, Shai and Srebro, Nathan and Hsu, Daniel and Zhang, Tong},
 journal = {Journal of Machine Learning Research},
 note = {\url{http://jmlr.org/papers/v16/sabato15a.html}},
 number = {38},
 pages = {1275--1304},
 title = {Learning sparse low-threshold linear classifiers},
 volume = {16},
 year = {2015}
}

@article{santhanam2015agnostic,
 author = {Santhanam, Narayana and Anantharam, Venkat},
 journal = {Journal of Machine Learning Research},
 note = {\url{http://jmlr.org/papers/v16/santhanam15a.html}},
 number = {70},
 pages = {2329--2355},
 title = {Agnostic insurability of model classes},
 volume = {16},
 year = {2015}
}

@article{scherrer2015approximate,
 author = {Scherrer, Bruno and Ghavamzadeh, Mohammad and Gabillon, Victor and Lesner, Boris and Geist, Matthieu},
 journal = {Journal of Machine Learning Research},
 note = {\url{http://jmlr.org/papers/v16/scherrer15a.html}},
 number = {49},
 pages = {1629--1676},
 title = {Approximate modified policy iteration and its application to the game of Tetris},
 volume = {16},
 year = {2015}
}

@article{schnass2015local,
 author = {Schnass, Karin},
 journal = {Journal of Machine Learning Research},
 note = {\url{http://jmlr.org/papers/v16/schnass15a.html}},
 number = {35},
 pages = {1211--1242},
 title = {Local Identification of Overcomplete Dictionaries},
 volume = {16},
 year = {2015}
}

@article{shamir2015sample,
 author = {Shamir, Ohad},
 journal = {Journal of Machine Learning Research},
 note = {\url{http://jmlr.org/papers/v16/shamir15a.html}},
 number = {108},
 pages = {3475--3486},
 title = {The sample complexity of learning linear predictors with the squared loss},
 volume = {16},
 year = {2015}
}

@article{statnikov2015ultra,
 author = {Statnikov, Alexander and Ma, Sisi and Henaff, Mikael and Lytkin, Nikita and Efstathiadis, Efstratios and Peskin, Eric R. and Aliferis, Constantin F.},
 journal = {Journal of Machine Learning Research},
 note = {\url{http://jmlr.org/papers/v16/statnikov15a.html}},
 number = {100},
 pages = {3219--3267},
 title = {Ultra-scalable and efficient methods for hybrid observational and experimental local causal pathway discovery},
 volume = {16},
 year = {2015}
}

@article{sunehag2015rationality,
 author = {Sunehag, Peter and Hutter, Marcus},
 journal = {Journal of Machine Learning Research},
 note = {\url{http://jmlr.org/papers/v16/sunehag15a.html}},
 number = {40},
 pages = {1345--1390},
 title = {Rationality, optimism and guarantees in general reinforcement learning},
 volume = {16},
 year = {2015}
}

@article{swaminathan2015batch,
 author = {Swaminathan, Adith and Joachims, Thorsten},
 journal = {Journal of Machine Learning Research},
 note = {\url{http://jmlr.org/papers/v16/swaminathan15a.html}},
 number = {52},
 pages = {1731--1755},
 title = {Batch learning from logged bandit feedback through counterfactual risk minimization},
 volume = {16},
 year = {2015}
}

@article{taleghan2015pac,
 author = {Alkaee Taleghan, Majid and Dietterich, Thomas G. and Crowley, Mark and Hall, Kim and Albers, H. Jo},
 journal = {Journal of Machine Learning Research},
 note = {\url{http://jmlr.org/papers/v16/taleghan15a.html}},
 number = {117},
 pages = {3877--3903},
 title = {PAC optimal MDP planning with application to invasive species management},
 volume = {16},
 year = {2015}
}

@article{thomann2015towards,
 author = {Thomann, Philipp and Steinwart, Ingo and Schmid, Nico},
 journal = {Journal of Machine Learning Research},
 note = {\url{http://jmlr.org/papers/v16/thomann15a.html}},
 number = {59},
 pages = {1949--2002},
 title = {Towards an Axiomatic Approach to Hierarchical Clustering of Measures},
 volume = {16},
 year = {2015}
}

@article{thon2015links,
 author = {Thon, Michael and Jaeger, Herbert},
 journal = {Journal of Machine Learning Research},
 note = {\url{http://jmlr.org/papers/v16/thon15a.html}},
 number = {4},
 pages = {103--147},
 title = {Links between multiplicity automata, observable operator models and predictive state representations: a unified learning framework},
 volume = {16},
 year = {2015}
}

@article{tibshirani2015general,
 author = {Tibshirani, Ryan J.},
 journal = {Journal of Machine Learning Research},
 note = {\url{http://jmlr.org/papers/v16/tibshirani15a.html}},
 number = {78},
 pages = {2543--2588},
 title = {A general framework for fast stagewise algorithms},
 volume = {16},
 year = {2015}
}

@article{trandihn2015composite,
 author = {Tran-Dinh, Quoc and Kyrillidis, Anastasios and Cevher, Volkan},
 journal = {Journal of Machine Learning Research},
 note = {\url{http://jmlr.org/papers/v16/trandihn15a.html}},
 number = {12},
 pages = {371--416},
 title = {Composite self-concordant minimization},
 volume = {16},
 year = {2015}
}

@article{triantafillou2015constraint,
 author = {Triantafillou, Sofia and Tsamardinos, Ioannis},
 journal = {Journal of Machine Learning Research},
 note = {\url{http://jmlr.org/papers/v16/triantafillou15a.html}},
 number = {66},
 pages = {2147--2205},
 title = {Constraint-based causal discovery from multiple interventions over overlapping variable sets},
 volume = {16},
 year = {2015}
}

@article{vanerven2015fast,
 author = {van Erven, Tim and Grünwald, Peter D. and Mehta, Nishant A. and Reid, Mark D. and Williamson, Robert C.},
 journal = {Journal of Machine Learning Research},
 note = {\url{http://jmlr.org/papers/v16/vanerven15a.html}},
 number = {54},
 pages = {1793--1861},
 title = {Fast rates in statistical and online learning},
 volume = {16},
 year = {2015}
}

@article{vapnik2015learning,
 author = {Vapnik, Vladimir and Izmailov, Rauf},
 journal = {Journal of Machine Learning Research},
 note = {\url{http://jmlr.org/papers/v16/vapnik15b.html}},
 number = {61},
 pages = {2023--2049},
 title = {Learning using privileged information: similarity control and knowledge transfer},
 volume = {16},
 year = {2015}
}

@article{vapnik2015vmatrix,
 author = {Vapnik, Vladimir and Izmailov, Rauf},
 journal = {Journal of Machine Learning Research},
 note = {\url{http://jmlr.org/papers/v16/vapnik15a.html}},
 number = {51},
 pages = {1683--1730},
 title = {V-matrix method of solving statistical inference problems},
 volume = {16},
 year = {2015}
}

@article{varando2015decision,
 author = {Varando, Gherardo and Bielza, Concha and Larranaga, Pedro},
 journal = {Journal of Machine Learning Research},
 note = {\url{http://jmlr.org/papers/v16/varando15a.html}},
 number = {84},
 pages = {2725--2749},
 title = {Decision boundary for discrete Bayesian network classifiers},
 volume = {16},
 year = {2015}
}

@article{wang2015derivative,
 author = {Wang, WenWu and Lin, Lu},
 journal = {Journal of Machine Learning Research},
 note = {\url{http://jmlr.org/papers/v16/wang15b.html}},
 number = {81},
 pages = {2617--2641},
 title = {Derivative estimation based on difference sequence via locally weighted least squares regression},
 volume = {16},
 year = {2015}
}

@article{wang2015lasso,
 author = {Wang, Jie and Wonka, Peter and Ye, Jieping},
 journal = {Journal of Machine Learning Research},
 note = {\url{http://jmlr.org/papers/v16/wang15a.html}},
 number = {32},
 pages = {1063--1101},
 title = {Lasso Screening Rules via Dual Polytope Projection},
 volume = {16},
 year = {2015}
}

@article{watanabe2015achievability,
 author = {Watanabe, Kazuho and Roos, Teemu},
 journal = {Journal of Machine Learning Research},
 note = {\url{http://jmlr.org/papers/v16/watanabe15a.html}},
 number = {71},
 pages = {2357--2375},
 title = {Achievability of asymptotic minimax regret by horizon-dependent and horizon-independent strategies},
 volume = {16},
 year = {2015}
}

@article{weninger2015introducing,
 author = {Weninger, Felix},
 journal = {Journal of Machine Learning Research},
 note = {\url{http://jmlr.org/papers/v16/weninger15a.html}},
 number = {17},
 pages = {547--551},
 title = {Introducing CURRENNT: the Munich open-source CUDA recurrent neural network toolkit},
 volume = {16},
 year = {2015}
}

@article{wiener2015compression,
 author = {Wiener, Yair and Hanneke, Steve and El-Yaniv, Ran},
 journal = {Journal of Machine Learning Research},
 note = {\url{http://jmlr.org/papers/v16/wiener15a.html}},
 number = {23},
 pages = {713--745},
 title = {A compression technique for analyzing disagreement-based active learning},
 volume = {16},
 year = {2015}
}

@article{yan2015simultaneous,
 author = {Yan, Qi and Ye, Jieping and Shen, Xiaotong},
 journal = {Journal of Machine Learning Research},
 note = {\url{http://jmlr.org/papers/v16/yan15a.html}},
 number = {2},
 pages = {47--75},
 title = {Simultaneous pursuit of sparseness and rank structures for matrix decomposition},
 volume = {16},
 year = {2015}
}

@article{yang2015on,
 author = {Yang, Eunho and Ravikumar, Pradeep and Allen, Genevera I. and Liu, Zhandong},
 journal = {Journal of Machine Learning Research},
 note = {\url{http://jmlr.org/papers/v16/yang15a.html}},
 number = {115},
 pages = {3813--3847},
 title = {On Graphical Models via Univariate Exponential Family Distributions},
 volume = {16},
 year = {2015}
}

@article{zhang2015ceka,
 author = {Zhang, Jing and Sheng, Victor S. and Nicholson, Bryce A. and Wu, Xindong},
 journal = {Journal of Machine Learning Research},
 note = {\url{http://jmlr.org/papers/v16/zhang15a.html}},
 number = {88},
 pages = {2853--2858},
 title = {CEKA: a tool for mining the wisdom of crowds},
 volume = {16},
 year = {2015}
}

@article{zhang2015divide,
 author = {Zhang, Yuchen and Duchi, John and Wainwright, Martin},
 journal = {Journal of Machine Learning Research},
 note = {\url{http://jmlr.org/papers/v16/zhang15d.html}},
 number = {102},
 pages = {3299--3340},
 title = {Divide and Conquer Kernel Ridge Regression: A Distributed Algorithm with Minimax Optimal Rates},
 volume = {16},
 year = {2015}
}

@article{zhang2015linear,
 author = {Zhang, Jian and Liu, Chao},
 journal = {Journal of Machine Learning Research},
 note = {\url{http://jmlr.org/papers/v16/zhang15b.html}},
 number = {65},
 pages = {2099--2145},
 title = {Linearly Constrained Minimum Variance Beamforming},
 volume = {16},
 year = {2015}
}
