@article{abdallah2016addressing,
  author = {Abdallah, Sherief and Kaisers, Michael},
  journal = {Journal of Machine Learning Research},
  note = {\url{http://jmlr.org/papers/v17/14-037.html}},
  number = {46},
  openalex = {W2344944957},
  pages = {1--31},
  title = {Addressing environment non-stationarity by repeating Q-learning updates},
  volume = {17},
  year = {2016}
}

@article{ackerman2016characterization,
  author = {Ackerman, Margareta and Ben-David, Shai},
  journal = {Journal of Machine Learning Research},
  note = {\url{http://jmlr.org/papers/v17/11-198.html}},
  number = {231},
  openalex = {W2185184584},
  pages = {1--17},
  title = {A characterization of linkage-based hierarchical clustering},
  volume = {17},
  year = {2016}
}

@article{adam2016bounding,
  author = {Adam, Stavros P. and Magoulas, George D. and Karras, D.A. and Vrahatis, Michael N.},
  journal = {Journal of Machine Learning Research},
  note = {\url{http://jmlr.org/papers/v17/14-350.html}},
  number = {169},
  openalex = {W2533651654},
  pages = {1--40},
  title = {Bounding the search space for global optimization of neural networks learning error: an interval analysis approach},
  volume = {17},
  year = {2016}
}

@article{adamczak2016note,
  author = {Adamczak, Radosław},
  journal = {Journal of Machine Learning Research},
  note = {\url{http://jmlr.org/papers/v17/16-047.html}},
  number = {177},
  openalex = {W2238054798},
  pages = {1--18},
  title = {A note on the sample complexity of the Er-SpUD algorithm by Spielman, Wang and Wright for exact recovery of sparsely used dictionaries},
  volume = {17},
  year = {2016}
}

@article{adamskiy2016closer,
  author = {Adamskiy, Dmitry and Koolen, Wouter M. and Chernov, Alexey and Vovk, Vladimir},
  journal = {Journal of Machine Learning Research},
  note = {\url{http://jmlr.org/papers/v17/13-533.html}},
  number = {23},
  openalex = {W2399331166},
  pages = {1--21},
  title = {A Closer Look at Adaptive Regret},
  volume = {17},
  year = {2016}
}

@article{adi2016structed,
  author = {Adi, Yossi and Keshet, Joseph},
  journal = {Journal of Machine Learning Research},
  note = {\url{http://jmlr.org/papers/v17/15-531.html}},
  number = {64},
  openalex = {W2343041606},
  pages = {1--5},
  title = {StructED: risk minimization in structured prediction},
  volume = {17},
  year = {2016}
}

@article{ahmed2016decrypting,
  author = {Ahmed, Bilal and Thesen, Thomas and Blackmon, Karen and Kuzniekcy, Ruben and Devinsky, Orrin and Brodley, Carla E.},
  journal = {Journal of Machine Learning Research},
  note = {\url{http://jmlr.org/papers/v17/15-428.html}},
  number = {112},
  openalex = {W2509826223},
  pages = {1--30},
  title = {Decrypting cryptogenic epilepsy: semi-supervised hierarchical conditional random fields for detecting cortical lesions in MRI-negative patients},
  volume = {17},
  year = {2016}
}

@article{alquier2016on,
  author = {Chopin, Nicolás and Alquier, Pierre and Ridgway, James},
  journal = {Journal of Machine Learning Research},
  note = {\url{http://jmlr.org/papers/v17/15-290.html}},
  number = {236},
  openalex = {W1595104989},
  pages = {1--41},
  title = {On the properties of variational approximations of Gibbs posteriors},
  volume = {17},
  year = {2016}
}

@article{andresen2016convergence,
  author = {Andresen, Andreas and Spokoiny, Vladimir},
  journal = {Journal of Machine Learning Research},
  note = {\url{http://jmlr.org/papers/v17/15-392.html}},
  number = {63},
  openalex = {W2343583226},
  pages = {1--53},
  title = {Convergence of an alternating maximization procedure},
  volume = {17},
  year = {2016}
}

@article{ariascastro2016errata,
  author = {Arias-Castro, Ery and Mason, David and Pelletier, Bruno},
  journal = {Journal of Machine Learning Research},
  note = {\url{http://jmlr.org/papers/v17/16-527.html}},
  number = {206},
  pages = {1--4},
  title = {ERRATA: On the Estimation of the Gradient Lines of a Density and the Consistency of the Mean-Shift Algorithm},
  volume = {17},
  year = {2016}
}

@article{ariascastro2016estimation,
  author = {Arias-Castro, Ery and Mason, David M. and Pelletier, Bruno},
  journal = {Journal of Machine Learning Research},
  note = {\url{http://jmlr.org/papers/v17/ariascastro16a.html}},
  number = {43},
  openalex = {W2357505028},
  pages = {1--28},
  title = {On the Estimation of the Gradient Lines of a Density and the Consistency of the Mean-Shift Algorithm},
  volume = {17},
  year = {2016}
}

@article{arjevani2016on,
  author = {Arjevani, Yossi and Shalev‐Shwartz, Shai and Shamir, Ohad},
  journal = {Journal of Machine Learning Research},
  note = {\url{http://jmlr.org/papers/v17/15-106.html}},
  number = {126},
  openalex = {W2520966671},
  pages = {1--51},
  title = {On lower and upper bounds in smooth and strongly convex optimization},
  volume = {17},
  year = {2016}
}

@article{arlot2016choice,
  author = {Arlot, Sylvain and Lerasle, Matthieu},
  journal = {Journal of Machine Learning Research},
  note = {\url{http://jmlr.org/papers/v17/14-296.html}},
  number = {208},
  openalex = {W2246967872},
  pages = {1--50},
  title = {Choice of V for V-Fold Cross-Validation in Least-Squares Density Estimation},
  volume = {17},
  year = {2016}
}

@article{asbeh2016learning,
  author = {Asbeh, Nuaman and Lerner, Boaz},
  journal = {Journal of Machine Learning Research},
  note = {\url{http://jmlr.org/papers/v17/14-401.html}},
  number = {223},
  openalex = {W2587569264},
  pages = {1--52},
  title = {Learning latent variable models by pairwise cluster comparison Part I: theory and overview},
  volume = {17},
  year = {2016}
}

@article{asbeh2016pairwise,
  author = {Asbeh, Nuaman and Lerner, Boaz},
  journal = {Journal of Machine Learning Research},
  note = {\url{http://jmlr.org/papers/v17/14-402.html}},
  number = {230},
  openalex = {W2567284472},
  pages = {1--45},
  title = {Learning latent variable models by pairwise cluster comparison Part II: algorithm and evaluation},
  volume = {17},
  year = {2016}
}

@article{avron2016quasi,
  author = {Avron, Haim and Sindhwani, Vikas and Yang, Jiyan and Mahoney, Michael W.},
  journal = {Journal of Machine Learning Research},
  note = {\url{http://jmlr.org/papers/v17/14-538.html}},
  number = {120},
  openalex = {W2616566795},
  pages = {1--38},
  title = {Quasi-Monte Carlo feature maps for shift-invariant kernels},
  volume = {17},
  year = {2016}
}

@article{babbar2016learning,
  author = {Babbar, Rohit and Partalas, Ioannis and Eric, Gaussier and Amini, Massih-Reza and Amblard, Cécile},
  journal = {Journal of Machine Learning Research},
  note = {\url{http://jmlr.org/papers/v17/14-207.html}},
  number = {98},
  openalex = {W2515754823},
  pages = {1--37},
  title = {Learning Taxonomy Adaptation in Large-scale Classification},
  volume = {17},
  year = {2016}
}

@article{baktashmotlagh2016distribution,
  author = {Baktashmotlagh, Mahsa and Har, Mehrtash and i, unknown and Salzmann, Mathieu},
  journal = {Journal of Machine Learning Research},
  note = {\url{http://jmlr.org/papers/v17/15-207.html}},
  number = {108},
  pages = {1--30},
  title = {Distribution-matching embedding for visual domain adaptation},
  volume = {17},
  year = {2016}
}

@article{barreto2016practical,
  author = {Barreto, André M. S. and Precup, Doina and Pineau, Joëlle},
  journal = {Journal of Machine Learning Research},
  note = {\url{http://jmlr.org/papers/v17/13-134.html}},
  number = {67},
  openalex = {W15601695},
  pages = {1--70},
  title = {Practical kernel-based reinforcement learning},
  volume = {17},
  year = {2016}
}

@article{bayer2016fastfm,
  author = {Bayer, Immanuel},
  journal = {Journal of Machine Learning Research},
  note = {\url{http://jmlr.org/papers/v17/15-355.html}},
  number = {184},
  openalex = {W1521958187},
  pages = {1--5},
  title = {fastFM: a library for factorization machines},
  volume = {17},
  year = {2016}
}

@article{bedo2016multivariate,
  author = {Bedő, Justin and Ong, Cheng Soon},
  journal = {Journal of Machine Learning Research},
  note = {\url{http://jmlr.org/papers/v17/15-625.html}},
  number = {201},
  openalex = {W2963891150},
  pages = {1--30},
  title = {Multivariate Spearman's rho for Aggregating Ranks Using Copulas},
  volume = {17},
  year = {2016}
}

@article{benavoli2016posthoc,
  author = {Benavoli, Alessio and Corani, Giorgio and Mangili, Francesca},
  journal = {Journal of Machine Learning Research},
  note = {\url{http://jmlr.org/papers/v17/benavoli16a.html}},
  number = {5},
  openalex = {W1693343509},
  pages = {1--10},
  title = {Should we really use post-hoc tests based on mean-ranks?},
  volume = {17},
  year = {2016}
}

@article{bhaskar2016probabilistic,
  author = {Bhaskar, Sonia A.},
  journal = {Journal of Machine Learning Research},
  note = {\url{http://jmlr.org/papers/v17/15-273.html}},
  number = {60},
  openalex = {W2398269536},
  pages = {1--34},
  title = {Probabilistic low-rank matrix completion from quantized measurements},
  volume = {17},
  year = {2016}
}

@article{biau2016statistical,
  author = {Biau, Gérard and Bleakley, Kevin and Cadre, Benoı̂t},
  journal = {Journal of Machine Learning Research},
  note = {\url{http://jmlr.org/papers/v17/15-346.html}},
  number = {62},
  openalex = {W2963204084},
  pages = {1--29},
  title = {The Statistical Performance of Collaborative Inference},
  volume = {17},
  year = {2016}
}

@article{bischl2016mlr,
  author = {Bischl, Bernd and Lang, Michel and Kotthoff, Lars and Schiffner, Julia and Richter, Jakob and Studerus, Erich and Casalicchio, Giuseppe and Jones, Zachary},
  journal = {Journal of Machine Learning Research},
  note = {\url{http://jmlr.org/papers/v17/15-066.html}},
  number = {170},
  openalex = {W2544745230},
  pages = {1--5},
  title = {mlr: machine learning in R},
  volume = {17},
  year = {2016}
}

@article{blaser2016random,
  author = {Blaser, Rico and Fryźlewicz, Piotr},
  journal = {Journal of Machine Learning Research},
  note = {\url{http://jmlr.org/papers/v17/blaser16a.html}},
  number = {4},
  openalex = {W2302010255},
  pages = {1--26},
  title = {Random rotation ensembles},
  volume = {17},
  year = {2016}
}

@article{brouard2016input,
  author = {Brouard, Céline and Szafranski, Marie and d’Alché–Buc, Florence},
  journal = {Journal of Machine Learning Research},
  note = {\url{http://jmlr.org/papers/v17/15-602.html}},
  number = {176},
  openalex = {W2545806747},
  pages = {1--48},
  title = {Input output Kernel regression : supervised and semi-supervised structured output prediction with operator-valued kernels},
  volume = {17},
  year = {2016}
}

@article{chen2016bayesian,
  author = {Chen, Xi and Jiao, Kevin and Lin, Qihang},
  journal = {Journal of Machine Learning Research},
  note = {\url{http://jmlr.org/papers/v17/16-066.html}},
  number = {216},
  openalex = {W2562019908},
  pages = {1--40},
  title = {Bayesian decision process for cost-efficient dynamic ranking via crowdsourcing},
  volume = {17},
  year = {2016}
}

@article{chen2016bayesianrisk,
  author = {Chen, Xi and Guntuboyina, Adityanand and Zhang, Yuchen},
  journal = {Journal of Machine Learning Research},
  note = {\url{http://jmlr.org/papers/v17/16-185.html}},
  number = {218},
  openalex = {W2964171527},
  pages = {1--58},
  title = {On Bayes risk lower bounds},
  volume = {17},
  year = {2016}
}

@article{chen2016combinatorial,
  author = {Chen, Wei and Wang, Yajun and Yuan, Yang and Wang, Qinshi},
  journal = {Journal of Machine Learning Research},
  note = {\url{http://jmlr.org/papers/v17/14-298.html}},
  number = {50},
  pages = {1--33},
  title = {Combinatorial multi-armed bandit and its extension to probabilistically triggered arms},
  volume = {17},
  year = {2016}
}

@article{chen2016herded,
  author = {Chen, Yutian and Bornn, Luke and Freitas, Nando de and Eskelin, Mareija and Fang, Jing and Welling, Max},
  journal = {Journal of Machine Learning Research},
  note = {\url{http://jmlr.org/papers/v17/chen16a.html}},
  number = {10},
  openalex = {W2616741364},
  pages = {1--29},
  title = {Herded gibbs sampling},
  volume = {17},
  year = {2016}
}

@article{chen2016statistical,
  author = {Chen, Yudong and Xu, Jiaming},
  journal = {Journal of Machine Learning Research},
  note = {\url{http://jmlr.org/papers/v17/14-330.html}},
  number = {27},
  openalex = {W1803708361},
  pages = {1--57},
  title = {Statistical-Computational Tradeoffs in Planted Problems and Submatrix Localization with a Growing Number of Clusters and Submatrices},
  volume = {17},
  year = {2016}
}

@article{chichignoud2016practical,
  author = {Chichignoud, Michaël and Lederer, Johannes and Wainwright, Martin J.},
  journal = {Journal of Machine Learning Research},
  note = {\url{http://jmlr.org/papers/v17/15-605.html}},
  number = {229},
  openalex = {W2964145951},
  pages = {1--20},
  title = {A practical scheme and fast algorithm to tune the lasso with optimality guarantees},
  volume = {17},
  year = {2016}
}

@article{chin2016libmf,
  author = {Chin, Wei-Sheng and Yuan, Bowen and Yang, Mengyuan and Zhuang, Yong and Juan, Yu-Chin and Lin, Chih‐Jen},
  journal = {Journal of Machine Learning Research},
  note = {\url{http://jmlr.org/papers/v17/15-471.html}},
  number = {86},
  openalex = {W2416951723},
  pages = {1--5},
  title = {LIBMF: a library for parallel matrix factorization in shared-memory systems},
  volume = {17},
  year = {2016}
}

@article{clemencon2016scaling,
  author = {Clémençon, Stephan and Colin, Igor and Bellet, Aurélien},
  journal = {Journal of Machine Learning Research},
  note = {\url{http://jmlr.org/papers/v17/15-012.html}},
  number = {76},
  openalex = {W2963834123},
  pages = {1--36},
  title = {Scaling-up Empirical Risk Minimization: Optimization of Incomplete U-statistics},
  volume = {17},
  year = {2016}
}

@article{collier2016minimax,
  author = {Collier, Olivier and Dalalyan, Arnak S.},
  journal = {Journal of Machine Learning Research},
  note = {\url{http://jmlr.org/papers/v17/collier16a.html}},
  number = {6},
  openalex = {W2950509224},
  pages = {1--31},
  title = {Minimax rates in permutation estimation for feature matching},
  volume = {17},
  year = {2016}
}

@article{couillet2016asymptotic,
  author = {Couillet, Romain and Wainrib, Gilles and Sevi, Harry and Ali, Hafiz Tiomoko},
  journal = {Journal of Machine Learning Research},
  note = {\url{http://jmlr.org/papers/v17/16-076.html}},
  number = {178},
  openalex = {W2309536845},
  pages = {1--35},
  title = {The Asymptotic Performance of Linear Echo State Neural Networks},
  volume = {17},
  year = {2016}
}

@article{dai2016optimal,
  author = {Dai, Wenlin and Tong, Tiejun and Genton, Marc G.},
  journal = {Journal of Machine Learning Research},
  note = {\url{http://jmlr.org/papers/v17/15-640.html}},
  number = {164},
  openalex = {W2527708566},
  pages = {1--25},
  title = {Optimal estimation of derivatives in nonparametric regression},
  volume = {17},
  year = {2016}
}

@article{damianou2016variational,
  author = {Damianou, Andreas and Titsias, Michalis K. and Lawrence, Neil D.},
  journal = {Journal of Machine Learning Research},
  note = {\url{http://jmlr.org/papers/v17/damianou16a.html}},
  number = {42},
  openalex = {W2278171434},
  pages = {1--62},
  title = {Variational inference for latent variables and uncertain inputs in Gaussian processes},
  volume = {17},
  year = {2016}
}

@article{daniel2016hierarchical,
  author = {Daniel, Christian and Neumann, Gerhard and Kroemer, Oliver and Peters, Jan},
  journal = {Journal of Machine Learning Research},
  note = {\url{http://jmlr.org/papers/v17/15-188.html}},
  number = {93},
  openalex = {W2111967991},
  pages = {1--50},
  title = {Hierarchical Relative Entropy Policy Search},
  volume = {17},
  year = {2016}
}

@article{decastro2016minimax,
  author = {Castro, Yohann de and Gassiat, Élisabeth and Lacour, Claire},
  journal = {Journal of Machine Learning Research},
  note = {\url{http://jmlr.org/papers/v17/15-381.html}},
  number = {111},
  openalex = {W2003328149},
  pages = {1--43},
  title = {Minimax adaptive estimation of nonparametric hidden Markov models},
  volume = {17},
  year = {2016}
}

@article{denburg2016gensvm,
  author = {Burg, Gerrit J. J. van den and Groenen, Patrick J. F.},
  journal = {Journal of Machine Learning Research},
  note = {\url{http://jmlr.org/papers/v17/14-526.html}},
  number = {224},
  openalex = {W2134767360},
  pages = {1--42},
  title = {GenSVM: a generalized multiclass support vector machine},
  volume = {17},
  year = {2016}
}

@article{denis2016dimension,
  author = {Denis, François and Gybels, Mattias and Habrard, Amaury},
  journal = {Journal of Machine Learning Research},
  note = {\url{http://jmlr.org/papers/v17/14-501.html}},
  number = {31},
  openalex = {W1543933919},
  pages = {1--32},
  title = {Dimension-free Concentration Bounds on Hankel Matrices for Spectral Learning},
  volume = {17},
  year = {2016}
}

@article{deshpande2016sparse,
  author = {Deshpande, Yash and e, unknown and Montanari, Andrea},
  journal = {Journal of Machine Learning Research},
  note = {\url{http://jmlr.org/papers/v17/15-160.html}},
  number = {141},
  pages = {1--41},
  title = {Sparse PCA via Covariance Thresholding},
  volume = {17},
  year = {2016}
}

@article{diamond2016cvxpy,
  author = {Diamond, Steven and Boyd, Stephen},
  journal = {Journal of Machine Learning Research},
  note = {\url{http://jmlr.org/papers/v17/15-408.html}},
  number = {83},
  openalex = {W4297825594},
  pages = {1--5},
  title = {CVXPY: A Python-Embedded Modeling Language for Convex Optimization},
  volume = {17},
  year = {2016}
}

@article{dogan2016unified,
  author = {Doǧan, Ürün and Glasmachers, Tobias and Igel, Christian},
  journal = {Journal of Machine Learning Research},
  note = {\url{http://jmlr.org/papers/v17/11-229.html}},
  number = {45},
  openalex = {W2403763698},
  pages = {1--32},
  title = {A unified view on multi-class support vector classification},
  volume = {17},
  year = {2016}
}

@article{doran2016multiple,
  author = {Doran, Gary and Ray, Soumya},
  journal = {Journal of Machine Learning Research},
  note = {\url{http://jmlr.org/papers/v17/15-171.html}},
  number = {128},
  openalex = {W2520758021},
  pages = {1--50},
  title = {Multiple-instance learning from distributions},
  volume = {17},
  year = {2016}
}

@article{dutta2016multi,
  author = {Dutta, Subhajit and Sarkar, Soham and Ghosh, Anil K.},
  journal = {Journal of Machine Learning Research},
  note = {\url{http://jmlr.org/papers/v17/16-113.html}},
  number = {217},
  openalex = {W2963438367},
  pages = {1--30},
  title = {Multi-scale Classification using Localized Spatial Depth},
  volume = {17},
  year = {2016}
}

@article{elibol2016cross,
  author = {Elibol, Huseyin Melih and Nguyen, Vincent and Linderman, Scott W. and Johnson, Matthew and Hashmi, Amna and Doshi‐Velez, Finale},
  journal = {Journal of Machine Learning Research},
  note = {\url{http://jmlr.org/papers/v17/15-431.html}},
  number = {133},
  openalex = {W2520519270},
  pages = {1--38},
  title = {Cross-corpora unsupervised learning of trajectories in autism spectrum disorders},
  volume = {17},
  year = {2016}
}

@article{elisha2016wavelet,
  author = {Elisha, Oren and Dekel, Shai},
  journal = {Journal of Machine Learning Research},
  note = {\url{http://jmlr.org/papers/v17/15-203.html}},
  number = {198},
  openalex = {W2557732161},
  pages = {1--38},
  title = {Wavelet decompositions of Random Forests: smoothness analysis, sparse approximation and applications},
  volume = {17},
  year = {2016}
}

@article{elser2016network,
  author = {Elser, Veit},
  journal = {Journal of Machine Learning Research},
  note = {\url{http://jmlr.org/papers/v17/16-074.html}},
  number = {116},
  openalex = {W2402512549},
  pages = {1--13},
  title = {A network that learns Strassen multiplication},
  volume = {17},
  year = {2016}
}

@article{erdogdu2016newton,
  author = {Erdogdu, Murat A.},
  journal = {Journal of Machine Learning Research},
  note = {\url{http://jmlr.org/papers/v17/16-062.html}},
  number = {215},
  openalex = {W2964140893},
  pages = {1--52},
  title = {Newton-stein method: an optimization method for GLMs via Stein's lemma},
  volume = {17},
  year = {2016}
}

@article{escalanteb2016theoretical,
  author = {Escalante-B., Alberto N. and Wiskott, Laurenz},
  journal = {Journal of Machine Learning Research},
  note = {\url{http://jmlr.org/papers/v17/15-311.html}},
  number = {157},
  openalex = {W4295187915},
  pages = {1--36},
  title = {Theoretical Analysis of the Optimal Free Responses of Graph-Based SFA for the Design of Training Graphs},
  volume = {17},
  year = {2016}
}

@article{escalera2016challenges,
  author = {Escalera, Sérgio and Athitsos, Vassilis and Guyon, Isabelle},
  journal = {Journal of Machine Learning Research},
  note = {\url{http://jmlr.org/papers/v17/14-468.html}},
  number = {72},
  openalex = {W2473575226},
  pages = {1--54},
  title = {Challenges in multimodal gesture recognition },
  volume = {17},
  year = {2016}
}

@article{fan2016guarding,
  author = {Fan, Jianqing and Zhou, Wen‐Xin},
  journal = {Journal of Machine Learning Research},
  note = {\url{http://jmlr.org/papers/v17/16-068.html}},
  number = {203},
  openalex = {W2963428387},
  pages = {1--34},
  title = {Guarding against Spurious Discoveries in High Dimensions},
  volume = {17},
  year = {2016}
}

@article{fan2016structure,
  author = {Fan, Jun and Wu, Yirong and Yuan, Ming and Page, David and Liu, Jie and Ong, Irene M. and Peissig, Peggy and Burnside, Elizabeth S.},
  journal = {Journal of Machine Learning Research},
  note = {\url{http://jmlr.org/papers/v17/15-444.html}},
  number = {85},
  openalex = {W2467591991},
  pages = {1--15},
  title = {Structure-Leveraged Methods in Breast Cancer Risk Prediction.},
  volume = {17},
  year = {2016}
}

@article{farahm2016regularized,
  author = {Farahmand, Amir-massoud and Ghavamzadeh, Mohammad and Szepesvári, Csaba and Mannor, Shie},
  journal = {Journal of Machine Learning Research},
  note = {\url{http://jmlr.org/papers/v17/13-016.html}},
  number = {139},
  openalex = {W2520501711},
  pages = {1--66},
  title = {Regularized policy iteration with nonparametric function spaces},
  volume = {17},
  year = {2016}
}

@article{fogel2016serialrank,
  author = {Fogel, Fajwel and d’Aspremont, Alexandre and Vojnović, Milan},
  journal = {Journal of Machine Learning Research},
  note = {\url{http://jmlr.org/papers/v17/16-035.html}},
  number = {88},
  openalex = {W2103562949},
  pages = {1--45},
  title = {SerialRank: Spectral Ranking using Seriation},
  volume = {17},
  year = {2016}
}

@article{foygel2016mocca,
  author = {Barber, Rina Foygel and Sidky, Emil Y.},
  journal = {Journal of Machine Learning Research},
  note = {\url{http://jmlr.org/papers/v17/15-583.html}},
  number = {144},
  openalex = {W2963030250},
  pages = {1--51},
  title = {MOCCA: mirrored convex/concave optimization for nonconvex composite functions},
  volume = {17},
  year = {2016}
}

@article{furmston2016approximate,
  author = {Furmston, Thomas and Lever, Guy and Barber, David},
  journal = {Journal of Machine Learning Research},
  note = {\url{http://jmlr.org/papers/v17/15-414.html}},
  number = {226},
  openalex = {W2565081646},
  pages = {1--51},
  title = {Approximate Newton methods for policy search in Markov decision processes},
  volume = {17},
  year = {2016}
}

@article{ganin2016domain,
  author = {Ganin, Yaroslav and Ustinova, Evgeniya and Ajakan, Hana and Germain, Pascal and Larochelle, Hugo and Laviolette, François and Marchand, Mario and Lempitsky, Victor},
  journal = {Journal of Machine Learning Research},
  note = {\url{http://jmlr.org/papers/v17/15-239.html}},
  number = {59},
  openalex = {W1731081199},
  pages = {1--35},
  title = {Domain-Adversarial Training of Neural Networks},
  volume = {17},
  year = {2016}
}

@article{gao2016optimal,
  author = {Gao, Chao and Lu, Yu and Ma, Zongming and Zhou, Harrison H.},
  journal = {Journal of Machine Learning Research},
  note = {\url{http://jmlr.org/papers/v17/15-617.html}},
  number = {161},
  openalex = {W2963264888},
  pages = {1--29},
  title = {Optimal estimation and completion of matrices with biclustering structures},
  volume = {17},
  year = {2016}
}

@article{garcia2016consistency,
  author = {Trillos, Nicolás García and Slepčev, Dejan and Brecht, James von and Laurent, Thomas and Bresson, Xavier},
  journal = {Journal of Machine Learning Research},
  note = {\url{http://jmlr.org/papers/v17/14-490.html}},
  number = {181},
  openalex = {W2964179816},
  pages = {1--46},
  title = {Consistency of cheeger and ratio graph cuts},
  volume = {17},
  year = {2016}
}

@article{ghavamzadeh2016bayesian,
  author = {Ghavamzadeh, Mohammad and Engel, Yaakov and Valko, Michal},
  journal = {Journal of Machine Learning Research},
  note = {\url{http://jmlr.org/papers/v17/10-245.html}},
  number = {66},
  openalex = {W1869302287},
  pages = {1--53},
  title = {Bayesian Policy Gradient and Actor-Critic Algorithms},
  volume = {17},
  year = {2016}
}

@article{gillberg2016multiple,
  author = {Gillberg, Jussi and Marttinen, Pekka and Pirinen, Matti and Kangas, Antti J. and Soininen, Pasi and Ali, Mehreen and Havulinna, Aki S. and Järvelin, Marjo‐Riitta and Ala‐Korpela, Mika and Kaski, Samuel},
  journal = {Journal of Machine Learning Research},
  note = {\url{http://jmlr.org/papers/v17/14-436.html}},
  number = {122},
  openalex = {W2296206227},
  pages = {1--35},
  title = {Multiple output regression with latent noise},
  volume = {17},
  year = {2016}
}

@article{giscard2016exact,
  author = {Giscard, Pierre-Louis and Choo, Zacky and Thwaite, S. J. and Jaksch, Dieter},
  journal = {Journal of Machine Learning Research},
  note = {\url{http://jmlr.org/papers/v17/14-445.html}},
  number = {71},
  openalex = {W1911494939},
  pages = {1--19},
  title = {Exact inference on Gaussian graphical models of arbitrary topology using path-sums},
  volume = {17},
  year = {2016}
}

@article{gittens2016nystrom,
  author = {Gittens, Alex and Mahoney, Michael W.},
  journal = {Journal of Machine Learning Research},
  note = {\url{http://jmlr.org/papers/v17/gittens16a.html}},
  number = {117},
  pages = {1--65},
  title = {Revisiting the Nyström Method for Improved Large-scale Machine Learning},
  volume = {17},
  year = {2016}
}

@article{gomezrodriguez2016estimating,
  author = {Daneshmand, Hadi and Gomez-Rodriguez, Manuel and Song, Le and Schoelkopf, Bernhard},
  journal = {Journal of Machine Learning Research},
  note = {\url{http://jmlr.org/papers/v17/14-430.html}},
  number = {90},
  openalex = {W2950143436},
  pages = {1--29},
  title = {Estimating Diffusion Network Structures: Recovery Conditions, Sample Complexity & Soft-thresholding Algorithm},
  volume = {17},
  year = {2016}
}

@article{goncalves2016multi,
  author = {Gonçalves, André and Zuben, Fernando J. Von and Banerjee, Arindam},
  journal = {Journal of Machine Learning Research},
  note = {\url{http://jmlr.org/papers/v17/15-215.html}},
  number = {33},
  openalex = {W2401583556},
  pages = {1--30},
  title = {Multi-task sparse structure learning with Gaussian copula models},
  volume = {17},
  year = {2016}
}

@article{gonen2016subspace,
  author = {Gonen, Alon and Rosenbaum, Dan and Eldar, Yonina C. and Shalev‐Shwartz, Shai},
  journal = {Journal of Machine Learning Research},
  note = {\url{http://jmlr.org/papers/v17/14-443.html}},
  number = {52},
  openalex = {W2962868728},
  pages = {1--21},
  title = {Subspace learning with partial information},
  volume = {17},
  year = {2016}
}

@article{goudie2016gibbs,
  author = {Goudie, Robert J. B. and Mukherjee, Sach},
  journal = {Journal of Machine Learning Research},
  note = {\url{http://jmlr.org/papers/v17/14-486.html}},
  number = {30},
  openalex = {W2408281903},
  pages = {1--39},
  title = {A Gibbs Sampler for Learning DAGs.},
  volume = {17},
  year = {2016}
}

@article{guhaniyogi2016compressed,
  author = {Guhaniyogi, Rajarshi and Dunson, David B.},
  journal = {Journal of Machine Learning Research},
  note = {\url{http://jmlr.org/papers/v17/14-230.html}},
  number = {69},
  openalex = {W2462298112},
  pages = {1--26},
  title = {Compressed Gaussian process for manifold regression},
  volume = {17},
  year = {2016}
}

@article{gulchere2016knowledge,
  author = {Gülçehre, Çağlar and Bengio, Yoshua},
  journal = {Journal of Machine Learning Research},
  note = {\url{http://jmlr.org/papers/v17/gulchere16a.html}},
  number = {8},
  openalex = {W2614311475},
  pages = {1--32},
  title = {Knowledge Matters: Importance of Prior Information for Optimization},
  volume = {17},
  year = {2016}
}

@article{guo2016control,
  author = {Guo, Zijian and Small, Dylan S.},
  journal = {Journal of Machine Learning Research},
  note = {\url{http://jmlr.org/papers/v17/14-379.html}},
  number = {100},
  openalex = {W2269391234},
  pages = {1--35},
  title = {Control Function Instrumental Variable Estimation of Nonlinear Causal Effect Models},
  volume = {17},
  year = {2016}
}

@article{guo2016sparsity,
  author = {Guo, Xin and Fan, Jun and Zhou, Ding‐Xuan},
  journal = {Journal of Machine Learning Research},
  note = {\url{http://jmlr.org/papers/v17/11-207.html}},
  number = {89},
  openalex = {W2511460592},
  pages = {1--34},
  title = {Sparsity and error analysis of empirical feature-based regularization schemes},
  volume = {17},
  year = {2016}
}

@article{gupta2016monotonic,
  author = {Gupta, Maya R. and Cotter, Andrew and Pfeifer, Jan and Voevodski, Konstantin and Canini, Kevin Robert and Mangylov, Alexander and Moczydłowski, Wojciech and Esbroeck, Alexander Van},
  journal = {Journal of Machine Learning Research},
  note = {\url{http://jmlr.org/papers/v17/15-243.html}},
  number = {109},
  openalex = {W2248060815},
  pages = {1--47},
  title = {Monotonic calibrated interpolated look-up tables},
  volume = {17},
  year = {2016}
}

@article{gutmann2016bayesian,
  author = {Gutmann, Michael U. and Cor, Jukka and er, unknown},
  journal = {Journal of Machine Learning Research},
  note = {\url{http://jmlr.org/papers/v17/15-017.html}},
  number = {125},
  pages = {1--47},
  title = {Bayesian optimization for likelihood-free inference of simulator-based statistical models},
  volume = {17},
  year = {2016}
}

@article{hanneke2016optimal,
  author = {Hanneke, Steve},
  journal = {Journal of Machine Learning Research},
  note = {\url{http://jmlr.org/papers/v17/15-389.html}},
  number = {38},
  openalex = {W2964179321},
  pages = {1--15},
  title = {The optimal sample complexity OF PAC learning},
  volume = {17},
  year = {2016}
}

@article{hanneke2016refined,
  author = {Hanneke, Steve},
  journal = {Journal of Machine Learning Research},
  note = {\url{http://jmlr.org/papers/v17/15-655.html}},
  number = {135},
  openalex = {W2963007973},
  pages = {1--55},
  title = {Refined Error Bounds for Several Learning Algorithms},
  volume = {17},
  year = {2016}
}

@article{hazan2016blending,
  author = {Hazan, Tamir and Schwing, Alexander G. and Urtasun, Raquel},
  journal = {Journal of Machine Learning Research},
  note = {\url{http://jmlr.org/papers/v17/13-260.html}},
  number = {234},
  openalex = {W2586119848},
  pages = {1--25},
  title = {Blending learning and inference in conditional random fields},
  volume = {17},
  year = {2016}
}

@article{hazan2016volumetric,
  author = {Hazan, Elad and Karnin, Zohar},
  journal = {Journal of Machine Learning Research},
  note = {\url{http://jmlr.org/papers/v17/hazan16a.html}},
  number = {119},
  openalex = {W2962719622},
  pages = {1--34},
  title = {Volumetric Spanners: an Efficient Exploration Basis for Learning},
  volume = {17},
  year = {2016}
}

@article{he2016structure,
  author = {He, Ru and Tian, Jin and Wu, Huaiqing},
  journal = {Journal of Machine Learning Research},
  note = {\url{http://jmlr.org/papers/v17/14-497.html}},
  number = {101},
  openalex = {W2963723629},
  pages = {1--54},
  title = {Structure learning in Bayesian networks of a moderate size by efficient sampling},
  volume = {17},
  year = {2016}
}

@article{heller2016consistent,
  author = {Heller, Ruth and Heller, Yair and Kaufman, Shachar and Brill, Barak and Gorfine, Malka},
  journal = {Journal of Machine Learning Research},
  note = {\url{http://jmlr.org/papers/v17/14-441.html}},
  number = {29},
  openalex = {W2307206016},
  pages = {1--54},
  title = {Consistent distribution-free $K$-sample and independence tests for univariate random variables},
  volume = {17},
  year = {2016}
}

@article{henao2016electronic,
  author = {Henao, Ricardo and Lu, James T. and Lucas, Joseph E. and Ferranti, Jeffrey and Carin, Lawrence},
  journal = {Journal of Machine Learning Research},
  note = {\url{http://jmlr.org/papers/v17/15-429.html}},
  number = {186},
  openalex = {W2541242421},
  pages = {1--32},
  title = {Electronic health record analysis via deep Poisson factor models},
  volume = {17},
  year = {2016}
}

@article{hernandezlobato2016general,
  author = {Hernández-Lobato, José Miguel and Gelbart, Michael A. and Adams, Ryan P. and Hoffman, Matthew W. and Ghahramani, Zoubin},
  journal = {Journal of Machine Learning Research},
  note = {\url{http://jmlr.org/papers/v17/15-616.html}},
  number = {160},
  openalex = {W2186013251},
  pages = {1--53},
  title = {A general framework for constrained Bayesian optimization using information-based search},
  volume = {17},
  year = {2016}
}

@article{hernandezlobato2016non,
  author = {Hernández-Lobato, Daniel and Morales-Mombiela, Pablo and López-Paz, David and Suárez, Alberto},
  journal = {Journal of Machine Learning Research},
  note = {\url{http://jmlr.org/papers/v17/14-375.html}},
  number = {28},
  openalex = {W2124894873},
  pages = {1--39},
  title = {Non-linear Causal Inference Using Gaussianity Measures},
  volume = {17},
  year = {2016}
}

@article{ho2016latent,
  author = {Ho, Qirong and Yin, Junming and Xing, Eric P.},
  journal = {Journal of Machine Learning Research},
  note = {\url{http://jmlr.org/papers/v17/15-142.html}},
  number = {78},
  openalex = {W2416050356},
  pages = {1--41},
  title = {Latent space inference of internet-scale networks},
  volume = {17},
  year = {2016}
}

@article{hoffman2016large,
  author = {Hoffman, Judy and Pathak, Deepak and Tzeng, Eric and Long, Jonathan and Guadarrama, Sergio and Darrell, Trevor and Saenko, Kate},
  journal = {Journal of Machine Learning Research},
  note = {\url{http://jmlr.org/papers/v17/15-223.html}},
  number = {142},
  openalex = {W2520135321},
  pages = {1--31},
  title = {Large scale visual recognition through adaptation using joint representation and multiple instance learning},
  volume = {17},
  year = {2016}
}

@article{hsu2016loss,
  author = {Hsu, Daniel and Sabato, Sivan},
  journal = {Journal of Machine Learning Research},
  note = {\url{http://jmlr.org/papers/v17/14-273.html}},
  number = {18},
  openalex = {W2963572540},
  pages = {1--40},
  title = {Loss minimization and parameter estimation with heavy tails},
  volume = {17},
  year = {2016}
}

@article{hummel2016machine,
  author = {Hummel, Patrick and McAfee, Preston},
  journal = {Journal of Machine Learning Research},
  note = {\url{http://jmlr.org/papers/v17/15-109.html}},
  number = {197},
  openalex = {W2037537744},
  pages = {1--37},
  title = {Machine learning in an auction environment},
  volume = {17},
  year = {2016}
}

@article{ieva2016covariance,
  author = {Ieva, Francesca and Paganoni, Anna Maria and Tarabelloni, Nicholas},
  journal = {Journal of Machine Learning Research},
  note = {\url{http://jmlr.org/papers/v17/15-568.html}},
  number = {143},
  openalex = {W2520087131},
  pages = {1--21},
  title = {Covariance-based clustering in multivariate and functional data analysis},
  volume = {17},
  year = {2016}
}

@article{ivanoff2016adaptive,
  author = {Ivanoff, Stéphane and Picard, Franck and Rivoirard, Vincent},
  journal = {Journal of Machine Learning Research},
  note = {\url{http://jmlr.org/papers/v17/15-021.html}},
  number = {55},
  openalex = {W1897014605},
  pages = {1--46},
  title = {Adaptive Lasso and group-Lasso for functional Poisson regression},
  volume = {17},
  year = {2016}
}

@article{johnson2016learning,
  author = {Johnson, Jason K. and Oyen, Diane and Chertkov, Michael and Netrapalli, Praneeth},
  journal = {Journal of Machine Learning Research},
  note = {\url{http://jmlr.org/papers/v17/15-579.html}},
  number = {214},
  openalex = {W2963743315},
  pages = {1--26},
  title = {Learning planar ising models},
  volume = {17},
  year = {2016}
}

@article{josse2016bootstrap,
  author = {Josse, Julie and Wager, Stefan},
  journal = {Journal of Machine Learning Research},
  note = {\url{http://jmlr.org/papers/v17/14-534.html}},
  number = {124},
  openalex = {W2963481531},
  pages = {1--29},
  title = {Bootstrap-based regularization for low-rank matrix estimation},
  volume = {17},
  year = {2016}
}

@article{juba2016integrated,
  author = {Juba, Brendan},
  journal = {Journal of Machine Learning Research},
  note = {\url{http://jmlr.org/papers/v17/13-584.html}},
  number = {96},
  openalex = {W2513758859},
  pages = {1--37},
  title = {Integrated common sense learning and planning in POMDPs},
  volume = {17},
  year = {2016}
}

@article{kadri2016operator,
  author = {Kadri, Hachem and Duflos, Emmanuel and Preux, Pierre‐Marie and Canu, Stéphane and Rakotomamonjy, Alain and Audiffren, Julien},
  journal = {Journal of Machine Learning Research},
  note = {\url{http://jmlr.org/papers/v17/11-315.html}},
  number = {20},
  openalex = {W2234882433},
  pages = {1--54},
  title = {Operator-valued Kernels for Learning from Functional Response Data},
  volume = {17},
  year = {2016}
}

@article{kairouz2016extremal,
  author = {Kairouz, Peter and Oh, Sewoong and Viswanath, Pramod},
  journal = {Journal of Machine Learning Research},
  note = {\url{http://jmlr.org/papers/v17/15-135.html}},
  number = {17},
  openalex = {W2147435839},
  pages = {1--51},
  title = {Extremal Mechanisms for Local Differential Privacy},
  volume = {17},
  year = {2016}
}

@article{kaufman2016complexity,
  author = {Kaufmann, Emilie and Cappé, Olivier and Garivier, Aurélien},
  journal = {Journal of Machine Learning Research},
  note = {\url{http://jmlr.org/papers/v17/kaufman16a.html}},
  number = {1},
  openalex = {W1506859583},
  pages = {1--42},
  title = {On the Complexity of Best Arm Identification in Multi-Armed Bandit Models},
  volume = {17},
  year = {2016}
}

@article{khaleghi2016consistent,
  author = {Khaleghi, Azadeh and Ryabko, Daniil and Mary, Jérémie and Preux, Philippe},
  journal = {Journal of Machine Learning Research},
  note = {\url{http://jmlr.org/papers/v17/khaleghi16a.html}},
  number = {3},
  pages = {1--32},
  title = {Consistent Algorithms for Clustering Time Series},
  volume = {17},
  year = {2016}
}

@article{khetan2016data,
  author = {Khetan, Ashish and Oh, Sewoong},
  journal = {Journal of Machine Learning Research},
  note = {\url{http://jmlr.org/papers/v17/16-209.html}},
  number = {193},
  openalex = {W2295946735},
  pages = {1--54},
  title = {Data-driven rank breaking for efficient rank aggregation},
  volume = {17},
  year = {2016}
}

@article{klenske2016dual,
  author = {Klenske, Edgar D. and Hennig, Philipp},
  journal = {Journal of Machine Learning Research},
  note = {\url{http://jmlr.org/papers/v17/15-162.html}},
  number = {127},
  openalex = {W4297752578},
  pages = {1--30},
  title = {Dual Control for Approximate Bayesian Reinforcement Learning},
  volume = {17},
  year = {2016}
}

@article{komsamo2016string,
  author = {Samo, Yves-Laurent Kom and Roberts, Stephen},
  journal = {Journal of Machine Learning Research},
  note = {\url{http://jmlr.org/papers/v17/15-382.html}},
  number = {131},
  openalex = {W2963534788},
  pages = {1--87},
  title = {String and membrane Gaussian processes},
  volume = {17},
  year = {2016}
}

@article{kong2016the,
  author = {Kong, Yinfei and Zheng, Zemin and Lv, Jinchi},
  journal = {Journal of Machine Learning Research},
  note = {\url{http://jmlr.org/papers/v17/14-513.html}},
  number = {123},
  openalex = {W2962878843},
  pages = {1--22},
  title = {The constrained Dantzig selector with enhanced consistency},
  volume = {17},
  year = {2016}
}

@article{kouw2016feature,
  author = {Kouw, Wouter M. and Maaten, L.J.P. van der and Krijthe, Jesse H. and Loog, Marco},
  journal = {Journal of Machine Learning Research},
  note = {\url{http://jmlr.org/papers/v17/15-206.html}},
  number = {171},
  openalex = {W2962779927},
  pages = {1--32},
  title = {Feature-level domain adaptation},
  volume = {17},
  year = {2016}
}

@article{kpotufe2016gradients,
  author = {Kpotufe, Samory and Boularias, Abdeslam and Schultz, Thomas and Kim, Kyoungok},
  journal = {Journal of Machine Learning Research},
  note = {\url{http://jmlr.org/papers/v17/13-351.html}},
  number = {22},
  openalex = {W2404281127},
  pages = {1--34},
  title = {Gradients weights improve regression and classification},
  volume = {17},
  year = {2016}
}

@article{kumar2016rounding,
  author = {Kumar, M. Pawan and Dokania, Puneet K.},
  journal = {Journal of Machine Learning Research},
  note = {\url{http://jmlr.org/papers/v17/14-454.html}},
  number = {91},
  pages = {1--42},
  title = {Rounding-based Moves for Semi-Metric Labeling},
  volume = {17},
  year = {2016}
}

@article{kwon2016gains,
  author = {Perchet, Vianney and Kwon, Joon},
  journal = {Journal of Machine Learning Research},
  note = {\url{http://jmlr.org/papers/v17/15-503.html}},
  number = {227},
  openalex = {W2270061711},
  pages = {1--32},
  title = {Gains and Losses are Fundamentally Different in Regret Minimization: The Sparse Case},
  volume = {17},
  year = {2016}
}

@article{laarhoven2016local,
  author = {Laarhoven, Twan van and Marchiori, Elena},
  journal = {Journal of Machine Learning Research},
  note = {\url{http://jmlr.org/papers/v17/16-043.html}},
  number = {147},
  openalex = {W2952223573},
  pages = {1--28},
  title = {Local Network Community Detection with Continuous Optimization of Conductance and Weighted Kernel K-Means},
  volume = {17},
  year = {2016}
}

@article{lapuschkin2016lrp,
  author = {Lapuschkin, Sebastian and Binder, Alexander and Montavon, Grégoire and Müller, Klaus‐Robert and Samek, Wojciech},
  journal = {Journal of Machine Learning Research},
  note = {\url{http://jmlr.org/papers/v17/15-618.html}},
  number = {114},
  openalex = {W2521500513},
  pages = {1--5},
  title = {The LRP toolbox for artificial neural networks},
  volume = {17},
  year = {2016}
}

@article{lazaric2016analysis,
  author = {Lazaric, Alessandro and Ghavamzadeh, Mohammad and Munos, Rémi},
  journal = {Journal of Machine Learning Research},
  note = {\url{http://jmlr.org/papers/v17/10-364.html}},
  number = {19},
  openalex = {W2397607997},
  pages = {1--30},
  title = {Analysis of Classification-based Policy Iteration Algorithms},
  volume = {17},
  year = {2016}
}

@article{lee2016llorma,
  author = {Lee, Joonseok and Kim, Seungyeon and Lebanon, Guy and Singer, Yoram and Bengio, Samy},
  journal = {Journal of Machine Learning Research},
  note = {\url{http://jmlr.org/papers/v17/14-301.html}},
  number = {15},
  openalex = {W2336195973},
  pages = {1--24},
  title = {LLORMA: local low-rank matrix approximation},
  volume = {17},
  year = {2016}
}

@article{lefakis2016jointly,
  author = {Lefakis, Leonidas and Fleuret, François},
  journal = {Journal of Machine Learning Research},
  note = {\url{http://jmlr.org/papers/v17/15-026.html}},
  number = {182},
  openalex = {W2541706296},
  pages = {1--39},
  title = {Jointly informative feature selection made tractable by Gaussian modeling},
  volume = {17},
  year = {2016}
}

@article{leifert2016cells,
  author = {Leifert, Gundram and Strauß, Tobias and Grüning, Tobias and Wustlich, Welf and Labahn, Roger},
  journal = {Journal of Machine Learning Research},
  note = {\url{http://jmlr.org/papers/v17/14-203.html}},
  number = {97},
  openalex = {W2962896736},
  pages = {1--37},
  title = {Cells in Multidimensional Recurrent Neural Networks},
  volume = {17},
  year = {2016}
}

@article{lemeire2016conditional,
  author = {Lemeire, Jan},
  journal = {Journal of Machine Learning Research},
  note = {\url{http://jmlr.org/papers/v17/14-450.html}},
  number = {151},
  openalex = {W2528639962},
  pages = {1--20},
  title = {Conditional independencies under the algorithmic independence of conditionals},
  volume = {17},
  year = {2016}
}

@article{levine2016end,
  author = {Levine, Sergey and Finn, Chelsea and Darrell, Trevor and Abbeel, Pieter},
  journal = {Journal of Machine Learning Research},
  note = {\url{http://jmlr.org/papers/v17/15-522.html}},
  number = {39},
  openalex = {W2964161785},
  pages = {1--40},
  title = {End-to-end training of deep visuomotor policies},
  volume = {17},
  year = {2016}
}

@article{li2016olps,
  author = {Li, Bin and Sahoo, Doyen and Hoi, Steven C. H.},
  journal = {Journal of Machine Learning Research},
  note = {\url{http://jmlr.org/papers/v17/15-317.html}},
  number = {35},
  openalex = {W2185958032},
  pages = {1--5},
  title = {OLPS: a toolbox for on-line portfolio selection},
  volume = {17},
  year = {2016}
}

@article{lin2016iterative,
  author = {Lin, Junhong and Rosasco, Lorenzo and Zhou, Ding‐Xuan},
  journal = {Journal of Machine Learning Research},
  note = {\url{http://jmlr.org/papers/v17/15-115.html}},
  number = {77},
  openalex = {W2964177647},
  pages = {1--38},
  title = {Iterative Regularization for Learning with Convex Loss Functions},
  volume = {17},
  year = {2016}
}

@article{lin2016penalized,
  author = {Lin, Jiahe and Basu, Sumanta and Banerjee, Moulinath and Michailidis, George},
  journal = {Journal of Machine Learning Research},
  note = {\url{http://jmlr.org/papers/v17/16-004.html}},
  number = {146},
  openalex = {W2231123642},
  pages = {1--51},
  title = {Penalized Maximum Likelihood Estimation of Multi-layered Gaussian Graphical Models},
  volume = {17},
  year = {2016}
}

@article{liu2016teaching,
  author = {Liu, Ji and Zhu, Xiaojin},
  journal = {Journal of Machine Learning Research},
  note = {\url{http://jmlr.org/papers/v17/15-630.html}},
  number = {162},
  openalex = {W2963670910},
  pages = {1--25},
  title = {The teaching dimension of linear learners},
  volume = {17},
  year = {2016}
}

@article{lizotte2016multi,
  author = {Lizotte, Daniel J. and Laber, Eric B.},
  journal = {Journal of Machine Learning Research},
  note = {\url{http://jmlr.org/papers/v17/15-252.html}},
  number = {210},
  openalex = {W2567566400},
  pages = {1--28},
  title = {Multi-Objective Markov Decision Processes for Data-Driven Decision Support.},
  volume = {17},
  year = {2016}
}

@article{london2016stability,
  author = {London, Ben and Huang, Bert and Getoor, Lise},
  journal = {Journal of Machine Learning Research},
  note = {\url{http://jmlr.org/papers/v17/15-501.html}},
  number = {221},
  openalex = {W2582593119},
  pages = {1--52},
  title = {Stability and generalization in structured prediction},
  volume = {17},
  year = {2016}
}

@article{lu2016large,
  author = {Lu, Jing and Hoi, Steven C. H. and Wang, Jialei and Zhao, Peilin and Liu, Zhiyong},
  journal = {Journal of Machine Learning Research},
  note = {\url{http://jmlr.org/papers/v17/14-148.html}},
  number = {47},
  openalex = {W2408432900},
  pages = {1--43},
  title = {Large scale online kernel learning},
  volume = {17},
  year = {2016}
}

@article{luca2016one,
  author = {Luca, Stijn and Clifton, David A. and Vanrumste, Bart},
  journal = {Journal of Machine Learning Research},
  note = {\url{http://jmlr.org/papers/v17/16-112.html}},
  number = {191},
  openalex = {W2543846964},
  pages = {1--21},
  title = {One-class classification of point patterns of extremes},
  volume = {17},
  year = {2016}
}

@article{luttinen2016bayespy,
  author = {Luttinen, Jaakko},
  journal = {Journal of Machine Learning Research},
  note = {\url{http://jmlr.org/papers/v17/luttinen16a.html}},
  number = {41},
  openalex = {W1501330831},
  pages = {1--6},
  title = {BayesPy: Variational Bayesian Inference in Python},
  volume = {17},
  year = {2016}
}

@article{lyzinski2016consistency,
  author = {Lyzinski, Vince and Levin, Keith and Fishkind, Donniell E. and Priebe, Carey E.},
  journal = {Journal of Machine Learning Research},
  note = {\url{http://jmlr.org/papers/v17/16-343.html}},
  number = {179},
  openalex = {W2963078745},
  pages = {1--34},
  title = {On the Consistency of the Likelihood Maximization Vertex Nomination Scheme: Bridging the Gap Between Maximum Likelihood Estimation and Graph Matching},
  volume = {17},
  year = {2016}
}

@article{ma2016joint,
  author = {Ma, Jing and Michailidis, George},
  journal = {Journal of Machine Learning Research},
  note = {\url{http://jmlr.org/papers/v17/15-656.html}},
  number = {166},
  openalex = {W2528307994},
  pages = {1--48},
  title = {Joint structural estimation of multiple graphical models},
  volume = {17},
  year = {2016}
}

@article{ma2016linear,
  author = {Ma, Chenxin and Tappenden, Rachael and Takáč, Martin},
  journal = {Journal of Machine Learning Research},
  note = {\url{http://jmlr.org/papers/v17/15-541.html}},
  number = {228},
  openalex = {W2962704024},
  pages = {1--24},
  title = {Linear convergence of randomized feasible descent methods under the weak strong convexity assumption},
  volume = {17},
  year = {2016}
}

@article{maggioni2016multiscale,
  author = {Maggioni, Mauro and Minsker, Stanislav and Strawn, Nate},
  journal = {Journal of Machine Learning Research},
  note = {\url{http://jmlr.org/papers/v17/maggioni16a.html}},
  number = {2},
  openalex = {W2299870838},
  pages = {1--51},
  title = {Multiscale dictionary learning: non-asymptotic bounds and robustness},
  volume = {17},
  year = {2016}
}

@article{mansinghka2016crosscat,
  author = {Mansinghka, Vikash K. and Shafto, Patrick and Jonas, Eric and Petschulat, Cap and Gasner, Max and Tenenbaum, Joshua B.},
  journal = {Journal of Machine Learning Research},
  note = {\url{http://jmlr.org/papers/v17/11-392.html}},
  number = {138},
  openalex = {W2964283485},
  pages = {1--49},
  title = {CrossCat: a fully Bayesian nonparametric method for analyzing heterogeneous, high dimensional data},
  volume = {17},
  year = {2016}
}

@article{manukyan2016classification,
  author = {Manukyan, Artür and Ceyhan, Elvan},
  journal = {Journal of Machine Learning Research},
  note = {\url{http://jmlr.org/papers/v17/15-604.html}},
  number = {189},
  openalex = {W2540850297},
  pages = {1--40},
  title = {Classification of imbalanced data with a geometric digraph family},
  volume = {17},
  year = {2016}
}

@article{martinez2016scalable,
  author = {Martínez, Ana M. and Webb, Geoffrey I. and Chen, Shenglei and Zaidi, Nayyar A.},
  journal = {Journal of Machine Learning Research},
  note = {\url{http://jmlr.org/papers/v17/martinez16a.html}},
  number = {44},
  pages = {1--35},
  title = {Scalable learning of Bayesian network classifiers},
  volume = {17},
  year = {2016}
}

@article{maurer2016the,
  author = {Maurer, Andreas and Pontil, Massimiliano and Romera‐Paredes, Bernardino},
  journal = {Journal of Machine Learning Research},
  note = {\url{http://jmlr.org/papers/v17/15-242.html}},
  number = {81},
  openalex = {W2237537322},
  pages = {1--32},
  title = {The benefit of multitask representation learning},
  volume = {17},
  year = {2016}
}

@article{maurya2016well,
  author = {Maurya, Ashwini},
  journal = {Journal of Machine Learning Research},
  note = {\url{http://jmlr.org/papers/v17/15-345.html}},
  number = {130},
  openalex = {W2964105278},
  pages = {1--28},
  title = {A Well-Conditioned and Sparse Estimation of Covariance and Inverse Covariance Matrices Using a Joint Penalty},
  volume = {17},
  year = {2016}
}

@article{mcdonald2016new,
  author = {McDonald, Andrew M. and Pontil, Massimiliano and Stamos, Dimitris},
  journal = {Journal of Machine Learning Research},
  note = {\url{http://jmlr.org/papers/v17/15-151.html}},
  number = {155},
  openalex = {W2964308881},
  pages = {1--38},
  title = {New perspectives on k-support and cluster norms},
  volume = {17},
  year = {2016}
}

@article{mcqueen2016megaman,
  author = {McQueen, James M. and Meilă, Marina and VanderPlas, Jacob T. and Zhang, Zhongyue},
  journal = {Journal of Machine Learning Research},
  note = {\url{http://jmlr.org/papers/v17/16-109.html}},
  number = {148},
  openalex = {W2518916044},
  pages = {1--5},
  title = {Megaman: scalable manifold learning in python},
  volume = {17},
  year = {2016}
}

@article{meister2016optimal,
  author = {Meister, Mona and Steinwart, Ingo},
  journal = {Journal of Machine Learning Research},
  note = {\url{http://jmlr.org/papers/v17/14-023.html}},
  number = {194},
  openalex = {W2212164809},
  pages = {1--44},
  title = {Optimal learning rates for localized SVMs},
  volume = {17},
  year = {2016}
}

@article{melchior2016how,
  author = {Melchior, Jan and Fischer, Asja and Wiskott, Laurenz},
  journal = {Journal of Machine Learning Research},
  note = {\url{http://jmlr.org/papers/v17/14-237.html}},
  number = {99},
  openalex = {W2517166081},
  pages = {1--61},
  title = {How to center deep Boltzmann machines},
  volume = {17},
  year = {2016}
}

@article{meng2016mllib,
  author = {Meng, Xiangrui and Bradley, Joseph K. and Yavuz, Burak and Sparks, Evan and Venkataraman, Shivaram and Liu, Davies and Freeman, Jeremy and Tsai, DB and Amde, Manish and Owen, Sean and Xin, Doris and Xin, Reynold and Franklin, Michael J. and Zadeh, Reza Bosagh and Zaharia, Matei and Talwalkar, Ameet},
  journal = {Journal of Machine Learning Research},
  note = {\url{http://jmlr.org/papers/v17/15-237.html}},
  number = {34},
  openalex = {W2963288913},
  pages = {1--7},
  title = {MLlib: Machine Learning in Apache Spark},
  volume = {17},
  year = {2016}
}

@article{menon2016bipartite,
  author = {Menon, Aditya Krishna and Williamson, Robert C.},
  journal = {Journal of Machine Learning Research},
  note = {\url{http://jmlr.org/papers/v17/14-265.html}},
  number = {195},
  openalex = {W2558430786},
  pages = {1--102},
  title = {Bipartite ranking: a risk-theoretic perspective},
  volume = {17},
  year = {2016}
}

@article{mentch2016quantifying,
  author = {Mentch, Lucas and Hooker, Giles},
  journal = {Journal of Machine Learning Research},
  note = {\url{http://jmlr.org/papers/v17/14-168.html}},
  number = {26},
  openalex = {W2207674461},
  pages = {1--41},
  title = {Quantifying uncertainty in random forests via confidence intervals and hypothesis tests},
  volume = {17},
  year = {2016}
}

@article{minh2016unifying,
  author = {Minh, Hà Quang and Bazzani, Loris and Murino, Vittorio},
  journal = {Journal of Machine Learning Research},
  note = {\url{http://jmlr.org/papers/v17/14-036.html}},
  number = {25},
  openalex = {W1561152804},
  pages = {1--72},
  title = {A unifying framework in vector-valued reproducing kernel Hilbert spaces for manifold regularization and co-regularized multi-view learning},
  volume = {17},
  year = {2016}
}

@article{mirzasoleiman2016framework,
  author = {Mirzasoleiman, Baharan and Karbasi, Amin and Sarkar, Rik and Krause, Andreas},
  journal = {Journal of Machine Learning Research},
  note = {\url{http://jmlr.org/papers/v17/mirzasoleiman16a.html}},
  number = {235},
  pages = {1--44},
  title = {A New Framework for Distributed Submodular Maximization},
  volume = {17},
  year = {2016}
}

@article{misra2016stable,
  author = {Misra, Navodit and Kuruoğlu, Erçan E.},
  journal = {Journal of Machine Learning Research},
  note = {\url{http://jmlr.org/papers/v17/14-150.html}},
  number = {168},
  openalex = {W2963754199},
  pages = {1--36},
  title = {Stable graphical models},
  volume = {17},
  year = {2016}
}

@article{moghaddass2016factorized,
  author = {Moghaddass, Ramin and Rudin, Cynthia and Madigan, David},
  journal = {Journal of Machine Learning Research},
  note = {\url{http://jmlr.org/papers/v17/15-405.html}},
  number = {185},
  openalex = {W2542915588},
  pages = {1--24},
  title = {The factorized self-controlled case series method: an approach for estimating the effects of many drugs on any outcomes},
  volume = {17},
  year = {2016}
}

@article{mohri2016learning,
  author = {Mohri, Mehryar and Medina, Andrés Muñoz},
  journal = {Journal of Machine Learning Research},
  note = {\url{http://jmlr.org/papers/v17/14-499.html}},
  number = {74},
  openalex = {W2418924390},
  pages = {1--25},
  title = {Learning algorithms for second-price auctions with reserve},
  volume = {17},
  year = {2016}
}

@article{mokhtari2016dsa,
  author = {Mokhtari, Aryan and Ribeiro, Alejandro},
  journal = {Journal of Machine Learning Research},
  note = {\url{http://jmlr.org/papers/v17/15-292.html}},
  number = {61},
  openalex = {W2216483973},
  pages = {1--35},
  title = {DSA: Decentralized Double Stochastic Averaging Gradient Algorithm},
  volume = {17},
  year = {2016}
}

@article{montjoye2016bandicoot,
  author = {de Montjoye, Yves-Alexandre and Rocher, Luc and Pentland, Alex Sandy},
  journal = {Journal of Machine Learning Research},
  note = {\url{http://jmlr.org/papers/v17/15-593.html}},
  number = {175},
  pages = {1--5},
  title = {bandicoot: a python toolbox for mobile phone metadata},
  volume = {17},
  year = {2016}
}

@article{mooij2016distinguishing,
  author = {Mooij, Joris M. and Peters, Jonas and Janzing, Dominik and Zscheischler, Jakob and Schölkopf, Bernhard},
  journal = {Journal of Machine Learning Research},
  note = {\url{http://jmlr.org/papers/v17/14-518.html}},
  number = {32},
  openalex = {W1850984366},
  pages = {1--102},
  title = {Distinguishing cause from effect using observational data: methods and benchmarks},
  volume = {17},
  year = {2016}
}

@article{mu2016kernel,
  author = {Muandet, Krikamol and Sriperumbudur, Bharath K. and Fukumizu, Kenji and Gretton, Arthur and Schölkopf, Bernhard},
  journal = {Journal of Machine Learning Research},
  note = {\url{http://jmlr.org/papers/v17/14-195.html}},
  number = {48},
  openalex = {W2963477486},
  pages = {1--41},
  title = {Kernel mean shrinkage estimators},
  volume = {17},
  year = {2016}
}

@article{neu2016importance,
  author = {Neu, Gergely and Bartók, Gábor},
  journal = {Journal of Machine Learning Research},
  note = {\url{http://jmlr.org/papers/v17/15-091.html}},
  number = {154},
  openalex = {W4293536440},
  pages = {1--21},
  title = {Importance weighting without importance weights: An efficient algorithm for combinatorial semi-bandits},
  volume = {17},
  year = {2016}
}

@article{neykov2016characterization,
  author = {Neykov, Matey and Liu, Jun S. and Cai, Tianxi},
  journal = {Journal of Machine Learning Research},
  note = {\url{http://jmlr.org/papers/v17/14-306.html}},
  number = {70},
  openalex = {W2418782776},
  pages = {1--32},
  title = {On the characterization of a class of fisher-consistent loss functions and its application to boosting},
  volume = {17},
  year = {2016}
}

@article{neykov2016l1,
  author = {Neykov, Matey and Liu, Jun S. and Cai, Tianxi},
  journal = {Journal of Machine Learning Research},
  note = {\url{http://jmlr.org/papers/v17/16-006.html}},
  number = {87},
  openalex = {W2963082829},
  pages = {1--37},
  title = {L1-Regularized Least Squares for Support Recovery of High Dimensional Single Index Models with Gaussian Designs},
  volume = {17},
  year = {2016}
}

@article{nie2016online,
  author = {Nie, Jiazhong and Kotłowski, Wojciech and Warmuth, Manfred K.},
  journal = {Journal of Machine Learning Research},
  note = {\url{http://jmlr.org/papers/v17/15-320.html}},
  number = {173},
  openalex = {W2538881007},
  pages = {1--49},
  title = {Online PCA with optimal regret},
  volume = {17},
  year = {2016}
}

@article{niinimaki2016structure,
  author = {Niinimäki, Teppo and Parviainen, Pekka and Koivisto, Mikko},
  journal = {Journal of Machine Learning Research},
  note = {\url{http://jmlr.org/papers/v17/15-140.html}},
  number = {57},
  openalex = {W2397336691},
  pages = {1--47},
  title = {Structure discovery in Bayesian networks by sampling partial orders},
  volume = {17},
  year = {2016}
}

@article{nishiyama2016characteristic,
  author = {Nishiyama, Yu and Fukumizu, Kenji},
  journal = {Journal of Machine Learning Research},
  note = {\url{http://jmlr.org/papers/v17/14-132.html}},
  number = {180},
  openalex = {W2963609584},
  pages = {1--28},
  title = {Characteristic kernels and infinitely divisible distributions},
  volume = {17},
  year = {2016}
}

@article{oates2016estimating,
  author = {Oates, Chris J. and Smith, Jim Q. and Mukherjee, Sach},
  journal = {Journal of Machine Learning Research},
  note = {\url{http://jmlr.org/papers/v17/14-479.html}},
  number = {54},
  openalex = {W2245935442},
  pages = {1--23},
  title = {Estimating causal structure using conditional DAG models},
  volume = {17},
  year = {2016}
}

@article{odense2016universal,
  author = {Odense, Simon and Edwards, Roderick},
  journal = {Journal of Machine Learning Research},
  note = {\url{http://jmlr.org/papers/v17/15-478.html}},
  number = {158},
  openalex = {W2529583158},
  pages = {1--21},
  title = {Universal approximation results for the temporal restricted Boltzmann machine and the recurrent temporal restricted Boltzmann machine},
  volume = {17},
  year = {2016}
}

@article{pahikkala2016rlscore,
  author = {Pahikkala, Tapio and Airola, Antti},
  journal = {Journal of Machine Learning Research},
  note = {\url{http://jmlr.org/papers/v17/16-470.html}},
  number = {220},
  openalex = {W2580903965},
  pages = {1--5},
  title = {RLScore: regularized least-squares learners},
  volume = {17},
  year = {2016}
}

@article{park2016efficient,
  author = {Park, Chiwoo and Huang, Jianhua Z.},
  journal = {Journal of Machine Learning Research},
  note = {\url{http://jmlr.org/papers/v17/15-327.html}},
  number = {174},
  openalex = {W2542075568},
  pages = {1--29},
  title = {Efficient computation of Gaussian process regression for large spatial data sets by patching local Gaussian processes},
  volume = {17},
  year = {2016}
}

@article{pavlidis2016minimum,
  author = {Pavlidis, Nicos G. and Hofmeyr, David P. and Tasoulis, Sotiris K.},
  journal = {Journal of Machine Learning Research},
  note = {\url{http://jmlr.org/papers/v17/15-307.html}},
  number = {156},
  openalex = {W2962732217},
  pages = {1--33},
  title = {Minimum density hyperplanes},
  volume = {17},
  year = {2016}
}

@article{peng2016error,
  author = {Peng, Bo and Wang, Lan and Wu, Yichao},
  journal = {Journal of Machine Learning Research},
  note = {\url{http://jmlr.org/papers/v17/15-654.html}},
  number = {233},
  openalex = {W2587440580},
  pages = {1--26},
  title = {An error bound for L 1 -norm support vector machine coefficients in ultra-high dimension},
  volume = {17},
  year = {2016}
}

@article{petersen2016convex,
  author = {Petersen, Ashley and Simon, Noah and Witten, Daniela},
  journal = {Journal of Machine Learning Research},
  note = {\url{http://jmlr.org/papers/v17/15-344.html}},
  number = {94},
  openalex = {W2510091844},
  pages = {1--31},
  title = {Convex Regression with Interpretable Sharp Partitions.},
  volume = {17},
  year = {2016}
}

@article{pfeuffer2016bounded,
  author = {Pfeuffer, Julianus and Serang, Oliver},
  journal = {Journal of Machine Learning Research},
  note = {\url{http://jmlr.org/papers/v17/15-319.html}},
  number = {36},
  openalex = {W2963041396},
  pages = {1--39},
  title = {A bounded p-norm approximation of max-convolution for sub-quadratic Bayesian Inference on additive factors},
  volume = {17},
  year = {2016}
}

@article{pilanci2016iterative,
  author = {Pilancı, Mert and Wainwright, Martin J.},
  journal = {Journal of Machine Learning Research},
  note = {\url{http://jmlr.org/papers/v17/14-460.html}},
  number = {53},
  openalex = {W2963002486},
  pages = {1--38},
  title = {Iterative hessian sketch: fast and accurate solution approximation for constrained least-squares},
  volume = {17},
  year = {2016}
}

@article{qian2016kernel,
  author = {Qian, Wei and Yang, Yuhong},
  journal = {Journal of Machine Learning Research},
  note = {\url{http://jmlr.org/papers/v17/13-210.html}},
  number = {149},
  openalex = {W2296579470},
  pages = {1--37},
  title = {Kernel estimation and model combination in a bandit problem with covariates},
  volume = {17},
  year = {2016}
}

@article{qin2016online,
  author = {Qin, Xiangju and Cunningham, Pádraig and Salter‐Townshend, Michael},
  journal = {Journal of Machine Learning Research},
  note = {\url{http://jmlr.org/papers/v17/15-454.html}},
  number = {200},
  openalex = {W2557240187},
  pages = {1--51},
  title = {Online trans-dimensional von Mises-Fisher mixture models for user profiles},
  volume = {17},
  year = {2016}
}

@article{ramaswamy2016convex,
  author = {Ramaswamy, Harish G. and Agarwal, Shivani},
  journal = {Journal of Machine Learning Research},
  note = {\url{http://jmlr.org/papers/v17/14-316.html}},
  number = {14},
  openalex = {W2188209982},
  pages = {1--45},
  title = {Convex calibration dimension for multiclass loss matrices},
  volume = {17},
  year = {2016}
}

@article{raskutti2016statistical,
  author = {Raskutti, Garvesh and Mahoney, Michael W.},
  journal = {Journal of Machine Learning Research},
  note = {\url{http://jmlr.org/papers/v17/15-440.html}},
  number = {213},
  openalex = {W2962842430},
  pages = {1--31},
  title = {A Statistical Perspective on Randomized Sketching for Ordinary Least-Squares},
  volume = {17},
  year = {2016}
}

@article{read2016meka,
  author = {Read, Jesse and Reutemann, Peter and Pfahringer, Bernhard and Holmes, Geoff},
  journal = {Journal of Machine Learning Research},
  note = {\url{http://jmlr.org/papers/v17/12-164.html}},
  number = {21},
  pages = {1--5},
  title = {Meka: a multi-label/multi-target extension to weka},
  volume = {17},
  year = {2016}
}

@article{reshef2016measuring,
  author = {Reshef, Yakir and Reshef, David N. and Finucane, Hilary K. and Sabeti, Pardis C. and Mitzenmacher, Michael},
  journal = {Journal of Machine Learning Research},
  note = {\url{http://jmlr.org/papers/v17/15-308.html}},
  number = {211},
  openalex = {W898167003},
  pages = {1--63},
  title = {Measuring dependence powerfully and equitably},
  volume = {17},
  year = {2016}
}

@article{reyes2016jclal,
  author = {Reyes, Óscar and Pérez, Eduardo Martínez and Rodríguez-Hernández, María del Carmen and Fardoun, Habib M. and Ventura, Sebastián},
  journal = {Journal of Machine Learning Research},
  note = {\url{http://jmlr.org/papers/v17/15-347.html}},
  number = {95},
  openalex = {W2511186734},
  pages = {1--5},
  title = {JCLAL: a Java framework for active learning},
  volume = {17},
  year = {2016}
}

@article{richtarik2016distributed,
  author = {Richtárik, Peter and Takáč, Martin},
  journal = {Journal of Machine Learning Research},
  note = {\url{http://jmlr.org/papers/v17/15-001.html}},
  number = {75},
  openalex = {W1845160311},
  pages = {1--25},
  title = {Distributed coordinate descent method for learning with big data},
  volume = {17},
  year = {2016}
}

@article{rieck2016harry,
  author = {Rieck, Konrad and Wressnegger, Christian},
  journal = {Journal of Machine Learning Research},
  note = {\url{http://jmlr.org/papers/v17/rieck16a.html}},
  number = {9},
  openalex = {W2298909997},
  pages = {1--5},
  title = {Harry: a tool for measuring string similarity},
  volume = {17},
  year = {2016}
}

@article{rohde2016semiparametric,
  author = {Rohde, David and P. W, Matt and unknown},
  journal = {Journal of Machine Learning Research},
  note = {\url{http://jmlr.org/papers/v17/15-276.html}},
  number = {172},
  pages = {1--47},
  title = {Semiparametric mean field variational Bayes: general principles and numerical issues},
  volume = {17},
  year = {2016}
}

@article{romano2016adjusting,
  author = {Romano, Simone and Vinh, Nguyễn Xuân and Bailey, James and Verspoor, Karin},
  journal = {Journal of Machine Learning Research},
  note = {\url{http://jmlr.org/papers/v17/15-627.html}},
  number = {134},
  openalex = {W2963083182},
  pages = {1--32},
  title = {Adjusting for chance clustering comparison measures},
  volume = {17},
  year = {2016}
}

@article{russo2016information,
  author = {Russo, Daniel and Roy, Benjamin Van},
  journal = {Journal of Machine Learning Research},
  note = {\url{http://jmlr.org/papers/v17/14-087.html}},
  number = {68},
  openalex = {W2962901934},
  pages = {1--30},
  title = {An information-theoretic analysis of Thompson sampling},
  volume = {17},
  year = {2016}
}

@article{savitsky2016scalable,
  author = {Savitsky, Terrance D.},
  journal = {Journal of Machine Learning Research},
  note = {\url{http://jmlr.org/papers/v17/15-088.html}},
  number = {225},
  openalex = {W2565494996},
  pages = {1--49},
  title = {Scalable approximate Bayesian inference for outlier detection under informative sampling},
  volume = {17},
  year = {2016}
}

@article{schulam2016integrative,
  author = {Schulam, Peter and Saria, Suchi},
  journal = {Journal of Machine Learning Research},
  note = {\url{http://jmlr.org/papers/v17/15-436.html}},
  number = {232},
  openalex = {W2586238671},
  pages = {1--35},
  title = {Integrative analysis using coupled latent variable models for individualizing prognoses},
  volume = {17},
  year = {2016}
}

@article{seijen2016true,
  author = {Seijen, Harm van and Mahmood, A. Rupam and Pilarski, Patrick M. and Machado, Marlos C. and Sutton, Richard S.},
  journal = {Journal of Machine Learning Research},
  note = {\url{http://jmlr.org/papers/v17/15-599.html}},
  number = {145},
  openalex = {W4295231058},
  pages = {1--40},
  title = {True Online Temporal-Difference Learning},
  volume = {17},
  year = {2016}
}

@article{shah2016double,
  author = {Shah, Nihar B. and Zhou, Dengyong},
  journal = {Journal of Machine Learning Research},
  note = {\url{http://jmlr.org/papers/v17/15-642.html}},
  number = {165},
  openalex = {W2728944333},
  pages = {1--52},
  title = {Double or nothing: multiplicative incentive mechanisms for Crowdsourcing},
  volume = {17},
  year = {2016}
}

@article{shah2016estimation,
  author = {Shah, Nihar B. and Balakrishnan, Sivaraman and Bradley, Joseph K. and Parekh, Abhay and Ramchandran, Kannan and Wainwright, Martin J.},
  journal = {Journal of Machine Learning Research},
  note = {\url{http://jmlr.org/papers/v17/15-189.html}},
  number = {58},
  openalex = {W2147987877},
  pages = {1--47},
  title = {Estimation from pairwise comparisons: sharp minimax bounds with topology dependence},
  volume = {17},
  year = {2016}
}

@article{shah2016modelling,
  author = {Shah, Rajen D.},
  journal = {Journal of Machine Learning Research},
  note = {\url{http://jmlr.org/papers/v17/13-515.html}},
  number = {207},
  openalex = {W2508704000},
  pages = {1--31},
  title = {Modelling interactions in high-dimensional data with backtracking},
  volume = {17},
  year = {2016}
}

@article{shen2016general,
  author = {Shen, Dan and Shen, Haipeng and Marron, J. S.},
  journal = {Journal of Machine Learning Research},
  note = {\url{http://jmlr.org/papers/v17/14-229.html}},
  number = {150},
  openalex = {W2963274255},
  pages = {1--34},
  title = {A general framework for consistency of principal component analysis},
  volume = {17},
  year = {2016}
}

@article{shimkin2016online,
  author = {Shimkin, Nahum},
  journal = {Journal of Machine Learning Research},
  note = {\url{http://jmlr.org/papers/v17/15-339.html}},
  number = {129},
  openalex = {W2964292759},
  pages = {1--23},
  title = {An online convex optimization approach to Blackwell's approachability},
  volume = {17},
  year = {2016}
}

@article{shin2016interleaved,
  author = {Shin, Hoo-Chang and Lü, Le and Kim, Lauren and Seff, Ari and Yao, Jianhua and Summers, Ronald M.},
  journal = {Journal of Machine Learning Research},
  note = {\url{http://jmlr.org/papers/v17/15-176.html}},
  number = {107},
  openalex = {W2963639714},
  pages = {1--31},
  title = {Interleaved text/image deep mining on a large-scale radiology database for automated image interpretation},
  volume = {17},
  year = {2016}
}

@article{silva2016causal,
  author = {Silva, Ricardo and Evans, Robin J.},
  journal = {Journal of Machine Learning Research},
  note = {\url{http://jmlr.org/papers/v17/15-130.html}},
  number = {56},
  openalex = {W2121153869},
  pages = {1--53},
  title = {Causal inference through a witness protection program},
  volume = {17},
  year = {2016}
}

@article{sojoudi2016equivalence,
  author = {Sojoudi, Somayeh},
  journal = {Journal of Machine Learning Research},
  note = {\url{http://jmlr.org/papers/v17/16-013.html}},
  number = {115},
  openalex = {W2475483933},
  pages = {1--21},
  title = {Equivalence of graphical lasso and thresholding for sparse graphs},
  volume = {17},
  year = {2016}
}

@article{su2016a,
  author = {Su, Weijie and Boyd, Stephen and Candès, Emmanuel J.},
  journal = {Journal of Machine Learning Research},
  note = {\url{http://jmlr.org/papers/v17/15-084.html}},
  number = {153},
  openalex = {W2528062157},
  pages = {1--43},
  title = {A differential equation for modeling Nesterov's accelerated gradient method: theory and insights},
  volume = {17},
  year = {2016}
}

@article{su2016improving,
  author = {Su, Chengwei and Borsuk, Mark E.},
  journal = {Journal of Machine Learning Research},
  note = {\url{http://jmlr.org/papers/v17/su16a.html}},
  number = {118},
  openalex = {W2516109431},
  pages = {1--20},
  title = {Improving structure MCMC for Bayesian networks through Markov blanket resampling},
  volume = {17},
  year = {2016}
}

@article{sun2016mutual,
  author = {Sun, Lei and Nikolaev, Alexander G.},
  journal = {Journal of Machine Learning Research},
  note = {\url{http://jmlr.org/papers/v17/15-420.html}},
  number = {199},
  pages = {1--31},
  title = {Mutual information based matching for causal inference with observational data},
  volume = {17},
  year = {2016}
}

@article{sutter2016variational,
  author = {Sutter, Tobias and Ganguly, Arnab and Koeppl, Heinz},
  journal = {Journal of Machine Learning Research},
  note = {\url{http://jmlr.org/papers/v17/16-075.html}},
  number = {190},
  openalex = {W2962855231},
  pages = {1--37},
  title = {A variational approach to path estimation and parameter inference of hidden diffusion processes},
  volume = {17},
  year = {2016}
}

@article{sutton2016an,
  author = {Sutton, Richard S. and Mahmood, A. Rupam and White, Martha},
  journal = {Journal of Machine Learning Research},
  note = {\url{http://jmlr.org/papers/v17/14-488.html}},
  number = {73},
  openalex = {W1547925194},
  pages = {1--29},
  title = {An emphatic approach to the problem of off-policy temporal-difference learning},
  volume = {17},
  year = {2016}
}

@article{szabo2016learning,
  author = {Szabó, Zoltán and Sriperumbudur, Bharath K. and Póczos, Barnabás and Gretton, Arthur},
  journal = {Journal of Machine Learning Research},
  note = {\url{http://jmlr.org/papers/v17/14-510.html}},
  number = {152},
  openalex = {W2963614384},
  pages = {1--40},
  title = {Learning theory for distribution regression},
  volume = {17},
  year = {2016}
}

@article{tai2016multiscale,
  author = {Tai, Cheng and Weinan, E},
  journal = {Journal of Machine Learning Research},
  note = {\url{http://jmlr.org/papers/v17/15-072.html}},
  number = {140},
  openalex = {W1435623351},
  pages = {1--38},
  title = {Multiscale adaptive representation of signals: I. the basic framework},
  volume = {17},
  year = {2016}
}

@article{tamar2016learning,
  author = {Tamar, Aviv and Castro, Dotan Di and Mannor, Shie},
  journal = {Journal of Machine Learning Research},
  note = {\url{http://jmlr.org/papers/v17/14-335.html}},
  number = {13},
  openalex = {W2356031020},
  pages = {1--36},
  title = {Learning the variance of the reward-to-go},
  volume = {17},
  year = {2016}
}

@article{tang2016fused,
  author = {Tang, Lu and Song, Peter X.‐K.},
  journal = {Journal of Machine Learning Research},
  note = {\url{http://jmlr.org/papers/v17/15-598.html}},
  number = {113},
  openalex = {W2511591589},
  pages = {1--23},
  title = {Fused Lasso Approach in Regression Coefficients Clustering - Learning Parameter Heterogeneity in Data Integration.},
  volume = {17},
  year = {2016}
}

@article{teh2016consistency,
  author = {Teh, Yee Whye and Thiéry, Alexandre H. and Vollmer, Sebastian J.},
  journal = {Journal of Machine Learning Research},
  note = {\url{http://jmlr.org/papers/v17/teh16a.html}},
  number = {7},
  openalex = {W123701566},
  pages = {1--33},
  title = {Consistency and fluctuations for stochastic gradient Langevin dynamics},
  volume = {17},
  year = {2016}
}

@article{townsend2016pymanopt,
  author = {Townsend, James T. and Koep, Niklas and Weichwald, Sebastian},
  journal = {Journal of Machine Learning Research},
  note = {\url{http://jmlr.org/papers/v17/16-177.html}},
  number = {137},
  openalex = {W2964248225},
  pages = {1--5},
  title = {Pymanopt: a python toolbox for optimization on manifolds using automatic differentiation},
  volume = {17},
  year = {2016}
}

@article{uria2016neural,
  author = {Uría, Benigno and Côté, Marc-Alexandre and Gregor, Karol and Murray, Iain and Larochelle, Hugo},
  journal = {Journal of Machine Learning Research},
  note = {\url{http://jmlr.org/papers/v17/16-272.html}},
  number = {205},
  openalex = {W2962990490},
  pages = {1--37},
  title = {Neural Autoregressive Distribution Estimation},
  volume = {17},
  year = {2016}
}

@article{valenzuela2016learning,
  author = {Valenzuela, Michael L. and Rozenblit, Jerzy W.},
  journal = {Journal of Machine Learning Research},
  note = {\url{http://jmlr.org/papers/v17/13-589.html}},
  number = {24},
  openalex = {W2408703238},
  pages = {1--42},
  title = {Learning using anti-training with sacrificial data},
  volume = {17},
  year = {2016}
}

@article{vapnik2016synergy,
  author = {Vapnik, Vladimir and Izmailov, Rauf},
  journal = {Journal of Machine Learning Research},
  note = {\url{http://jmlr.org/papers/v17/16-137.html}},
  number = {136},
  openalex = {W2519179047},
  pages = {1--33},
  title = {Synergy of monotonic rules},
  volume = {17},
  year = {2016}
}

@article{vehtari2016bayesian,
  author = {Vehtari, Aki and Mononen, Tommi and Tolvanen, Ville and Sivula, Tuomas and Winther, Ole},
  journal = {Journal of Machine Learning Research},
  note = {\url{http://jmlr.org/papers/v17/14-540.html}},
  number = {103},
  openalex = {W1851360578},
  pages = {1--38},
  title = {Bayesian leave-one-out cross-validation approximations for Gaussian latent variable models},
  volume = {17},
  year = {2016}
}

@article{vollmer2016exploration,
  author = {Vollmer, Sebastian J. and Zygalakis, Konstantinos C. and Teh, Yee Whye},
  journal = {Journal of Machine Learning Research},
  note = {\url{http://jmlr.org/papers/v17/15-494.html}},
  number = {159},
  openalex = {W2528137865},
  pages = {1--48},
  title = {Exploration of the (non-)asymptotic bias and variance of stochastic gradient langevin dynamics},
  volume = {17},
  year = {2016}
}

@article{wainberg2016are,
  author = {Wainberg, Michael and Alipanahi, Babak and Frey, Brendan J.},
  journal = {Journal of Machine Learning Research},
  note = {\url{http://jmlr.org/papers/v17/15-374.html}},
  number = {110},
  openalex = {W2490023472},
  pages = {1--5},
  title = {Are random forests truly the best classifiers},
  volume = {17},
  year = {2016}
}

@article{wallace2016extracting,
  author = {Wallace, Byron C. and Kuiper, Joël and Sharma, Aakash and Zhu, Mingxi (Brian) and Marshall, Iain J.},
  journal = {Journal of Machine Learning Research},
  note = {\url{http://jmlr.org/papers/v17/15-404.html}},
  number = {132},
  pages = {1--25},
  title = {Extracting PICO Sentences from Clinical Trial Reports using Supervised Distant Supervision},
  volume = {17},
  year = {2016}
}

@article{wang2016differentially,
  author = {Wang, Ziteng and Jin, Chi and Fan, Kai and Zhang, Jiaqi and Huang, Junliang and Zhong, Yiqiao and Wang, Liwei},
  journal = {Journal of Machine Learning Research},
  note = {\url{http://jmlr.org/papers/v17/14-388.html}},
  number = {51},
  openalex = {W2405491161},
  pages = {1--42},
  title = {Differentially private data releasing for smooth queries},
  volume = {17},
  year = {2016}
}

@article{wang2016learning,
  author = {Wang, Yu-Xiang and Lei, Jing and Fienberg, Stephen E.},
  journal = {Journal of Machine Learning Research},
  note = {\url{http://jmlr.org/papers/v17/15-313.html}},
  number = {183},
  openalex = {W2167567739},
  pages = {1--40},
  title = {Learning with Differential Privacy: Stability, Learnability and the Sufficiency and Necessity of ERM Principle},
  volume = {17},
  year = {2016}
}

@article{wang2016noisy,
  author = {Wang, Yu-Xiang and Xu, Huan},
  journal = {Journal of Machine Learning Research},
  note = {\url{http://jmlr.org/papers/v17/13-354.html}},
  number = {12},
  openalex = {W2615383372},
  pages = {1--41},
  title = {Noisy sparse subspace clustering},
  volume = {17},
  year = {2016}
}

@article{wang2016on,
  author = {Wang, Xin and Bi, Jinbo and Yu, Shipeng and Sun, Jiangwen and Song, Minghu},
  journal = {Journal of Machine Learning Research},
  note = {\url{http://jmlr.org/papers/v17/15-234.html}},
  number = {80},
  openalex = {W2471962125},
  pages = {1--33},
  title = {On Multiplicative Multitask Feature Learning},
  volume = {17},
  year = {2016}
}

@article{wang2016spsd,
  author = {Wang, Shusen and Luo, Luo and Zhang, Zhihua},
  journal = {Journal of Machine Learning Research},
  note = {\url{http://jmlr.org/papers/v17/14-199.html}},
  number = {49},
  openalex = {W2212079217},
  pages = {1--49},
  title = {SPSD matrix approximation vis column selection: theories, algorithms, and extensions},
  volume = {17},
  year = {2016}
}

@article{wang2016support,
  author = {Wang, Yuanjia and Chen, Tianle and Zeng, Donglin},
  journal = {Journal of Machine Learning Research},
  note = {\url{http://jmlr.org/papers/v17/16-007.html}},
  number = {167},
  openalex = {W2528259371},
  pages = {1--37},
  title = {Support Vector Hazards Machine: A Counting Process Framework for Learning Risk Scores for Censored Outcomes.},
  volume = {17},
  year = {2016}
}

@article{wang2016towards,
  author = {Wang, Shusen and Zhang, Zhihua and Zhang, Tong},
  journal = {Journal of Machine Learning Research},
  note = {\url{http://jmlr.org/papers/v17/15-190.html}},
  number = {209},
  openalex = {W2344807909},
  pages = {1--49},
  title = {Towards more efficient SPSD matrix approximation and CUR matrix decomposition},
  volume = {17},
  year = {2016}
}

@article{wang2016trend,
  author = {Wang, Yu-Xiang and Sharpnack, James and Smola, Alexander J. and Tibshirani, Ryan J.},
  journal = {Journal of Machine Learning Research},
  note = {\url{http://jmlr.org/papers/v17/15-147.html}},
  number = {105},
  openalex = {W2963670588},
  pages = {1--41},
  title = {Trend filtering on graphs},
  volume = {17},
  year = {2016}
}

@article{wei2016lenient,
  author = {Wei, Ermo and Luke, Sean},
  journal = {Journal of Machine Learning Research},
  note = {\url{http://jmlr.org/papers/v17/15-417.html}},
  number = {84},
  openalex = {W2466211196},
  pages = {1--42},
  title = {Lenient learning in independent-learner stochastic cooperative games},
  volume = {17},
  year = {2016}
}

@article{wiens2016patient,
  author = {Wiens, Jenna and Guttag, John V. and Horvitz, Eric},
  journal = {Journal of Machine Learning Research},
  note = {\url{http://jmlr.org/papers/v17/15-177.html}},
  number = {79},
  openalex = {W2466764065},
  pages = {1--23},
  title = {Patient risk stratification with time-varying parameters: a multitask learning approach},
  volume = {17},
  year = {2016}
}

@article{williamson2016composite,
  author = {Vernet, Elodie and Reid, Mark D. and Williamson, Robert C.},
  journal = {Journal of Machine Learning Research},
  note = {\url{http://jmlr.org/papers/v17/14-294.html}},
  number = {222},
  openalex = {W2137441266},
  pages = {1--52},
  title = {Composite Multiclass Losses},
  volume = {17},
  year = {2016}
}

@article{williamson2016nonparametric,
  author = {Williamson, Sinead A.},
  journal = {Journal of Machine Learning Research},
  note = {\url{http://jmlr.org/papers/v17/16-032.html}},
  number = {202},
  openalex = {W2557241707},
  pages = {1--21},
  title = {Nonparametric network models for link prediction},
  volume = {17},
  year = {2016}
}

@article{wu2016new,
  author = {Wu, Chong and Kwon, Sunghoon and Shen, Xiaotong and Pan, Wei},
  journal = {Journal of Machine Learning Research},
  note = {\url{http://jmlr.org/papers/v17/15-553.html}},
  number = {188},
  openalex = {W2542731950},
  pages = {1--25},
  title = {A New Algorithm and Theory for Penalized Regression-based Clustering.},
  volume = {17},
  year = {2016}
}

@article{yadwadkar2016multi,
  author = {Yadwadkar, Neeraja J. and Hariharan, Bharath and Gonzalez, Joseph E. and Katz, Randy H.},
  journal = {Journal of Machine Learning Research},
  note = {\url{http://jmlr.org/papers/v17/15-149.html}},
  number = {106},
  openalex = {W2508501782},
  pages = {1--37},
  title = {Multi-task learning for straggler avoiding predictive job scheduling},
  volume = {17},
  year = {2016}
}

@article{yang2016lowrank,
  author = {Yang, Zhirong and Corander, Jukka and Oja, Erkki},
  journal = {Journal of Machine Learning Research},
  note = {\url{http://jmlr.org/papers/v17/15-549.html}},
  number = {187},
  openalex = {W2541338223},
  pages = {1--25},
  title = {Low-rank doubly stochastic matrix decomposition for cluster analysis},
  volume = {17},
  year = {2016}
}

@article{yang2016modelfree,
  author = {Yang, Lei and Lv, Shaogao and Wang, Junhui},
  journal = {Journal of Machine Learning Research},
  note = {\url{http://jmlr.org/papers/v17/15-390.html}},
  number = {82},
  openalex = {W2472661117},
  pages = {1--24},
  title = {Model-free variable selection in reproducing kernel Hilbert space},
  volume = {17},
  year = {2016}
}

@article{yang2016rate,
  author = {Yang, Dan and Ma, Zongming and Buja, Andreas},
  journal = {Journal of Machine Learning Research},
  note = {\url{http://jmlr.org/papers/v17/15-134.html}},
  number = {92},
  openalex = {W2511798867},
  pages = {1--27},
  title = {Rate optimal denoising of simultaneously sparse and low rank matrices},
  volume = {17},
  year = {2016}
}

@article{yu2016weak,
  author = {Yu, Huizhen},
  journal = {Journal of Machine Learning Research},
  note = {\url{http://jmlr.org/papers/v17/16-242.html}},
  number = {219},
  openalex = {W2964112145},
  pages = {1--58},
  title = {Weak convergence properties of constrained emphatic temporal-difference learning with constant and slowly diminishing stepsize},
  volume = {17},
  year = {2016}
}

@article{yuan2016influence,
  author = {Yuan, Kun and Ying, Bicheng and Sayed, Ali H.},
  journal = {Journal of Machine Learning Research},
  note = {\url{http://jmlr.org/papers/v17/16-157.html}},
  number = {192},
  openalex = {W2540893630},
  pages = {1--66},
  title = {On the Influence of Momentum Acceleration on Online Learning},
  volume = {17},
  year = {2016}
}

@article{yuille2016complexity,
  author = {Yuille, Alan and Mottaghi, Roozbeh},
  journal = {Journal of Machine Learning Research},
  note = {\url{http://jmlr.org/papers/v17/yuille16a.html}},
  number = {11},
  openalex = {W2616769016},
  pages = {1--28},
  title = {Complexity of representation and inference in compositional models with part sharing},
  volume = {17},
  year = {2016}
}

@article{zbontar2016stereo,
  author = {Žbontar, Jure and LeCun, Yann},
  journal = {Journal of Machine Learning Research},
  note = {\url{http://jmlr.org/papers/v17/15-535.html}},
  number = {65},
  openalex = {W2963502507},
  pages = {1--32},
  title = {Stereo matching by training a convolutional neural network to compare image patches},
  volume = {17},
  year = {2016}
}

@article{zhang2016consistent,
  author = {Zhang, Xiang and Wu, Yichao and Wang, Lan and Li, Runze},
  journal = {Journal of Machine Learning Research},
  note = {\url{http://jmlr.org/papers/v17/14-231.html}},
  number = {16},
  pages = {1--26},
  title = {A consistent information criterion for support vector machines in diverging model spaces},
  volume = {17},
  year = {2016}
}

@article{zhang2016hybrid,
  author = {Zhang, Shiliang and Jiang, Hui and Dai, Li-Rong},
  journal = {Journal of Machine Learning Research},
  note = {\url{http://jmlr.org/papers/v17/15-335.html}},
  number = {37},
  openalex = {W2397184916},
  pages = {1--33},
  title = {Hybrid orthogonal projection and estimation (HOPE): a new framework to learn neural networks},
  volume = {17},
  year = {2016}
}

@article{zhang2016quantile,
  author = {Zhang, Chong and Liu, Yufeng and Wu, Yichao},
  journal = {Journal of Machine Learning Research},
  note = {\url{http://jmlr.org/papers/v17/zhang16a.html}},
  number = {40},
  openalex = {W2402379528},
  pages = {1--45},
  title = {On Quantile Regression in Reproducing Kernel Hilbert Spaces with Data Sparsity Constraint.},
  volume = {17},
  year = {2016}
}

@article{zhang2016spectral,
  author = {Zhang, Yuchen and Chen, Xi and Zhou, Dengyong and Jordan, Michael I.},
  journal = {Journal of Machine Learning Research},
  note = {\url{http://jmlr.org/papers/v17/14-511.html}},
  number = {102},
  openalex = {W2949312134},
  pages = {1--44},
  title = {Spectral Methods meet EM: A Provably Optimal Algorithm for Crowdsourcing},
  volume = {17},
  year = {2016}
}

@article{zhao2016bayesian,
  author = {Zhao, Shiwen and Gao, Chuan and Mukherjee, Sayan and Engelhardt, Barbara E.},
  journal = {Journal of Machine Learning Research},
  note = {\url{http://jmlr.org/papers/v17/14-472.html}},
  number = {196},
  openalex = {W2557380354},
  pages = {1--47},
  title = {Bayesian group factor analysis with structured sparsity},
  volume = {17},
  year = {2016}
}

@article{zhao2016neyman,
  author = {Zhao, Anqi and Feng, Yang and Wang, Li-e and Tong, Xin},
  journal = {Journal of Machine Learning Research},
  note = {\url{http://jmlr.org/papers/v17/15-418.html}},
  number = {212},
  openalex = {W2198465662},
  pages = {1--39},
  title = {Neyman-Pearson Classification under High-Dimensional Settings},
  volume = {17},
  year = {2016}
}

@article{zhao2016variational,
  author = {Zhao, Jing and Sun, Shiliang},
  journal = {Journal of Machine Learning Research},
  note = {\url{http://jmlr.org/papers/v17/14-423.html}},
  number = {121},
  openalex = {W343348749},
  pages = {1--36},
  title = {Variational Dependent Multi-output Gaussian Process Dynamical Systems},
  volume = {17},
  year = {2016}
}

@article{zhou2016augmentable,
  author = {Zhou, Mingyuan and Cong, Yulai and Chen, Bo},
  journal = {Journal of Machine Learning Research},
  note = {\url{http://jmlr.org/papers/v17/15-633.html}},
  number = {163},
  openalex = {W2529448042},
  pages = {1--44},
  title = {Augmentable gamma belief networks},
  volume = {17},
  year = {2016}
}

@article{zhu2016bayesian,
  author = {Zhu, Hongxiao and Strawn, Nate and Dunson, David B.},
  journal = {Journal of Machine Learning Research},
  note = {\url{http://jmlr.org/papers/v17/16-164.html}},
  number = {204},
  openalex = {W2963143809},
  pages = {1--27},
  title = {Bayesian Graphical Models for Multivariate Functional Data},
  volume = {17},
  year = {2016}
}

@article{zuluaga2016e,
  author = {Zuluaga, Marcela and Krause, Andreas and Püschel, Markus},
  journal = {Journal of Machine Learning Research},
  note = {\url{http://jmlr.org/papers/v17/15-047.html}},
  number = {104},
  pages = {1--32},
  title = {e-PAL: An Active Learning Approach to the Multi-Objective Optimization Problem},
  volume = {17},
  year = {2016}
}
