@article{abbe2018community,
  author =       {Abbé, Emmanuel},
  journal =      {Journal of Machine Learning Research},
  note =         {\url{http://jmlr.org/papers/v18/16-480.html}},
  number =       177,
  openalex =     {W2602671714},
  pages =        {1--86},
  title =        {Community detection and stochastic block models:
                  recent developments},
  volume =       18,
  year =         2018
}

@article{achab2018uncovering,
  author =       {Achab, Massil and Bacry, Emmanuel and Gaïffas,
                  Stéphane and Mastromatteo, Iacopo and Muzy,
                  Jean–François},
  journal =      {Journal of Machine Learning Research},
  note =         {\url{http://jmlr.org/papers/v18/17-284.html}},
  number =       192,
  openalex =     {W2488712513},
  pages =        {1--28},
  title =        {Uncovering Causality from Multivariate Hawkes
                  Integrated Cumulants},
  volume =       18,
  year =         2018
}

@article{adams2017persistence,
  author =       {Adams, Henry and Emerson, Tegan and Kirby, Michael
                  and Neville, Rachel and Peterson, Chris and Shipman,
                  Patrick and Chepushtanova, Sofya and Hanson, Eric
                  and Motta, Francis and Ziegelmeier, Lori},
  journal =      {Journal of Machine Learning Research},
  note =         {\url{http://jmlr.org/papers/v18/16-337.html}},
  number =       8,
  openalex =     {W2964237352},
  pages =        {1--35},
  title =        {Persistence Images: A Stable Vector Representation
                  of Persistent Homology},
  volume =       18,
  year =         2017
}

@article{agarwal2017second,
  author =       {Agarwal, Naman and Bullins, Brian and Hazan, Elad},
  journal =      {Journal of Machine Learning Research},
  note =         {\url{http://jmlr.org/papers/v18/16-491.html}},
  number =       116,
  openalex =     {W2962961534},
  pages =        {1--40},
  title =        {Second-Order Stochastic Optimization for Machine
                  Learning in Linear Time},
  volume =       18,
  year =         2017
}

@article{ahsen2017two,
  author =       {Ahsen, Mehmet Eren and Challapalli, Niharika and
                  Vidyasagar, M.},
  journal =      {Journal of Machine Learning Research},
  note =         {\url{http://jmlr.org/papers/v18/14-453.html}},
  number =       54,
  openalex =     {W2737296812},
  pages =        {1--24},
  title =        {Two New Approaches to Compressed Sensing Exhibiting
                  Both Robust Sparse Recovery and the Grouping Effect},
  volume =       18,
  year =         2017
}

@article{ali2018improved,
  author =       {Ali, Hafiz Tiomoko and Couillet, Romain},
  journal =      {Journal of Machine Learning Research},
  note =         {\url{http://jmlr.org/papers/v18/17-247.html}},
  number =       225,
  openalex =     {W2883292836},
  pages =        {1--49},
  title =        {Improved spectral community detection in large
                  heterogeneous networks},
  volume =       18,
  year =         2018
}

@article{allenzhu2018katyusha,
  author =       {Allen-Zhu, Zeyuan},
  journal =      {Journal of Machine Learning Research},
  note =         {\url{http://jmlr.org/papers/v18/16-410.html}},
  number =       221,
  openalex =     {W2963607709},
  pages =        {1--51},
  title =        {Katyusha: the first direct acceleration of
                  stochastic gradient methods},
  volume =       18,
  year =         2018
}

@article{alshedivat2017learning,
  author =       {Al-Shedivat, Maruan and Wilson, Andrew Gordon and
                  Saatchi, Yunus and Hu, Zhiting and Xing, Eric P.},
  journal =      {Journal of Machine Learning Research},
  note =         {\url{http://jmlr.org/papers/v18/16-498.html}},
  number =       82,
  openalex =     {W4301360474},
  pages =        {1--37},
  title =        {Learning Scalable Deep Kernels with Recurrent
                  Structure},
  volume =       18,
  year =         2017
}

@article{an2017analyzing,
  author =       {An, Animashree and Kumar, Kumar and Ge, Rong and
                  Janzamin, Majid},
  journal =      {Journal of Machine Learning Research},
  note =         {\url{http://jmlr.org/papers/v18/15-486.html}},
  number =       22,
  pages =        {1--40},
  title =        {Analyzing tensor power method dynamics in
                  overcomplete regime},
  volume =       18,
  year =         2017
}

@article{andersen2017bayesian,
  author =       {Andersen, Michael Riis and Vehtari, Aki and Winther,
                  Ole and Hansen, Lars Kai},
  journal =      {Journal of Machine Learning Research},
  note =         {\url{http://jmlr.org/papers/v18/15-464.html}},
  number =       139,
  openalex =     {W2963993380},
  pages =        {1--58},
  title =        {Bayesian Inference for Spatio-temporal
                  Spike-and-Slab Priors},
  volume =       18,
  year =         2017
}

@article{angelino2018learning,
  author =       {Angelino, Elaine and Larus-Stone, Nicholas and
                  Alabi, Daniel and Seltzer, Margo and Rudin, Cynthia},
  journal =      {Journal of Machine Learning Research},
  note =         {\url{http://jmlr.org/papers/v18/17-716.html}},
  number =       234,
  openalex =     {W2606882704},
  pages =        {1--78},
  title =        {Learning Certifiably Optimal Rule Lists for
                  Categorical Data},
  volume =       18,
  year =         2018
}

@article{angiulli2018behavior,
  author =       {Angiulli, Fabrizio},
  journal =      {Journal of Machine Learning Research},
  note =         {\url{http://jmlr.org/papers/v18/17-151.html}},
  number =       170,
  openalex =     {W2808130767},
  pages =        {1--60},
  title =        {On the Behavior of Intrinsically High-Dimensional
                  Spaces: Distances, Direct and Reverse Nearest
                  Neighbors, and Hubness},
  volume =       18,
  year =         2018
}

@article{ariascastro2017spectral,
  author =       {Arias-Castro, Ery and Lerman, Gilad and Zhang, Teng},
  journal =      {Journal of Machine Learning Research},
  note =         {\url{http://jmlr.org/papers/v18/14-318.html}},
  number =       9,
  openalex =     {W2963451015},
  pages =        {1--57},
  title =        {Spectral clustering based on local PCA},
  volume =       18,
  year =         2017
}

@article{ashraphijuo2017fundamental,
  author =       {Ashraphijuo, Morteza and Wang, Xiaodong},
  journal =      {Journal of Machine Learning Research},
  note =         {\url{http://jmlr.org/papers/v18/17-189.html}},
  number =       63,
  openalex =     {W2963476323},
  pages =        {1--29},
  title =        {Fundamental Conditions for Low-CP-Rank Tensor
                  Completion},
  volume =       18,
  year =         2017
}

@article{ashraphijuo2017rank,
  author =       {Ashraphijuo, Morteza and Wang, Xiaodong and
                  Aggarwal, Vaneet},
  journal =      {Journal of Machine Learning Research},
  note =         {\url{http://jmlr.org/papers/v18/17-375.html}},
  number =       98,
  openalex =     {W2964072480},
  pages =        {1--29},
  title =        {Rank Determination for Low-Rank Data Completion},
  volume =       18,
  year =         2017
}

@article{ataee2018estimation,
  author =       {Tarzanagh, Davoud Ataee and Michailidis, George},
  journal =      {Journal of Machine Learning Research},
  note =         {\url{http://jmlr.org/papers/v18/16-486.html}},
  number =       209,
  openalex =     {W2964158835},
  pages =        {1--48},
  title =        {Estimation of Graphical Models through Structured
                  Norm Minimization},
  volume =       18,
  year =         2018
}

@article{atchade2017perturbed,
  author =       {Atchadé, Yves F. and Fort, Gersende and Moulines,
                  Éric},
  journal =      {Journal of Machine Learning Research},
  note =         {\url{http://jmlr.org/papers/v18/15-038.html}},
  number =       10,
  openalex =     {W2464084515},
  pages =        {1--33},
  title =        {On perturbed proximal gradient algorithms},
  volume =       18,
  year =         2017
}

@article{athreya2018statistical,
  author =       {Athreya, Avanti and Fishkind, Donniell E. and Tang,
                  Minh and Priebe, Carey E. and Park, Youngser and
                  Vogelstein, Joshua T and Levin, Keith and Lyzinski,
                  Vince and Qin, Yichen and Sussman, Daniel L.},
  journal =      {Journal of Machine Learning Research},
  note =         {\url{http://jmlr.org/papers/v18/17-448.html}},
  number =       226,
  openalex =     {W2963512140},
  pages =        {1--92},
  title =        {Statistical inference on random dot product graphs:
                  a survey},
  volume =       18,
  year =         2018
}

@article{awasthi2017local,
  author =       {Awasthi, Pranjal and Balcan, Maria Florina and
                  Voevodski, Konstantin},
  journal =      {Journal of Machine Learning Research},
  note =         {\url{http://jmlr.org/papers/v18/15-085.html}},
  number =       3,
  openalex =     {W2158249114},
  pages =        {1--35},
  title =        {Local algorithms for interactive clustering},
  volume =       18,
  year =         2017
}

@article{bach2017breaking,
  author =       {Bach, Francis},
  journal =      {Journal of Machine Learning Research},
  note =         {\url{http://jmlr.org/papers/v18/14-546.html}},
  number =       19,
  openalex =     {W2107822587},
  pages =        {1--53},
  title =        {Breaking the Curse of Dimensionality with Convex
                  Neural Networks},
  volume =       18,
  year =         2017
}

@article{bach2017equivalence,
  author =       {Bach, Francis},
  journal =      {Journal of Machine Learning Research},
  note =         {\url{http://jmlr.org/papers/v18/15-178.html}},
  number =       21,
  openalex =     {W2963709899},
  pages =        {1--38},
  title =        {On the Equivalence between Kernel Quadrature Rules
                  and Random Feature Expansions},
  volume =       18,
  year =         2017
}

@article{bach2017hinge,
  author =       {Bach, Stephen H. and Broecheler, Matthias and Huang,
                  Bert and Getoor, Lise},
  journal =      {Journal of Machine Learning Research},
  note =         {\url{http://jmlr.org/papers/v18/15-631.html}},
  number =       109,
  openalex =     {W2963572185},
  pages =        {1--67},
  title =        {Hinge-loss Markov random fields and probabilistic
                  soft logic},
  volume =       18,
  year =         2017
}

@article{bacry2018tick,
  author =       {Bacry, Emmanuel and Bompaire, Martin and Deegan,
                  Philip and Gaïffas, Stéphane and Poulsen, Søren
                  Vigild},
  journal =      {Journal of Machine Learning Research},
  note =         {\url{http://jmlr.org/papers/v18/17-381.html}},
  number =       214,
  openalex =     {W2808127013},
  pages =        {1--5},
  title =        {tick: a Python Library for Statistical Learning,
                  with an emphasis on Hawkes Processes and
                  Time-Dependent Models},
  volume =       18,
  year =         2018
}

@article{balach2017propagation,
  author =       {Balachandran, Prakash and Kolaczyk, Eric D. and
                  Viles, Weston D.},
  journal =      {Journal of Machine Learning Research},
  note =         {\url{http://jmlr.org/papers/v18/16-497.html}},
  number =       61,
  openalex =     {W2963290493},
  pages =        {1--33},
  title =        {On the Propagation of Low-Rate Measurement Error to
                  Subgraph Counts in Large Networks},
  volume =       18,
  year =         2017
}

@article{bardenet2017markov,
  author =       {Bardenet, Rémi and Doucet, Arnaud and Holmes, Chris},
  journal =      {Journal of Machine Learning Research},
  note =         {\url{http://jmlr.org/papers/v18/15-205.html}},
  number =       47,
  openalex =     {W1599118604},
  pages =        {1--43},
  title =        {On Markov chain Monte Carlo methods for tall data},
  volume =       18,
  year =         2017
}

@article{baydin2018automatic,
  author =       {Baydin, Atilim Gunes and Pearlmutter, Barak A. and
                  Radul, Alexey Andreyevich and Siskind, Jeffrey Mark},
  journal =      {Journal of Machine Learning Research},
  note =         {\url{http://jmlr.org/papers/v18/17-468.html}},
  number =       153,
  pages =        {1--43},
  title =        {Automatic differentiation in machine learning: a
                  survey},
  volume =       18,
  year =         2018
}

@article{benavoli2017time,
  author =       {Benavoli, Alessio and Corani, Giorgio and Demšar,
                  Janez and Zaffalon, Marco},
  journal =      {Journal of Machine Learning Research},
  note =         {\url{http://jmlr.org/papers/v18/16-305.html}},
  number =       77,
  openalex =     {W4301186107},
  pages =        {1--36},
  title =        {Time for a change: a tutorial for comparing multiple
                  classifiers through Bayesian analysis},
  volume =       18,
  year =         2017
}

@article{bertsimas2017certifiably,
  author =       {Bertsimas, Dimitris and Copenhaver, Martin S. and
                  Mazumder, Rahul},
  journal =      {Journal of Machine Learning Research},
  note =         {\url{http://jmlr.org/papers/v18/15-613.html}},
  number =       29,
  openalex =     {W2963627201},
  pages =        {1--53},
  title =        {Certifiably optimal low rank factor analysis},
  volume =       18,
  year =         2017
}

@article{bertsimas2018predictive,
  author =       {Bertsimas, Dimitris and Pawlowski, Colin and Zhuo,
                  Ying Daisy},
  journal =      {Journal of Machine Learning Research},
  note =         {\url{http://jmlr.org/papers/v18/17-073.html}},
  number =       196,
  openalex =     {W2808622828},
  pages =        {1--39},
  title =        {From predictive methods to missing data imputation:
                  an optimization approach},
  volume =       18,
  year =         2018
}

@article{bigot2017generalized,
  author =       {Bigot, Jérémy and Deledalle, Charles and Féral,
                  Delphine},
  journal =      {Journal of Machine Learning Research},
  note =         {\url{http://jmlr.org/papers/v18/16-266.html}},
  number =       137,
  openalex =     {W2404992943},
  pages =        {1--50},
  title =        {Generalized SURE for optimal shrinkage of singular
                  values in low-rank matrix denoising},
  volume =       18,
  year =         2017
}

@article{bilodeau2017tests,
  author =       {Bilodeau, Martin and Guetsop Nangue, Aurélien},
  journal =      {Journal of Machine Learning Research},
  note =         {\url{http://jmlr.org/papers/v18/16-184.html}},
  number =       74,
  openalex =     {W2756560744},
  pages =        {1--40},
  title =        {Tests of Mutual or Serial Independence of Random
                  Vectors with Applications},
  volume =       18,
  year =         2017
}

@article{borgs2018sparse,
  author =       {Borgs, Christian and Chayes, Jennifer T. and Cohn,
                  Henry and Holden, Nina},
  journal =      {Journal of Machine Learning Research},
  note =         {\url{http://jmlr.org/papers/v18/16-421.html}},
  number =       210,
  openalex =     {W2256423373},
  pages =        {1--71},
  title =        {Sparse exchangeable graphs and their limits via
                  graphon processes},
  volume =       18,
  year =         2018
}

@article{borkar2018gradient,
  author =       {Borkar, Vivek S. and Dwaracherla, Vikranth and
                  Sahasrabudhe, Neeraja},
  journal =      {Journal of Machine Learning Research},
  note =         {\url{http://jmlr.org/papers/v18/15-592.html}},
  number =       161,
  openalex =     {W2964241045},
  pages =        {1--27},
  title =        {Gradient Estimation with Simultaneous Perturbation
                  and Compressive Sensing},
  volume =       18,
  year =         2018
}

@article{bouchardcote2017particle,
  author =       {Bouchard‐Côté, Alexandre and Doucet, Arnaud and
                  Roth, Andrew},
  journal =      {Journal of Machine Learning Research},
  note =         {\url{http://jmlr.org/papers/v18/15-397.html}},
  number =       28,
  openalex =     {W2963647411},
  pages =        {1--39},
  title =        {Particle gibbs split-merge sampling for Bayesian
                  inference in mixture models},
  volume =       18,
  year =         2017
}

@article{boyd2018saturating,
  author =       {Boyd, Nicholas and Hastie, Trevor and Boyd, Stephen
                  and Recht, Benjamin and Jordan, Michael I.},
  journal =      {Journal of Machine Learning Research},
  note =         {\url{http://jmlr.org/papers/v18/17-178.html}},
  number =       197,
  openalex =     {W2962941624},
  pages =        {1--32},
  title =        {Saturating Splines and Feature Selection.},
  volume =       18,
  year =         2018
}

@article{brockmeier2017quantifying,
  author =       {Brockmeier, Austin J. and Mu, Tingting and
                  Ananiadou, Sophia and Goulermas, John Y.},
  journal =      {Journal of Machine Learning Research},
  note =         {\url{http://jmlr.org/papers/v18/16-296.html}},
  number =       76,
  openalex =     {W2741401375},
  pages =        {1--61},
  title =        {Quantifying the Informativeness of Similarity
                  Measurements},
  volume =       18,
  year =         2017
}

@article{buccapatnam2018reward,
  author =       {Buccapatnam, Swapna and Liu, Fang and Eryilmaz,
                  Atilla and Shroff, Ness B.},
  journal =      {Journal of Machine Learning Research},
  note =         {\url{http://jmlr.org/papers/v18/16-340.html}},
  number =       216,
  openalex =     {W2609921936},
  pages =        {1--34},
  title =        {Reward Maximization Under Uncertainty: Leveraging
                  Side-Observations on Networks},
  volume =       18,
  year =         2018
}

@article{bui2017unifying,
  author =       {Bui, Thang D. and Yan, Josiah and Turner, Richard
                  E.},
  journal =      {Journal of Machine Learning Research},
  note =         {\url{http://jmlr.org/papers/v18/16-603.html}},
  number =       104,
  openalex =     {W2763914732},
  pages =        {1--72},
  title =        {A Unifying Framework for Gaussian Process
                  Pseudo-Point Approximations using Power Expectation
                  Propagation},
  volume =       18,
  year =         2017
}

@article{caron2017generalized,
  author =       {Caron, François and Neiswanger, Willie and Wood,
                  Frank and Doucet, Arnaud and Davy, Manuel},
  journal =      {Journal of Machine Learning Research},
  note =         {\url{http://jmlr.org/papers/v18/10-231.html}},
  number =       27,
  pages =        {1--32},
  title =        {Generalized Pólya Urn for Time-Varying Pitman-Yor
                  Processes},
  volume =       18,
  year =         2017
}

@article{chakrabarti2017joint,
  author =       {Chakrabarti, Deepayan and Funiak, Stanislav and
                  Chang, Jonathan and Macskassy, Sofus A.},
  journal =      {Journal of Machine Learning Research},
  note =         {\url{http://jmlr.org/papers/v18/16-214.html}},
  number =       59,
  openalex =     {W2736324466},
  pages =        {1--39},
  title =        {Joint label inference in networks},
  volume =       18,
  year =         2017
}

@article{chang2017distributed,
  author =       {Chang, Xiangyu and Lin, Shao-Bo and Zhou, Ding‐Xuan},
  journal =      {Journal of Machine Learning Research},
  note =         {\url{http://jmlr.org/papers/v18/16-601.html}},
  number =       46,
  openalex =     {W2616138645},
  pages =        {1--22},
  title =        {Distributed semi-supervised learning with kernel
                  ridge regression},
  volume =       18,
  year =         2017
}

@article{charles2017distributed,
  author =       {Charles, Adam S. and Yin, Dong and Rozell,
                  Christopher J.},
  journal =      {Journal of Machine Learning Research},
  note =         {\url{http://jmlr.org/papers/v18/16-270.html}},
  number =       7,
  openalex =     {W2964202535},
  pages =        {1--37},
  title =        {Distributed sequence memory of multidimensional
                  inputs in recurrent networks},
  volume =       18,
  year =         2017
}

@article{chaudhuri2017online,
  author =       {Chaudhuri, Sougata and Tewari, Ambuj},
  journal =      {Journal of Machine Learning Research},
  note =         {\url{http://jmlr.org/papers/v18/16-285.html}},
  number =       103,
  openalex =     {W2962908014},
  pages =        {1--50},
  title =        {Online learning to rank with top-k feedback},
  volume =       18,
  year =         2017
}

@article{chazal2018robust,
  author =       {Chazal, Frédéric and Fasy, Brittany and Lecci,
                  Fabrizio and Michel, Bertr and Rinaldo, Aless and
                  Wasserman, Larry},
  journal =      {Journal of Machine Learning Research},
  note =         {\url{http://jmlr.org/papers/v18/15-484.html}},
  number =       159,
  pages =        {1--40},
  title =        {Robust Topological Inference: Distance To a Measure
                  and Kernel Distance},
  volume =       18,
  year =         2018
}

@article{chen2017hierarchically,
  author =       {Chen, Jie and Avron, Haim and Sindhwani, Vikas},
  journal =      {Journal of Machine Learning Research},
  note =         {\url{http://jmlr.org/papers/v18/15-376.html}},
  number =       66,
  openalex =     {W2963518317},
  pages =        {1--42},
  title =        {Hierarchically Compositional Kernels for Scalable
                  Nonparametric Learning},
  volume =       18,
  year =         2017
}

@article{chow2018risk,
  author =       {Chow, Yinlam and Ghavamzadeh, Mohammad and Janson,
                  Lucas and Pavone, Marco},
  journal =      {Journal of Machine Learning Research},
  note =         {\url{http://jmlr.org/papers/v18/15-636.html}},
  number =       167,
  openalex =     {W2963082979},
  pages =        {1--51},
  title =        {Risk-Constrained Reinforcement Learning with
                  Percentile Risk Criteria},
  volume =       18,
  year =         2018
}

@article{coretto2017consistency,
  author =       {Coretto, Pietro and Hennig, Christian},
  journal =      {Journal of Machine Learning Research},
  note =         {\url{http://jmlr.org/papers/v18/16-382.html}},
  number =       142,
  openalex =     {W2963962140},
  pages =        {1--39},
  title =        {Consistency, Breakdown Robustness, and Algorithms
                  for Robust Improper Maximum Likelihood Clustering},
  volume =       18,
  year =         2017
}

@article{cowan2018normal,
  author =       {Cowan, Wesley and Honda, Junya and Katehakis,
                  Michael N.},
  journal =      {Journal of Machine Learning Research},
  note =         {\url{http://jmlr.org/papers/v18/15-154.html}},
  number =       154,
  openalex =     {W2803364674},
  pages =        {1--28},
  title =        {Normal bandits of unknown means and variances},
  volume =       18,
  year =         2018
}

@article{darnell2017adaptive,
  author =       {Darnell, Gregory and Georgiev, Stoyan and Mukherjee,
                  Sayan and Engelhardt, Barbara E.},
  journal =      {Journal of Machine Learning Research},
  note =         {\url{http://jmlr.org/papers/v18/15-143.html}},
  number =       140,
  openalex =     {W2962786706},
  pages =        {1--30},
  title =        {Adaptive Randomized Dimension Reduction on Massive
                  Data},
  volume =       18,
  year =         2017
}

@article{decastro2017reconstructing,
  author =       {De Castro, Yohann and Espinasse, Thibault and
                  Rochet, Paul},
  journal =      {Journal of Machine Learning Research},
  note =         {\url{http://jmlr.org/papers/v18/16-146.html}},
  number =       51,
  openalex =     {W2312416291},
  pages =        {1--24},
  title =        {Reconstructing undirected graphs from eigenspaces},
  volume =       18,
  year =         2017
}

@article{denis2017confidence,
  author =       {Denis, Christophe and Hebiri, Mohamed},
  journal =      {Journal of Machine Learning Research},
  note =         {\url{http://jmlr.org/papers/v18/16-596.html}},
  number =       102,
  openalex =     {W2517118512},
  pages =        {1--28},
  title =        {Confidence sets with expected sizes for Multiclass
                  Classification},
  volume =       18,
  year =         2017
}

@article{dieuleveut2017harder,
  author =       {Dieuleveut, Aymeric and Flammarion, Nicolas and
                  Bach, Francis},
  journal =      {Journal of Machine Learning Research},
  note =         {\url{http://jmlr.org/papers/v18/16-335.html}},
  number =       101,
  openalex =     {W2963189955},
  pages =        {1--51},
  title =        {Harder, Better, Faster, Stronger Convergence Rates
                  for Least-Squares Regression},
  volume =       18,
  year =         2017
}

@article{dimitrakakis2017differential,
  author =       {Dimitrakakis, Christos and Nelson, Blaine and Zhang,
                  Zuhe and Mitrokotsa, Aikaterini and Rubinstein,
                  Benjamin I. P.},
  journal =      {Journal of Machine Learning Research},
  note =         {\url{http://jmlr.org/papers/v18/15-257.html}},
  number =       11,
  openalex =     {W2608609295},
  pages =        {1--39},
  title =        {Differential Privacy for Bayesian Inference through
                  Posterior Sampling},
  volume =       18,
  year =         2017
}

@article{ding2017robust,
  author =       {Ding, A. Adam and Dy, Jennifer G. and Li, Yi and
                  Chang, Yale},
  journal =      {Journal of Machine Learning Research},
  note =         {\url{http://jmlr.org/papers/v18/16-079.html}},
  number =       71,
  openalex =     {W2758404062},
  pages =        {1--46},
  title =        {A Robust-Equitable Measure for Feature Ranking and
                  Selection},
  volume =       18,
  year =         2017
}

@article{doering2018rate,
  author =       {Döring, Maik and Györfi, László and Walk, Harro},
  journal =      {Journal of Machine Learning Research},
  note =         {\url{http://jmlr.org/papers/v18/17-755.html}},
  number =       227,
  openalex =     {W2884334374},
  pages =        {1--16},
  title =        {Rate of Convergence of $k$-Nearest-Neighbor
                  Classification Rule},
  volume =       18,
  year =         2018
}

@article{du2017scalable,
  author =       {Du, Nan and Liang, Yingyu and Balcan, Maria-Florina
                  and Gomez-Rodriguez, Manuel and Zha, Hongyuan and
                  Song, Le},
  journal =      {Journal of Machine Learning Research},
  note =         {\url{http://jmlr.org/papers/v18/14-400.html}},
  number =       2,
  openalex =     {W2949796662},
  pages =        {1--45},
  title =        {Scalable Influence Maximization for Multiple
                  Products in Continuous-Time Diffusion Networks},
  volume =       18,
  year =         2017
}

@article{du2018convergence,
  author =       {Du, Jian and Ma, Shaodan and Wu, Yik‐Chung and Kar,
                  Soummya and Moura, José M. F.},
  journal =      {Journal of Machine Learning Research},
  note =         {\url{http://jmlr.org/papers/v18/16-556.html}},
  number =       172,
  openalex =     {W2557150367},
  pages =        {1--38},
  title =        {Convergence Analysis of Distributed Inference with
                  Vector-Valued Gaussian Belief Propagation},
  volume =       18,
  year =         2018
}

@article{dupuy2017online,
  author =       {Dupuy, Christophe and Bach, Francis},
  journal =      {Journal of Machine Learning Research},
  note =         {\url{http://jmlr.org/papers/v18/16-374.html}},
  number =       126,
  openalex =     {W2488270314},
  pages =        {1--45},
  title =        {Online but Accurate Inference for Latent Variable
                  Models with Local Gibbs Sampling},
  volume =       18,
  year =         2017
}

@article{durante2017bayesian,
  author =       {Durante, Daniele and Mukherjee, Nabanita and
                  Steorts, Rebecca C.},
  journal =      {Journal of Machine Learning Research},
  note =         {\url{http://jmlr.org/papers/v18/16-391.html}},
  number =       43,
  openalex =     {W2963104654},
  pages =        {1--29},
  title =        {Bayesian learning of dynamic multilayer networks},
  volume =       18,
  year =         2017
}

@article{egorov2017pomdps,
  author =       {Egorov, Maxim and Sunberg, Zachary N. and Balaban,
                  Edward and Wheeler, Tim A. and Gupta, Jayesh K. and
                  Kochenderfer, Mykel J.},
  journal =      {Journal of Machine Learning Research},
  note =         {\url{http://jmlr.org/papers/v18/16-300.html}},
  number =       26,
  openalex =     {W2607868186},
  pages =        {1--5},
  title =        {POMDPs.jl: a framework for sequential decision
                  making under uncertainty},
  volume =       18,
  year =         2017
}

@article{fan2018eigenvector,
  author =       {Fan, Jianqing and Wang, Weichen and Zhong, Yiqiao},
  journal =      {Journal of Machine Learning Research},
  note =         {\url{http://jmlr.org/papers/v18/16-140.html}},
  number =       207,
  openalex =     {W2295296939},
  pages =        {1--42},
  title =        {An ℓ_∞ Eigenvector Perturbation Bound and Its
                  Application to Robust Covariance Estimation},
  volume =       18,
  year =         2018
}

@article{farajtabar2017coevolve,
  author =       {Farajtabar, Mehrdad and Wang, Yichen and
                  Gomez-Rodriguez, Manuel and Li, Shuang and Zha,
                  Hongyuan and Song, Le},
  journal =      {Journal of Machine Learning Research},
  note =         {\url{http://jmlr.org/papers/v18/16-132.html}},
  number =       41,
  openalex =     {W2962702810},
  pages =        {1--49},
  title =        {COEVOLVE: a joint point process model for
                  information diffusion and network evolution},
  volume =       18,
  year =         2017
}

@article{fenn2017target,
  author =       {Fenn, Shannon and Moscato, Pablo},
  journal =      {Journal of Machine Learning Research},
  note =         {\url{http://jmlr.org/papers/v18/17-007.html}},
  number =       114,
  openalex =     {W4299293130},
  pages =        {1--26},
  title =        {Target Curricula via Selection of Minimum Feature
                  Sets: a Case Study in Boolean Networks},
  volume =       18,
  year =         2017
}

@article{filice2018kelp,
  author =       {Filice, Simone and Castellucci, Giuseppe and Da San
                  Martino, Giovanni and Moschitti, Alessandro and
                  Croce, Danilo and Basili, Roberto},
  journal =      {Journal of Machine Learning Research},
  note =         {\url{http://jmlr.org/papers/v18/16-087.html}},
  number =       191,
  openalex =     {W2808660397},
  pages =        {1--5},
  title =        {KELP: a Kernel-based Learning Platform},
  volume =       18,
  year =         2018
}

@article{flammarion2017robust,
  author =       {Flammarion, Nicolas and Palaniappan, Balamurugan and
                  Bach, Francis},
  journal =      {Journal of Machine Learning Research},
  note =         {\url{http://jmlr.org/papers/v18/16-429.html}},
  number =       80,
  openalex =     {W2513765142},
  pages =        {1--50},
  title =        {Robust Discriminative Clustering with Sparse
                  Regularizers},
  volume =       18,
  year =         2017
}

@article{freitag2018audeep,
  author =       {Freitag, Michael and Amiriparian, Shahin and
                  Pugachevskiy, Sergey and Cummins, Nicholas and
                  Schuller, Bj ̈orn W},
  journal =      {Journal of Machine Learning Research},
  note =         {\url{http://jmlr.org/papers/v18/17-406.html}},
  number =       173,
  openalex =     {W2963194800},
  pages =        {1--5},
  title =        {auDeep: Unsupervised Learning of Representations
                  from Audio with Deep Recurrent Neural Networks},
  volume =       18,
  year =         2018
}

@article{gao2017achieving,
  author =       {Gao, Chao and Ma, Zongming and Zhang, Anderson
                  Y. and Zhou, Harrison H.},
  journal =      {Journal of Machine Learning Research},
  note =         {\url{http://jmlr.org/papers/v18/16-245.html}},
  number =       60,
  openalex =     {W2963974511},
  pages =        {1--45},
  title =        {Achieving Optimal Misclassification Proportion in
                  Stochastic Block Models},
  volume =       18,
  year =         2017
}

@article{gao2017preference,
  author =       {Gao, Ziyuan and Ries, Christoph and Simon, Hans
                  U. and Zilles, Sandra},
  journal =      {Journal of Machine Learning Research},
  note =         {\url{http://jmlr.org/papers/v18/16-460.html}},
  number =       31,
  openalex =     {W2465040775},
  pages =        {1--32},
  title =        {Preference-based teaching},
  volume =       18,
  year =         2017
}

@article{gates2017impact,
  author =       {Gates, Alexander J. and Ahn, Yong‐Yeol},
  journal =      {Journal of Machine Learning Research},
  note =         {\url{http://jmlr.org/papers/v18/17-039.html}},
  number =       87,
  openalex =     {W2581190813},
  pages =        {1--28},
  title =        {The impact of random models on clustering
                  similarity},
  volume =       18,
  year =         2017
}

@article{george2018principled,
  author =       {George, Clint P. and Doss, Hani},
  journal =      {Journal of Machine Learning Research},
  note =         {\url{http://jmlr.org/papers/v18/15-595.html}},
  number =       162,
  openalex =     {W2803512450},
  pages =        {1--38},
  title =        {Principled Selection of Hyperparameters in the
                  Latent Dirichlet Allocation Model},
  volume =       18,
  year =         2018
}

@article{gerber2017multiscale,
  author =       {Gerber, Samuel and Maggioni, Mauro},
  journal =      {Journal of Machine Learning Research},
  note =         {\url{http://jmlr.org/papers/v18/16-108.html}},
  number =       72,
  openalex =     {W2963805841},
  pages =        {1--32},
  title =        {Multiscale Strategies for Computing Optimal
                  Transport},
  volume =       18,
  year =         2017
}

@article{ghoshdastidar2017uniform,
  author =       {Ghoshdastidar, Debarghya and Dukkipati, Ambedkar},
  journal =      {Journal of Machine Learning Research},
  note =         {\url{http://jmlr.org/papers/v18/16-100.html}},
  number =       50,
  openalex =     {W2287783892},
  pages =        {1--41},
  title =        {Uniform Hypergraph Partitioning: Provable Tensor
                  Methods and Sampling Techniques},
  volume =       18,
  year =         2017
}

@article{gonen2018average,
  author =       {Gonen, Alon and Shalev‐Shwartz, Shai},
  journal =      {Journal of Machine Learning Research},
  note =         {\url{http://jmlr.org/papers/v18/16-503.html}},
  number =       222,
  openalex =     {W2963192864},
  pages =        {1--13},
  title =        {Average Stability is Invariant to Data
                  Preconditioning. Implications to Exp-concave
                  Empirical Risk Minimization},
  volume =       18,
  year =         2018
}

@article{gottlieb2017nearly,
  author =       {Gottlieb, Lee-Ad and Kontorovich, Aryeh and
                  Nisnevitch, Pinhas},
  journal =      {Journal of Machine Learning Research},
  note =         {\url{http://jmlr.org/papers/v18/16-217.html}},
  number =       37,
  openalex =     {W2963565028},
  pages =        {1--22},
  title =        {Nearly optimal classification for semimetrics},
  volume =       18,
  year =         2017
}

@article{grunewald2018compact,
  author =       {Grünewälder, Steffen},
  journal =      {Journal of Machine Learning Research},
  note =         {\url{http://jmlr.org/papers/v18/16-147.html}},
  number =       219,
  openalex =     {W2884339463},
  pages =        {1--43},
  title =        {Compact convex projections},
  volume =       18,
  year =         2018
}

@article{guedj2018pycobra,
  author =       {Guedj, Benjamin and Desikan, Bhargav Srinivasa},
  journal =      {Journal of Machine Learning Research},
  note =         {\url{http://jmlr.org/papers/v18/17-228.html}},
  number =       190,
  openalex =     {W2732215177},
  pages =        {1--5},
  title =        {Pycobra: A Python Toolbox for Ensemble Learning and
                  Visualisation},
  volume =       18,
  year =         2018
}

@article{guhaniyogi2017bayesian,
  author =       {Guhaniyogi, Rajarshi and Qamar, Shaan and Dunson,
                  David B.},
  journal =      {Journal of Machine Learning Research},
  note =         {\url{http://jmlr.org/papers/v18/16-362.html}},
  number =       79,
  openalex =     {W2963404198},
  pages =        {1--31},
  title =        {Bayesian Tensor Regression},
  volume =       18,
  year =         2017
}

@article{guillamebert2017classification,
  author =       {Guillame-Bert, Mathieu and Dubrawski, Artur},
  journal =      {Journal of Machine Learning Research},
  note =         {\url{http://jmlr.org/papers/v18/15-403.html}},
  number =       121,
  openalex =     {W2770490030},
  pages =        {1--34},
  title =        {Classification of Time Sequences using Graphs of
                  Temporal Constraints},
  volume =       18,
  year =         2017
}

@article{guo2017learning,
  author =       {Guo, Zheng-Chu and Shi, Lei and Wu, Qiang},
  journal =      {Journal of Machine Learning Research},
  note =         {\url{http://jmlr.org/papers/v18/17-423.html}},
  number =       118,
  openalex =     {W2962987628},
  pages =        {1--25},
  title =        {Learning Theory of Distributed Regression with Bias
                  Corrected Regularization Kernel Network},
  volume =       18,
  year =         2017
}

@article{hajek2018submatrix,
  author =       {Hajek, Bruce and Wu, Yihong and Xu, Jiaming},
  journal =      {Journal of Machine Learning Research},
  note =         {\url{http://jmlr.org/papers/v18/17-297.html}},
  number =       186,
  openalex =     {W1935122382},
  pages =        {1--52},
  title =        {Submatrix localization via message passing},
  volume =       18,
  year =         2018
}

@article{hallac2017snapvx,
  author =       {Hallac, David and Wong, Christopher and Diamond,
                  Steven and Sharang, Abhijit and Sosič, Rok and Boyd,
                  Stephen and Leskovec, Jure},
  journal =      {Journal of Machine Learning Research},
  note =         {\url{http://jmlr.org/papers/v18/15-492.html}},
  number =       4,
  openalex =     {W2964051704},
  pages =        {1--5},
  title =        {SnapVX: A Network-Based Convex Optimization Solver.},
  volume =       18,
  year =         2017
}

@article{hamm2017minimax,
  author =       {Hamm, Jihun},
  journal =      {Journal of Machine Learning Research},
  note =         {\url{http://jmlr.org/papers/v18/16-501.html}},
  number =       129,
  openalex =     {W2963508973},
  pages =        {1--31},
  title =        {Minimax filter: learning to preserve privacy from
                  inference attacks},
  volume =       18,
  year =         2017
}

@article{hao2018simultaneous,
  author =       {Hao, Botao and Sun, Will Wei and Liu, Yufeng and
                  Cheng, Guang},
  journal =      {Journal of Machine Learning Research},
  note =         {\url{http://jmlr.org/papers/v18/17-019.html}},
  number =       217,
  openalex =     {W2558869262},
  pages =        {1--58},
  title =        {Simultaneous Clustering and Estimation of
                  Heterogeneous Graphical Models},
  volume =       18,
  year =         2018
}

@article{hasenclever2017distributed,
  author =       {Hasenclever, Leonard and Webb, Stefan and Lienart,
                  Thibaut and Vollmer, Sebastian J. and
                  Lakshminarayanan, Balaji and Blundell, Charles and
                  Teh, Yee Whye},
  journal =      {Journal of Machine Learning Research},
  note =         {\url{http://jmlr.org/papers/v18/16-478.html}},
  number =       106,
  openalex =     {W2963275203},
  pages =        {1--37},
  title =        {Distributed Bayesian Learning with Stochastic
                  Natural-gradient Expectation Propagation and the
                  Posterior Server},
  volume =       18,
  year =         2017
}

@article{helmbold2018surprising,
  author =       {Helmbold, David P. and Long, Philip M.},
  journal =      {Journal of Machine Learning Research},
  note =         {\url{http://jmlr.org/papers/v18/16-549.html}},
  number =       200,
  openalex =     {W2963649970},
  pages =        {1--28},
  title =        {Surprising properties of dropout in deep networks},
  volume =       18,
  year =         2018
}

@article{hensman2018variational,
  author =       {Hensman, James and Durrande, Nicolas and Solin,
                  Arno},
  journal =      {Journal of Machine Learning Research},
  note =         {\url{http://jmlr.org/papers/v18/16-579.html}},
  number =       151,
  openalex =     {W2550412943},
  pages =        {1--52},
  title =        {Variational Fourier features for Gaussian processes},
  volume =       18,
  year =         2018
}

@article{heusser2018hypertools,
  author =       {Heusser, Andrew C. and Ziman, Kirsten and Owen, Lucy
                  L. W. and Manning, Jeremy R.},
  journal =      {Journal of Machine Learning Research},
  note =         {\url{http://jmlr.org/papers/v18/17-434.html}},
  number =       152,
  openalex =     {W2801900386},
  pages =        {1--6},
  title =        {HyperTools: a Python Toolbox for Gaining Geometric
                  Insights into High-Dimensional Data},
  volume =       18,
  year =         2018
}

@article{hu2017group,
  author =       {Hu, Yaohua and Li, Chong and Meng, Kaiwen and Qin,
                  Jing and Yang, Xiaoqi},
  journal =      {Journal of Machine Learning Research},
  note =         {\url{http://jmlr.org/papers/v18/15-651.html}},
  number =       30,
  openalex =     {W2271232908},
  pages =        {1--52},
  title =        {Group sparse optimization via l p,q regularization},
  volume =       18,
  year =         2017
}

@article{huang2017asymptotic,
  author =       {Huang, Hanwen},
  journal =      {Journal of Machine Learning Research},
  note =         {\url{http://jmlr.org/papers/v18/16-564.html}},
  number =       45,
  openalex =     {W2614751510},
  pages =        {1--21},
  title =        {Asymptotic behavior of support vector machine for
                  spiked population model},
  volume =       18,
  year =         2017
}

@article{huang2017following,
  author =       {Huang, Ruitong and Lattimore, Tor and György, András
                  and Szepesvári, Csaba},
  journal =      {Journal of Machine Learning Research},
  note =         {\url{http://jmlr.org/papers/v18/17-079.html}},
  number =       145,
  openalex =     {W2783423588},
  pages =        {1--31},
  title =        {Following the Leader and Fast Rates in Online Linear
                  Prediction: Curved Constraint Sets and Other
                  Regularities},
  volume =       18,
  year =         2017
}

@article{hubara2018quantized,
  author =       {Hubara, Itay and Courbariaux, Matthieu and Soudry,
                  Daniel and El-Yaniv, Ran and Bengio, Yoshua},
  journal =      {Journal of Machine Learning Research},
  note =         {\url{http://jmlr.org/papers/v18/16-456.html}},
  number =       187,
  openalex =     {W2524428287},
  pages =        {1--30},
  title =        {Quantized Neural Networks: Training Neural Networks
                  with Low Precision Weights and Activations},
  volume =       18,
  year =         2018
}

@article{ishiguro2017averaged,
  author =       {Ishiguro, Katsuhiko and Sato, Issei and Ueda,
                  Naonori},
  journal =      {Journal of Machine Learning Research},
  note =         {\url{http://jmlr.org/papers/v18/14-249.html}},
  number =       1,
  openalex =     {W2605000734},
  pages =        {1--29},
  title =        {Averaged collapsed variational bayes inference},
  volume =       18,
  year =         2017
}

@article{ito2017unified,
  author =       {Ito, Naoki and Takeda, Akiko and Toh, Kim-Chuan},
  journal =      {Journal of Machine Learning Research},
  note =         {\url{http://jmlr.org/papers/v18/16-274.html}},
  number =       16,
  openalex =     {W2607522257},
  pages =        {1--49},
  title =        {A unified formulation and fast accelerated proximal
                  gradient method for classification},
  volume =       18,
  year =         2017
}

@article{jaeger2017using,
  author =       {Jaeger, Herbert},
  journal =      {Journal of Machine Learning Research},
  note =         {\url{http://jmlr.org/papers/v18/15-449.html}},
  number =       13,
  openalex =     {W2605640963},
  pages =        {1--43},
  title =        {Using conceptors to manage neural long-term memories
                  for temporal patterns},
  volume =       18,
  year =         2017
}

@article{jagabathula2017identifying,
  author =       {Jagabathula, Srikanth and Subramanian,
                  Lakshminarayanan and Venkataraman, Ashwin},
  journal =      {Journal of Machine Learning Research},
  note =         {\url{http://jmlr.org/papers/v18/15-650.html}},
  number =       93,
  openalex =     {W2761817502},
  pages =        {1--67},
  title =        {Identifying unreliable and adversarial workers in
                  crowdsourced labeling tasks},
  volume =       18,
  year =         2017
}

@article{jain2018parallelizing,
  author =       {Jain, Prateek and Kakade, Sham M. and Kidambi, Rahul
                  and Netrapalli, Praneeth and Sidford, Aaron},
  journal =      {Journal of Machine Learning Research},
  note =         {\url{http://jmlr.org/papers/v18/16-595.html}},
  number =       223,
  openalex =     {W2796196168},
  pages =        {1--42},
  title =        {Parallelizing Stochastic Gradient Descent for Least
                  Squares Regression: mini-batching, averaging, and
                  model misspecification},
  volume =       18,
  year =         2018
}

@article{javanmard2017perishability,
  author =       {Javanmard, Adel},
  journal =      {Journal of Machine Learning Research},
  note =         {\url{http://jmlr.org/papers/v18/17-061.html}},
  number =       53,
  openalex =     {W2963764445},
  pages =        {1--31},
  title =        {Perishability of Data: Dynamic Pricing under
                  Varying-Coefficient Models},
  volume =       18,
  year =         2017
}

@article{kasai2018sgdlibrary,
  author =       {Kasai, Hiroyuki},
  journal =      {Journal of Machine Learning Research},
  note =         {\url{http://jmlr.org/papers/v18/17-632.html}},
  number =       215,
  openalex =     {W2808678810},
  pages =        {1--5},
  title =        {SGDLibrary: A MATLAB library for stochastic
                  optimization algorithms},
  volume =       18,
  year =         2018
}

@article{kim2017refinery,
  author =       {Kim, Daeil and Swanson, Benjamin F. and Hughes,
                  Michael C. and Sudderth, Erik B.},
  journal =      {Journal of Machine Learning Research},
  note =         {\url{http://jmlr.org/papers/v18/15-441.html}},
  number =       12,
  openalex =     {W2608020720},
  pages =        {1--5},
  title =        {Refinery: an open source topic modeling web
                  platform},
  volume =       18,
  year =         2017
}

@article{kleindessner2017lens,
  author =       {Kleindessner, Matthäus and von Luxburg, Ulrike},
  journal =      {Journal of Machine Learning Research},
  note =         {\url{http://jmlr.org/papers/v18/16-061.html}},
  number =       58,
  openalex =     {W2963374513},
  pages =        {1--52},
  title =        {Lens Depth Function and k-Relative Neighborhood
                  Graph: Versatile Tools for Ordinal Data Analysis},
  volume =       18,
  year =         2017
}

@article{konev2018exact,
  author =       {Konev, Boris and Lutz, Carsten and Ozaki, Ana and
                  Wolter, Frank},
  journal =      {Journal of Machine Learning Research},
  note =         {\url{http://jmlr.org/papers/v18/16-256.html}},
  number =       201,
  openalex =     {W2808285130},
  pages =        {1--63},
  title =        {Exact Learning of Lightweight Description Logic
                  Ontologies},
  volume =       18,
  year =         2018
}

@article{kontorovich2018active,
  author =       {Kontorovich, Aryeh and Sabato, Sivan and Urner,
                  Ruth},
  journal =      {Journal of Machine Learning Research},
  note =         {\url{http://jmlr.org/papers/v18/16-499.html}},
  number =       195,
  openalex =     {W2963438545},
  pages =        {1--38},
  title =        {Active Nearest-Neighbor Learning in Metric Spaces},
  volume =       18,
  year =         2018
}

@article{kotthoff2017auto,
  author =       {Kotthoff, Lars and Thornton, Chris and Hoos, Holger
                  H. and Hutter, Frank and Leyton-Brown, Kevin},
  journal =      {Journal of Machine Learning Research},
  note =         {\url{http://jmlr.org/papers/v18/16-261.html}},
  number =       25,
  openalex =     {W2608595939},
  pages =        {1--5},
  title =        {Auto-WEKA: Automatic Model Selection and
                  Hyperparameter Optimization in WEKA},
  volume =       18,
  year =         2017
}

@article{kpotufe2017time,
  author =       {Kpotufe, Samory and Verma, Nakul},
  journal =      {Journal of Machine Learning Research},
  note =         {\url{http://jmlr.org/papers/v18/16-538.html}},
  number =       44,
  openalex =     {W2614865032},
  pages =        {1--29},
  title =        {Time-accuracy tradeoffs in kernel prediction:
                  controlling prediction quality},
  volume =       18,
  year =         2017
}

@article{kucukelbir2017automatic,
  author =       {Kucukelbir, Alp and Tran, Dustin and Ranganath,
                  Rajesh and Gelman, Andrew and Blei, David M.},
  journal =      {Journal of Machine Learning Research},
  note =         {\url{http://jmlr.org/papers/v18/16-107.html}},
  number =       14,
  openalex =     {W2962994101},
  pages =        {1--45},
  title =        {Automatic differentiation variational inference},
  volume =       18,
  year =         2017
}

@article{kundu2017recovering,
  author =       {Kundu, Abhisek and Drineas, Petros and
                  Magdon-Ismail, Malik},
  journal =      {Journal of Machine Learning Research},
  note =         {\url{http://jmlr.org/papers/v18/16-258.html}},
  number =       75,
  openalex =     {W3172851589},
  pages =        {1--34},
  title =        {Recovering PCA and sparse PCA via hybrid- (l1,
                  l2)sparse sampling of data elements},
  volume =       18,
  year =         2017
}

@article{kusano2018kernel,
  author =       {Kusano, Genki and Fukumizu, Kenji and Hiraoka,
                  Yasuaki},
  journal =      {Journal of Machine Learning Research},
  note =         {\url{http://jmlr.org/papers/v18/17-317.html}},
  number =       189,
  openalex =     {W2963806772},
  pages =        {1--41},
  title =        {Kernel Method for Persistence Diagrams via Kernel
                  Embedding and Weight Factor},
  volume =       18,
  year =         2018
}

@article{lauly2017document,
  author =       {Lauly, Stanislas and Zheng, Yin and Allauzen, Alex
                  and Larochelle, Hugo},
  journal =      {Journal of Machine Learning Research},
  note =         {\url{http://jmlr.org/papers/v18/16-017.html}},
  number =       113,
  pages =        {1--24},
  title =        {Document Neural Autoregressive Distribution
                  Estimation},
  volume =       18,
  year =         2017
}

@article{le2017approximation,
  author =       {Le, Trung and Dinh Nguyen, Tu and Nguyen, Vu and
                  Phung, Dinh},
  journal =      {Journal of Machine Learning Research},
  note =         {\url{http://jmlr.org/papers/v18/16-191.html}},
  number =       111,
  openalex =     {W2963785424},
  pages =        {1--55},
  title =        {Approximation Vector Machines for Large-scale Online
                  Learning},
  volume =       18,
  year =         2017
}

@article{lecué2017regularization,
  author =       {Lecué, Guillaume and Mendelson, Shahar},
  journal =      {Journal of Machine Learning Research},
  note =         {\url{http://jmlr.org/papers/v18/16-422.html}},
  number =       146,
  openalex =     {W2963517436},
  pages =        {1--48},
  title =        {Regularization and the small-ball method II:
                  complexity dependent error rates},
  volume =       18,
  year =         2017
}

@article{lee2017communication,
  author =       {Lee, Jason D. and Liu, Qiang and Sun, Yuekai and
                  Taylor, Jonathan},
  journal =      {Journal of Machine Learning Research},
  note =         {\url{http://jmlr.org/papers/v18/16-002.html}},
  number =       5,
  openalex =     {W2595198670},
  pages =        {1--30},
  title =        {Communication-efficient sparse regression},
  volume =       18,
  year =         2017
}

@article{lee2017distributed,
  author =       {Lee, Jason D. and Lin, Qihang and Ma, Tengyu and
                  Yang, Tianbao},
  journal =      {Journal of Machine Learning Research},
  note =         {\url{http://jmlr.org/papers/v18/16-640.html}},
  number =       122,
  openalex =     {W2769669795},
  pages =        {1--43},
  title =        {Distributed stochastic variance reduced gradient
                  methods by sampling extra data with replacement},
  volume =       18,
  year =         2017
}

@article{lei2018convergence,
  author =       {Lei, Yunwen and Shi, Lei and Guo, Zheng-Chu},
  journal =      {Journal of Machine Learning Research},
  note =         {\url{http://jmlr.org/papers/v18/17-457.html}},
  number =       171,
  openalex =     {W2963386061},
  pages =        {1--33},
  title =        {Convergence of Unregularized Online Learning
                  Algorithms},
  volume =       18,
  year =         2018
}

@article{lemaitre2017imbalanced,
  author =       {Lemaître, Guillaume and Nogueira, Fernando and
                  Aridas, Christos K.},
  journal =      {Journal of Machine Learning Research},
  note =         {\url{http://jmlr.org/papers/v18/16-365.html}},
  number =       17,
  openalex =     {W4293713156},
  pages =        {1--5},
  title =        {Imbalanced-learn: A Python Toolbox to Tackle the
                  Curse of Imbalanced Datasets in Machine Learning},
  volume =       18,
  year =         2017
}

@article{leppaeho2017gfa,
  author =       {Leppäaho, Eemeli and Ammad-ud-din, Muhammad and
                  Kaski, Samuel},
  journal =      {Journal of Machine Learning Research},
  note =         {\url{http://jmlr.org/papers/v18/16-509.html}},
  number =       39,
  openalex =     {W2556610508},
  pages =        {1--5},
  title =        {GFA: exploratory analysis of multiple data sources
                  with group factor analysis},
  volume =       18,
  year =         2017
}

@article{li2018beyond,
  author =       {Li, Zifan and Tewari, Ambuj},
  journal =      {Journal of Machine Learning Research},
  note =         {\url{http://jmlr.org/papers/v18/17-364.html}},
  number =       183,
  openalex =     {W2594887820},
  pages =        {1--24},
  title =        {Beyond the Hazard Rate: More Perturbation Algorithms
                  for Adversarial Multi-armed Bandits},
  volume =       18,
  year =         2018
}

@article{li2018faster,
  author =       {Li, Xingguo and Zhao, Tuo and Arora, Raman and Liu,
                  Han and Hong, Mingyi},
  journal =      {Journal of Machine Learning Research},
  note =         {\url{http://jmlr.org/papers/v18/17-157.html}},
  number =       184,
  openalex =     {W2963821730},
  pages =        {1--24},
  title =        {On faster convergence of cyclic block coordinate
                  descent-type methods for strongly convex
                  minimization},
  volume =       18,
  year =         2018
}

@article{li2018hyperband,
  author =       {Li, Lisha and Jamieson, Kevin and DeSalvo, Giulia
                  and Rostamizadeh, Afshin and Talwalkar, Ameet},
  journal =      {Journal of Machine Learning Research},
  note =         {\url{http://jmlr.org/papers/v18/16-558.html}},
  number =       185,
  openalex =     {W2963815651},
  pages =        {1--52},
  title =        {Hyperband: a novel bandit-based approach to
                  hyperparameter optimization},
  volume =       18,
  year =         2018
}

@article{li2018maximum,
  author =       {Li, Qianxiao and Chen, Long and Tai, Cheng and
                  Weinan, E},
  journal =      {Journal of Machine Learning Research},
  note =         {\url{http://jmlr.org/papers/v18/17-653.html}},
  number =       165,
  openalex =     {W2963656894},
  pages =        {1--29},
  title =        {Maximum Principle Based Algorithms for Deep
                  Learning},
  volume =       18,
  year =         2018
}

@article{lian2018divide,
  author =       {Lian, Heng and Fan, Zengyan},
  journal =      {Journal of Machine Learning Research},
  note =         {\url{http://jmlr.org/papers/v18/17-343.html}},
  number =       182,
  pages =        {1--26},
  title =        {Divide-and-Conquer for Debiased l_1-norm Support
                  Vector Machine in Ultra-high Dimensions},
  volume =       18,
  year =         2018
}

@article{liang2018sparse,
  author =       {Liang, Shuhan and Lu, Wenbin and Song, Rui and Wang,
                  Lan},
  journal =      {Journal of Machine Learning Research},
  note =         {\url{http://jmlr.org/papers/v18/17-159.html}},
  number =       202,
  openalex =     {W2808139858},
  pages =        {1--26},
  title =        {Sparse concordance-assisted learning for optimal
                  treatment decision.},
  volume =       18,
  year =         2018
}

@article{lim2017clustering,
  author =       {Lim, Shiau Hong and Chen, Yudong and Xu, Huan},
  journal =      {Journal of Machine Learning Research},
  note =         {\url{http://jmlr.org/papers/v18/15-659.html}},
  number =       49,
  openalex =     {W2652776740},
  pages =        {1--47},
  title =        {Clustering from general pairwise observations with
                  applications to time-varying graphs},
  volume =       18,
  year =         2017
}

@article{lin2017clustering,
  author =       {Lin, Lin and Li, Jia},
  journal =      {Journal of Machine Learning Research},
  note =         {\url{http://jmlr.org/papers/v18/16-342.html}},
  number =       110,
  openalex =     {W2769342206},
  pages =        {1--49},
  title =        {Clustering with Hidden Markov Model on Variable
                  Blocks},
  volume =       18,
  year =         2017
}

@article{lin2017distributed,
  author =       {Lin, Shao-Bo and Guo, Xin and Zhou, Ding‐Xuan},
  journal =      {Journal of Machine Learning Research},
  note =         {\url{http://jmlr.org/papers/v18/15-586.html}},
  number =       92,
  openalex =     {W2963020641},
  pages =        {1--31},
  title =        {Distributed Learning with Regularized Least Squares},
  volume =       18,
  year =         2017
}

@article{lin2017optimal,
  author =       {Lin, Junhong and Rosasco, Lorenzo},
  journal =      {Journal of Machine Learning Research},
  note =         {\url{http://jmlr.org/papers/v18/17-176.html}},
  number =       97,
  openalex =     {W2963290222},
  pages =        {1--47},
  title =        {Optimal Rates for Multi-pass Stochastic Gradient
                  Methods},
  volume =       18,
  year =         2017
}

@article{lin2017regularized,
  author =       {Lin, Jiahe and Michailidis, George},
  journal =      {Journal of Machine Learning Research},
  note =         {\url{http://jmlr.org/papers/v18/17-055.html}},
  number =       117,
  openalex =     {W2963670397},
  pages =        {1--49},
  title =        {Regularized Estimation and Testing for
                  High-Dimensional Multi-Block Vector-Autoregressive
                  Models},
  volume =       18,
  year =         2017
}

@article{lin2018catalyst,
  author =       {Lin, Hongzhou and Mairal, Julien and Harchaoui,
                  Zaïd},
  journal =      {Journal of Machine Learning Research},
  note =         {\url{http://jmlr.org/papers/v18/17-748.html}},
  number =       212,
  openalex =     {W2963474881},
  pages =        {1--54},
  title =        {Catalyst Acceleration for First-order Convex
                  Optimization: from Theory to Practice},
  volume =       18,
  year =         2018
}

@article{liu2017easy,
  author =       {Liu, Weiwei and Tsang, Ivor W. and Müller,
                  Klaus-Robert},
  journal =      {Journal of Machine Learning Research},
  note =         {\url{http://jmlr.org/papers/v18/16-212.html}},
  number =       94,
  openalex =     {W2761674588},
  pages =        {1--38},
  title =        {An easy-to-hard learning paradigm for multiple
                  classes and multiple labels},
  volume =       18,
  year =         2017
}

@article{liu2017making,
  author =       {Liu, Weiwei and Tsang, Ivor W.},
  journal =      {Journal of Machine Learning Research},
  note =         {\url{http://jmlr.org/papers/v18/16-466.html}},
  number =       81,
  openalex =     {W2757686304},
  pages =        {1--36},
  title =        {Making decision trees feasible in ultrahigh feature
                  and label dimensions},
  volume =       18,
  year =         2017
}

@article{lu2018post,
  author =       {Lu, Junwei and Kolar, Mladen and Liu, Han},
  journal =      {Journal of Machine Learning Research},
  note =         {\url{http://jmlr.org/papers/v18/17-145.html}},
  number =       203,
  openalex =     {W2963221427},
  pages =        {1--78},
  title =        {Post-regularization inference for time-varying
                  nonparanormal graphical models},
  volume =       18,
  year =         2018
}

@article{lucic2018training,
  author =       {Lučić, Mario and Faulkner, Matthew and Krause,
                  Andreas and Feldman, Dan},
  journal =      {Journal of Machine Learning Research},
  note =         {\url{http://jmlr.org/papers/v18/15-506.html}},
  number =       160,
  openalex =     {W2601251344},
  pages =        {1--25},
  title =        {Training Gaussian mixture models at scale via
                  coresets},
  volume =       18,
  year =         2018
}

@article{m2017stochastic,
  author =       {Mandt, Stephan and Hoffman, Matthew D. and Blei,
                  David M.},
  journal =      {Journal of Machine Learning Research},
  note =         {\url{http://jmlr.org/papers/v18/17-214.html}},
  number =       134,
  openalex =     {W2962915600},
  pages =        {1--35},
  title =        {Stochastic Gradient Descent as Approximate Bayesian
                  Inference},
  volume =       18,
  year =         2017
}

@article{ma2017stabilized,
  author =       {Ma, Yuting and Zheng, Tian},
  journal =      {Journal of Machine Learning Research},
  note =         {\url{http://jmlr.org/papers/v18/16-190.html}},
  number =       131,
  openalex =     {W2963625598},
  pages =        {1--36},
  title =        {Stabilized Sparse Online Learning for Sparse Data},
  volume =       18,
  year =         2017
}

@article{madridpadilla2018dfs,
  author =       {Padilla, Oscar Hernán Madrid and Scott, James G. and
                  Sharpnack, James and Tibshirani, Ryan J.},
  journal =      {Journal of Machine Learning Research},
  note =         {\url{http://jmlr.org/papers/v18/16-532.html}},
  number =       176,
  openalex =     {W2547188984},
  pages =        {1--36},
  title =        {The DFS Fused Lasso: Linear-Time Denoising over
                  General Graphs},
  volume =       18,
  year =         2018
}

@article{mahajan2017distributed,
  author =       {Mahajan, Dhruv and Keerthi, S. Sathiya and
                  Sundararajan, S.},
  journal =      {Journal of Machine Learning Research},
  note =         {\url{http://jmlr.org/papers/v18/14-484.html}},
  number =       91,
  pages =        {1--35},
  title =        {A distributed block coordinate descent method for
                  training l1 regularized linear classifiers},
  volume =       18,
  year =         2017
}

@article{mahsereci2017probabilistic,
  author =       {Mahsereci, Maren and Hennig, Philipp},
  journal =      {Journal of Machine Learning Research},
  note =         {\url{http://jmlr.org/papers/v18/17-049.html}},
  number =       119,
  openalex =     {W2771005692},
  pages =        {1--59},
  title =        {Probabilistic Line Searches for Stochastic
                  Optimization},
  volume =       18,
  year =         2017
}

@article{martinez2017relational,
  author =       {Martínez, David and Alenyà, Guillem and Ribeiro,
                  Tony and Inoue, Katsumi and Torras, Carme},
  journal =      {Journal of Machine Learning Research},
  note =         {\url{http://jmlr.org/papers/v18/16-326.html}},
  number =       78,
  openalex =     {W2760799532},
  pages =        {1--44},
  title =        {Relational Reinforcement Learning for Planning with
                  Exogenous Effects},
  volume =       18,
  year =         2017
}

@article{matthews2017gpflow,
  author =       {Matthews, Alexander and Wilk, Mark van der and
                  Nickson, Tom and Fujii, Keisuke and Boukouvalas,
                  Alexis and León-Villagrá, Pablo and Ghahramani,
                  Zoubin and Hensman, James},
  journal =      {Journal of Machine Learning Research},
  note =         {\url{http://jmlr.org/papers/v18/16-537.html}},
  number =       40,
  openalex =     {W4301091646},
  pages =        {1--6},
  title =        {GPflow: A Gaussian process library using TensorFlow},
  volume =       18,
  year =         2017
}

@article{mcdonald2017nonparametric,
  author =       {McDonald, Daniel J. and Shalizi, Cosma Rohilla and
                  Schervish, Mark J.},
  journal =      {Journal of Machine Learning Research},
  note =         {\url{http://jmlr.org/papers/v18/13-336.html}},
  number =       32,
  openalex =     {W2964286225},
  pages =        {1--40},
  title =        {Nonparametric risk bounds for time-series
                  forecasting},
  volume =       18,
  year =         2017
}

@article{mcmahan2017survey,
  author =       {McMahan, H. Brendan},
  journal =      {Journal of Machine Learning Research},
  note =         {\url{http://jmlr.org/papers/v18/14-428.html}},
  number =       90,
  openalex =     {W2964323557},
  pages =        {1--50},
  title =        {A survey of Algorithms and Analysis for Adaptive
                  Online Learning},
  volume =       18,
  year =         2017
}

@article{melnyk2017spectral,
  author =       {Melnyk, Igor and Banerjee, Arindam},
  journal =      {Journal of Machine Learning Research},
  note =         {\url{http://jmlr.org/papers/v18/15-468.html}},
  number =       35,
  openalex =     {W2164467169},
  pages =        {1--39},
  title =        {A spectral algorithm for inference in hidden
                  semi-Markov models},
  volume =       18,
  year =         2017
}

@article{minsker2017robust,
  author =       {Minsker, Stanislav and Srivastava, Sanvesh and Lin,
                  Lizhen and Dunson, David B.},
  journal =      {Journal of Machine Learning Research},
  note =         {\url{http://jmlr.org/papers/v18/16-655.html}},
  number =       124,
  openalex =     {W2963888630},
  pages =        {1--40},
  title =        {Robust and Scalable Bayes via a Median of Subset
                  Posterior Measures},
  volume =       18,
  year =         2017
}

@article{morningstar2018deep,
  author =       {Morningstar, Alan and Melko, Roger G.},
  journal =      {Journal of Machine Learning Research},
  note =         {\url{http://jmlr.org/papers/v18/17-527.html}},
  number =       163,
  openalex =     {W2749945115},
  pages =        {1--17},
  title =        {Deep Learning the Ising Model Near Criticality},
  volume =       18,
  year =         2018
}

@article{morstatter2018search,
  author =       {Morstatter, Fred and Liu, Huan},
  journal =      {Journal of Machine Learning Research},
  note =         {\url{http://jmlr.org/papers/v18/17-069.html}},
  number =       169,
  openalex =     {W2808151906},
  pages =        {1--32},
  title =        {In Search of Coherence and Consensus: Measuring the
                  Interpretability of Statistical Topics},
  volume =       18,
  year =         2018
}

@article{narayanan2017efficient,
  author =       {Narayanan, Hariharan and Rakhlin, Alexer},
  journal =      {Journal of Machine Learning Research},
  note =         {\url{http://jmlr.org/papers/v18/14-223.html}},
  number =       112,
  pages =        {1--29},
  title =        {Efficient Sampling from Time-Varying Log-Concave
                  Distributions},
  volume =       18,
  year =         2017
}

@article{natarajan2018cost,
  author =       {Natarajan, Nagarajan and Dhillon, Inderjit S. and
                  Ravikumar, Pradeep and Tewari, Ambuj},
  journal =      {Journal of Machine Learning Research},
  note =         {\url{http://jmlr.org/papers/v18/15-226.html}},
  number =       155,
  openalex =     {W2803642127},
  pages =        {1--33},
  title =        {Cost-sensitive learning with noisy labels},
  volume =       18,
  year =         2018
}

@article{ndiaye2017gap,
  author =       {Ndiaye, Eugène and Fercoq, Olivier and Alex, Alex
                  and Gramfort, re and Salmon, Joseph},
  journal =      {Journal of Machine Learning Research},
  note =         {\url{http://jmlr.org/papers/v18/16-577.html}},
  number =       128,
  openalex =     {W2962939576},
  pages =        {1--33},
  title =        {Gap Safe screening rules for sparsity enforcing
                  penalties},
  volume =       18,
  year =         2017
}

@article{nevo2017identifying,
  author =       {Nevo, Daniel and Ritov, Ya'acov},
  journal =      {Journal of Machine Learning Research},
  note =         {\url{http://jmlr.org/papers/v18/16-172.html}},
  number =       24,
  openalex =     {W2963480832},
  pages =        {1--29},
  title =        {Identifying a minimal class of models for
                  high-dimensional data},
  volume =       18,
  year =         2017
}

@article{nogueira2018stability,
  author =       {Nogueira, Sarah and Sechidis, Konstantinos and
                  Brown, Gavin},
  journal =      {Journal of Machine Learning Research},
  note =         {\url{http://jmlr.org/papers/v18/17-514.html}},
  number =       174,
  pages =        {1--54},
  title =        {Stability of feature selection algorithm: A review},
  volume =       18,
  year =         2018
}

@article{norton2017soft,
  author =       {Norton, Matthew and Mafusalov, Alexander and
                  Uryasev, Stan},
  journal =      {Journal of Machine Learning Research},
  note =         {\url{http://jmlr.org/papers/v18/15-566.html}},
  number =       68,
  openalex =     {W2756994905},
  pages =        {1--43},
  title =        {Soft Margin Support Vector Classification as
                  Buffered Probability Minimization},
  volume =       18,
  year =         2017
}

@article{oliehoek2017madp,
  author =       {Oliehoek, Frans A. and Spaan, Matthijs T. J. and
                  Terwijn, B. and Robbel, Philipp and Messias, Jo ao
                  V.},
  journal =      {Journal of Machine Learning Research},
  note =         {\url{http://jmlr.org/papers/v18/17-156.html}},
  number =       89,
  openalex =     {W2588845097},
  pages =        {1--5},
  title =        {The MADP Toolbox: An Open Source Library for
                  Planning and Learning in (Multi-)Agent Systems},
  volume =       18,
  year =         2017
}

@article{ollivier2017information,
  author =       {Ollivier, Yann and Arnold, Ludovic and Auger, Anne
                  and Hansen, Nikolaus},
  journal =      {Journal of Machine Learning Research},
  note =         {\url{http://jmlr.org/papers/v18/14-467.html}},
  number =       18,
  openalex =     {W1480347379},
  pages =        {1--65},
  title =        {Information-Geometric Optimization Algorithms: A
                  Unifying Picture via Invariance Principles},
  volume =       18,
  year =         2017
}

@article{painsky2018gaussian,
  author =       {Painsky, Amichai and Tishby, Naftali},
  journal =      {Journal of Machine Learning Research},
  note =         {\url{http://jmlr.org/papers/v18/17-398.html}},
  number =       213,
  openalex =     {W2963776148},
  pages =        {1--29},
  title =        {Gaussian Lower Bound for the Information Bottleneck
                  Limit},
  volume =       18,
  year =         2018
}

@article{palowitch2018significance,
  author =       {Palowitch, John and Bhamidi, Shankar and Nobel,
                  Andrew B.},
  journal =      {Journal of Machine Learning Research},
  note =         {\url{http://jmlr.org/papers/v18/17-377.html}},
  number =       188,
  openalex =     {W2963925793},
  pages =        {1--48},
  title =        {Significance-based community detection in weighted
                  networks.},
  volume =       18,
  year =         2018
}

@article{papanikolaou2017dense,
  author =       {Papanikolaou, Yannis and Foulds, James and Rubin,
                  Timothy N. and Tsoumakas, Grigorios},
  journal =      {Journal of Machine Learning Research},
  note =         {\url{http://jmlr.org/papers/v18/16-526.html}},
  number =       62,
  openalex =     {W2963926240},
  pages =        {1--58},
  title =        {Dense Distributions from Sparse Samples: Improved
                  Gibbs Sampling Parameter Estimators for LDA},
  volume =       18,
  year =         2017
}

@article{papyan2017convolutional,
  author =       {Papyan, Vardan and Romano, Yaniv and Elad, Michael},
  journal =      {Journal of Machine Learning Research},
  note =         {\url{http://jmlr.org/papers/v18/16-505.html}},
  number =       83,
  openalex =     {W2963197835},
  pages =        {1--52},
  title =        {Convolutional neural networks analyzed via
                  convolutional sparse coding},
  volume =       18,
  year =         2017
}

@article{park2017bayesian,
  author =       {Park, Young Woong and Klabjan, Diego},
  journal =      {Journal of Machine Learning Research},
  note =         {\url{http://jmlr.org/papers/v18/17-033.html}},
  number =       99,
  openalex =     {W2963827798},
  pages =        {1--32},
  title =        {Bayesian Network Learning via Topological Order},
  volume =       18,
  year =         2017
}

@article{park2018learning,
  author =       {Park, Gunwoong and Raskutti, Garvesh},
  journal =      {Journal of Machine Learning Research},
  note =         {\url{http://jmlr.org/papers/v18/17-243.html}},
  number =       224,
  openalex =     {W2963078077},
  pages =        {1--44},
  title =        {Learning Quadratic Variance Function (QVF) DAG
                  Models via OverDispersion Scoring (ODS)},
  volume =       18,
  year =         2018
}

@article{patrascu2018nonasymptotic,
  author =       {Pătraşcu, Andrei and Necoara, Ion},
  journal =      {Journal of Machine Learning Research},
  note =         {\url{http://jmlr.org/papers/v18/17-347.html}},
  number =       198,
  openalex =     {W2963747836},
  pages =        {1--42},
  title =        {Nonasymptotic convergence of stochastic proximal
                  point methods for constrained convex optimization},
  volume =       18,
  year =         2018
}

@article{pedregosa2017consistency,
  author =       {Pedregosa, Fabián and Bach, Francis and Gramfort,
                  Alexandre},
  journal =      {Journal of Machine Learning Research},
  note =         {\url{http://jmlr.org/papers/v18/15-495.html}},
  number =       55,
  openalex =     {W2107505626},
  pages =        {1--35},
  title =        {On the Consistency of Ordinal Regression Methods},
  volume =       18,
  year =         2017
}

@article{perković2018complete,
  author =       {Perković, Emilija and Textor, Johannes and Kalisch,
                  Markus and Maathuis, Marloes H.},
  journal =      {Journal of Machine Learning Research},
  note =         {\url{http://jmlr.org/papers/v18/16-319.html}},
  number =       220,
  openalex =     {W2963304627},
  pages =        {1--62},
  title =        {Complete Graphical Characterization and Construction
                  of Adjustment Sets in Markov Equivalence Classes of
                  Ancestral Graphs},
  volume =       18,
  year =         2018
}

@article{perrone2017poisson,
  author =       {Perrone, Valerio and Jenkins, Paul A. and Spanò,
                  Dario and Teh, Yee Whye},
  journal =      {Journal of Machine Learning Research},
  note =         {\url{http://jmlr.org/papers/v18/16-541.html}},
  number =       127,
  openalex =     {W2953074199},
  pages =        {1--45},
  title =        {Poisson Random Fields for Dynamic Feature Models},
  volume =       18,
  year =         2017
}

@article{pinto2017learning,
  author =       {Pinto, Jervis and Fern, Alan},
  journal =      {Journal of Machine Learning Research},
  note =         {\url{http://jmlr.org/papers/v18/15-251.html}},
  number =       65,
  openalex =     {W2759936920},
  pages =        {1--35},
  title =        {Learning partial policies to speedup MDP tree search
                  via reduction to I.I.D. learning},
  volume =       18,
  year =         2017
}

@article{popovici2017bridging,
  author =       {Popovici, Elena},
  journal =      {Journal of Machine Learning Research},
  note =         {\url{http://jmlr.org/papers/v18/16-223.html}},
  number =       38,
  openalex =     {W2999633534},
  pages =        {1--39},
  title =        {Bridging supervised learning and test-based
                  co-optimization},
  volume =       18,
  year =         2017
}

@article{price2018cluster,
  author =       {Price, Bradley S. and Sherwood, Ben},
  journal =      {Journal of Machine Learning Research},
  note =         {\url{http://jmlr.org/papers/v18/17-445.html}},
  number =       232,
  openalex =     {W2950266077},
  pages =        {1--39},
  title =        {A Cluster Elastic Net for Multivariate Regression},
  volume =       18,
  year =         2018
}

@article{probst2018tune,
  author =       {Probst, Philipp and Boulesteix, Anne‐Laure},
  journal =      {Journal of Machine Learning Research},
  note =         {\url{http://jmlr.org/papers/v18/17-269.html}},
  number =       181,
  openalex =     {W4297729205},
  pages =        {1--18},
  title =        {To tune or not to tune the number of trees in random
                  forest?},
  volume =       18,
  year =         2018
}

@article{raff2017jsat,
  author =       {Raff, Edward},
  journal =      {Journal of Machine Learning Research},
  note =         {\url{http://jmlr.org/papers/v18/16-131.html}},
  number =       23,
  openalex =     {W2608296545},
  pages =        {1--5},
  title =        {JSAT: Java statistical analysis tool, a library for
                  machine learning},
  volume =       18,
  year =         2017
}

@article{ray2018search,
  author =       {Ray, Avik and Neeman, Joe and Sanghavi, Sujay and
                  Shakkottai, Sanjay},
  journal =      {Journal of Machine Learning Research},
  note =         {\url{http://jmlr.org/papers/v18/16-483.html}},
  number =       206,
  openalex =     {W2963478827},
  pages =        {1--61},
  title =        {The Search Problem in Mixture Models},
  volume =       18,
  year =         2018
}

@article{riccitersenghi2017improving,
  author =       {Raymond, Jack and Ricci-Tersenghi, Federico},
  journal =      {Journal of Machine Learning Research},
  note =         {\url{http://jmlr.org/papers/v18/16-070.html}},
  number =       6,
  openalex =     {W4297667953},
  pages =        {1--36},
  title =        {Improving variational methods via pairwise linear
                  response identities},
  volume =       18,
  year =         2017
}

@article{roy2017hierarchical,
  author =       {Roy, Aurko and Pokutta, Sebastian},
  journal =      {Journal of Machine Learning Research},
  note =         {\url{http://jmlr.org/papers/v18/17-081.html}},
  number =       88,
  openalex =     {W2542513214},
  pages =        {1--35},
  title =        {Hierarchical Clustering via Spreading Metrics},
  volume =       18,
  year =         2017
}

@article{sabato2018interactive,
  author =       {Sabato, Sivan and Hess, Tom},
  journal =      {Journal of Machine Learning Research},
  note =         {\url{http://jmlr.org/papers/v18/16-424.html}},
  number =       229,
  openalex =     {W2885965167},
  pages =        {1--39},
  title =        {Interactive Algorithms: Pool, Stream and
                  Precognitive Stream},
  volume =       18,
  year =         2018
}

@article{sadeghi2017faithfulness,
  author =       {Sadeghi, Kayvan},
  journal =      {Journal of Machine Learning Research},
  note =         {\url{http://jmlr.org/papers/v18/17-275.html}},
  number =       148,
  openalex =     {W2963927326},
  pages =        {1--29},
  title =        {Faithfulness of Probability Distributions and
                  Graphs},
  volume =       18,
  year =         2017
}

@article{saeedi2017variational,
  author =       {Saeedi, Ardavan and Kulkarni, Tejas D. and
                  Mansinghka, Vikash K. and Gershman, Samuel J.},
  journal =      {Journal of Machine Learning Research},
  note =         {\url{http://jmlr.org/papers/v18/15-615.html}},
  number =       69,
  openalex =     {W2963704192},
  pages =        {1--29},
  title =        {Variational Particle Approximations},
  volume =       18,
  year =         2017
}

@article{sasaki2018mode,
  author =       {Sasaki, Hiroaki and Kanamori, Takafumi and
                  Hyvärinen, Aapo and Niu, Gang and Sugiyama, Masashi},
  journal =      {Journal of Machine Learning Research},
  note =         {\url{http://jmlr.org/papers/v18/17-380.html}},
  number =       180,
  openalex =     {W2964023070},
  pages =        {1--47},
  title =        {Mode-Seeking Clustering and Density Ridge Estimation
                  via Direct Estimation of Density-Derivative-Ratios},
  volume =       18,
  year =         2018
}

@article{schiratti2017bayesian,
  author =       {Schiratti, Jean-Baptiste and Allassonnière,
                  Stéphanie and Colliot, Olivier and Durrleman,
                  Stanley},
  journal =      {Journal of Machine Learning Research},
  note =         {\url{http://jmlr.org/papers/v18/17-197.html}},
  number =       133,
  openalex =     {W2743901732},
  pages =        {1--33},
  title =        {A Bayesian mixed-effects model to learn trajectories
                  of changes from repeated manifold-valued
                  observations},
  volume =       18,
  year =         2017
}

@article{schmitt2017openxbow,
  author =       {Schmitt, Maximilian and Schüller, Björn},
  journal =      {Journal of Machine Learning Research},
  note =         {\url{http://jmlr.org/papers/v18/17-113.html}},
  number =       96,
  openalex =     {W2963614358},
  pages =        {1--5},
  title =        {openXBOW -- Introducing the Passau Open-Source
                  Crossmodal Bag-of-Words Toolkit},
  volume =       18,
  year =         2017
}

@article{schreiber2018pomegranate,
  author =       {Schreiber, Jacob},
  journal =      {Journal of Machine Learning Research},
  note =         {\url{http://jmlr.org/papers/v18/17-636.html}},
  number =       164,
  openalex =     {W4297806271},
  pages =        {1--6},
  title =        {Pomegranate: fast and flexible probabilistic
                  modeling in python},
  volume =       18,
  year =         2018
}

@article{serra2017dimension,
  author =       {Serra, Paulo and M, Michel and Jes, Michel},
  journal =      {Journal of Machine Learning Research},
  note =         {\url{http://jmlr.org/papers/v18/16-232.html}},
  number =       138,
  openalex =     {W2963660864},
  pages =        {1--35},
  title =        {Dimension Estimation Using Random Connection Models},
  volume =       18,
  year =         2017
}

@article{seshkumar2017active,
  author =       {Kumar, K.S. and Bach, Francis},
  journal =      {Journal of Machine Learning Research},
  note =         {\url{http://jmlr.org/papers/v18/17-101.html}},
  number =       132,
  openalex =     {W2549354558},
  pages =        {1--31},
  title =        {Active-set Methods for Submodular Minimization
                  Problems},
  volume =       18,
  year =         2017
}

@article{shah2018bit,
  author =       {Shah, Rajen D. and Meinshausen, Nicolai},
  journal =      {Journal of Machine Learning Research},
  note =         {\url{http://jmlr.org/papers/v18/16-587.html}},
  number =       178,
  openalex =     {W2963499975},
  pages =        {1--42},
  title =        {On $b$-bit Min-wise Hashing for Large-scale
                  Regression and Classification with Sparse Data},
  volume =       18,
  year =         2018
}

@article{shah2018simple,
  author =       {Shah, Nihar B. and Wainwright, Martin J.},
  journal =      {Journal of Machine Learning Research},
  note =         {\url{http://jmlr.org/papers/v18/16-206.html}},
  number =       199,
  openalex =     {W2221311665},
  pages =        {1--38},
  title =        {Simple, Robust and Optimal Ranking from Pairwise
                  Comparisons},
  volume =       18,
  year =         2018
}

@article{shamir2017optimal,
  author =       {Shamir, Ohad},
  journal =      {Journal of Machine Learning Research},
  note =         {\url{http://jmlr.org/papers/v18/16-632.html}},
  number =       52,
  openalex =     {W2963308146},
  pages =        {1--11},
  title =        {An Optimal Algorithm for Bandit and Zero-Order
                  Convex Optimization with Two-Point Feedback},
  volume =       18,
  year =         2017
}

@article{shang2017computational,
  author =       {Shang, Zuofeng and Cheng, Guang},
  journal =      {Journal of Machine Learning Research},
  note =         {\url{http://jmlr.org/papers/v18/16-289.html}},
  number =       108,
  openalex =     {W2963675684},
  pages =        {1--37},
  title =        {Computational Limits of A Distributed Algorithm For
                  Smoothing Spline},
  volume =       18,
  year =         2017
}

@article{shen2018tight,
  author =       {Shen, Jie and Li, Ping},
  journal =      {Journal of Machine Learning Research},
  note =         {\url{http://jmlr.org/papers/v18/16-299.html}},
  number =       208,
  openalex =     {W2962975464},
  pages =        {1--42},
  title =        {A Tight Bound of Hard Thresholding},
  volume =       18,
  year =         2018
}

@article{sherrif2017optimal,
  author =       {Sheriff, Mohammed Rayyan and Chatterjee, Debasish},
  journal =      {Journal of Machine Learning Research},
  note =         {\url{http://jmlr.org/papers/v18/16-046.html}},
  number =       107,
  openalex =     {W2294542821},
  pages =        {1--28},
  title =        {Optimal dictionary for least squares representation},
  volume =       18,
  year =         2017
}

@article{shi2017online,
  author =       {Shi, Tianlin and Zhu, Jun},
  journal =      {Journal of Machine Learning Research},
  note =         {\url{http://jmlr.org/papers/v18/14-188.html}},
  number =       33,
  openalex =     {W2100897665},
  pages =        {1--39},
  title =        {Online Bayesian Passive-Aggressive Learning},
  volume =       18,
  year =         2017
}

@article{si2017memory,
  author =       {Si, Si and Hsieh, Cho‐Jui and Dhillon, Inderjit S.},
  journal =      {Journal of Machine Learning Research},
  note =         {\url{http://jmlr.org/papers/v18/15-025.html}},
  number =       20,
  openalex =     {W2109844857},
  pages =        {1--32},
  title =        {Memory Efficient Kernel Approximation},
  volume =       18,
  year =         2017
}

@article{silva2017learning,
  author =       {Silva, Ricardo and Shimizu, Shohei},
  journal =      {Journal of Machine Learning Research},
  note =         {\url{http://jmlr.org/papers/v18/17-014.html}},
  number =       120,
  openalex =     {W2768642709},
  pages =        {1--49},
  title =        {Learning instrumental variables with structural and
                  non-gaussianity assumptions},
  volume =       18,
  year =         2017
}

@article{singer2017kernel,
  author =       {Singer, Marco and Krivobokova, Tatyana and Munk,
                  Axel},
  journal =      {Journal of Machine Learning Research},
  note =         {\url{http://jmlr.org/papers/v18/17-306.html}},
  number =       123,
  openalex =     {W2626557043},
  pages =        {1--41},
  title =        {Kernel partial least squares for stationary data},
  volume =       18,
  year =         2017
}

@article{smith2018cocoa,
  author =       {Smith, Virginia and Forte, Simone and Ma, Chenxin
                  and Takáč, Martin and Jordan, Michael I. and Jaggi,
                  Martin},
  journal =      {Journal of Machine Learning Research},
  note =         {\url{http://jmlr.org/papers/v18/16-512.html}},
  number =       230,
  openalex =     {W2962741697},
  pages =        {1--49},
  title =        {CoCoA: A General Framework for
                  Communication-Efficient Distributed Optimization},
  volume =       18,
  year =         2018
}

@article{sourati2017asymptotic,
  author =       {Sourati, Jamshid and Akçakaya, Murat and Leen, Todd
                  K. and Erdoğmuş, Deniz and Dy, Jennifer},
  journal =      {Journal of Machine Learning Research},
  note =         {\url{http://jmlr.org/papers/v18/15-104.html}},
  number =       34,
  openalex =     {W2412764668},
  pages =        {1--41},
  title =        {Asymptotic Analysis of Objectives based on Fisher
                  Information in Active Learning},
  volume =       18,
  year =         2017
}

@article{sriperumbudur2017density,
  author =       {Sriperumbudur, Bharath K. and Fukumizu, Kenji and
                  Gretton, Arthur and Hyvärinen, Aapo and Kumar,
                  Revant},
  journal =      {Journal of Machine Learning Research},
  note =         {\url{http://jmlr.org/papers/v18/16-011.html}},
  number =       57,
  openalex =     {W2963993553},
  pages =        {1--59},
  title =        {Density Estimation in Infinite Dimensional
                  Exponential Families},
  volume =       18,
  year =         2017
}

@article{stucky2017sharp,
  author =       {Stucky, Benjamin and Geer, Sara A. van de},
  journal =      {Journal of Machine Learning Research},
  note =         {\url{http://jmlr.org/papers/v18/15-482.html}},
  number =       67,
  openalex =     {W2963915879},
  pages =        {1--29},
  title =        {Sharp Oracle Inequalities for Square Root
                  Regularization},
  volume =       18,
  year =         2017
}

@article{sun2017angle,
  author =       {Sun, Hui and Craig, Bruce Α. and Zhang, Lingsong},
  journal =      {Journal of Machine Learning Research},
  note =         {\url{http://jmlr.org/papers/v18/17-003.html}},
  number =       85,
  openalex =     {W2760503384},
  pages =        {1--21},
  title =        {Angle-based Multicategory Distance-weighted SVM},
  volume =       18,
  year =         2017
}

@article{sun2017store,
  author =       {Sun, Will Wei and Li, Lexin},
  journal =      {Journal of Machine Learning Research},
  note =         {\url{http://jmlr.org/papers/v18/17-203.html}},
  number =       135,
  openalex =     {W2964263656},
  pages =        {1--37},
  title =        {STORE: sparse tensor response regression and
                  neuroimaging analysis},
  volume =       18,
  year =         2017
}

@article{szabo2018characteristic,
  author =       {Szabó, Zoltán and Sriperumbudur, Bharath K.},
  journal =      {Journal of Machine Learning Research},
  note =         {\url{http://jmlr.org/papers/v18/17-492.html}},
  number =       233,
  openalex =     {W2963026013},
  pages =        {1--29},
  title =        {Characteristic and Universal Tensor Product Kernels},
  volume =       18,
  year =         2018
}

@article{takenouchi2017statistical,
  author =       {Takenouchi, Takashi and Kanamori, Takafumi},
  journal =      {Journal of Machine Learning Research},
  note =         {\url{http://jmlr.org/papers/v18/15-596.html}},
  number =       56,
  openalex =     {W2739319285},
  pages =        {1--26},
  title =        {Statistical Inference with Unnormalized Discrete
                  Models and Localized Homogeneous Divergences},
  volume =       18,
  year =         2017
}

@article{tasche2017fisher,
  author =       {Tasche, Dirk},
  journal =      {Journal of Machine Learning Research},
  note =         {\url{http://jmlr.org/papers/v18/17-048.html}},
  number =       95,
  openalex =     {W4297804183},
  pages =        {1--32},
  title =        {Fisher consistency for prior probability shift},
  volume =       18,
  year =         2017
}

@article{tikka2018enhancing,
  author =       {Tikka, Santtu and Karvanen, Juha},
  journal =      {Journal of Machine Learning Research},
  note =         {\url{http://jmlr.org/papers/v18/17-563.html}},
  number =       194,
  openalex =     {W2963188907},
  pages =        {1--23},
  title =        {Enhancing Identification of Causal Effects by
                  Pruning},
  volume =       18,
  year =         2018
}

@article{tikkanen2017simplifying,
  author =       {Tikka, Santtu and Karvanen, Juha},
  journal =      {Journal of Machine Learning Research},
  note =         {\url{http://jmlr.org/papers/v18/16-166.html}},
  number =       36,
  openalex =     {W2610740996},
  pages =        {1--30},
  title =        {Simplifying probabilistic expressions in causal
                  inference},
  volume =       18,
  year =         2017
}

@article{tolstikhin2017minimax,
  author =       {Tolstikhin, Ilya and Sriperumbudur, Bharath K. and
                  Mu, Krikamol and et, al.},
  journal =      {Journal of Machine Learning Research},
  note =         {\url{http://jmlr.org/papers/v18/17-032.html}},
  number =       86,
  pages =        {1--47},
  title =        {Minimax Estimation of Kernel Mean Embeddings},
  volume =       18,
  year =         2017
}

@article{tosh2018maximum,
  author =       {Tosh, Christopher and Dasgupta, Sanjoy},
  journal =      {Journal of Machine Learning Research},
  note =         {\url{http://jmlr.org/papers/v18/16-657.html}},
  number =       175,
  openalex =     {W2887549123},
  pages =        {1--11},
  title =        {Maximum Likelihood Estimation for Mixtures of
                  Spherical Gaussians is NP-hard},
  volume =       18,
  year =         2018
}

@article{tran2017parallel,
  author =       {Tran, An C. and Dietrich, Jens and Guesgen, Hans
                  W. and Marsland, Stephen},
  journal =      {Journal of Machine Learning Research},
  note =         {\url{http://jmlr.org/papers/v18/14-317.html}},
  number =       64,
  openalex =     {W2763425701},
  pages =        {1--34},
  title =        {Parallel symmetric class expression learning},
  volume =       18,
  year =         2017
}

@article{trouillon2017knowledge,
  author =       {Trouillon, Théo and Dance, Christopher R. and
                  Gaussier, Éric and Welbl, Johannes and Riedel,
                  Sebastian and Bouchard, Guillaume},
  journal =      {Journal of Machine Learning Research},
  note =         {\url{http://jmlr.org/papers/v18/16-563.html}},
  number =       130,
  openalex =     {W2962936385},
  pages =        {1--38},
  title =        {Knowledge graph completion via complex tensor
                  factorization},
  volume =       18,
  year =         2017
}

@article{vanhoof2017non,
  author =       {van Hoof, Herke and Neumann, Gerhard and Peters,
                  Jan},
  journal =      {Journal of Machine Learning Research},
  note =         {\url{http://jmlr.org/papers/v18/16-142.html}},
  number =       73,
  openalex =     {W2751302235},
  pages =        {1--46},
  title =        {Non-parametric policy search with limited
                  information loss},
  volume =       18,
  year =         2017
}

@article{vanrooyen2018theory,
  author =       {van Rooyen, Brendan and Williamson, Robert C.},
  journal =      {Journal of Machine Learning Research},
  note =         {\url{http://jmlr.org/papers/v18/16-315.html}},
  number =       228,
  openalex =     {W2886811283},
  pages =        {1--50},
  title =        {A Theory of Learning with Corrupted Labels},
  volume =       18,
  year =         2018
}

@article{vaughan2018making,
  author =       {Vaughan, Jennifer Wortman},
  journal =      {Journal of Machine Learning Research},
  note =         {\url{http://jmlr.org/papers/v18/17-234.html}},
  number =       193,
  openalex =     {W2807760453},
  pages =        {1--46},
  title =        {Making Better Use of the Crowd: How Crowdsourcing
                  Can Advance Machine Learning Research},
  volume =       18,
  year =         2018
}

@article{vinogradska2017stability,
  author =       {Vinogradska, Julia and Bischoff, Bastian and
                  Nguyen-Tuong, Duy and Peters, Jan},
  journal =      {Journal of Machine Learning Research},
  note =         {\url{http://jmlr.org/papers/v18/16-590.html}},
  number =       100,
  openalex =     {W2767089347},
  pages =        {1--37},
  title =        {Stability of Controllers for Gaussian Process
                  Dynamics},
  volume =       18,
  year =         2017
}

@article{vitelli2018probabilistic,
  author =       {Vitelli, Valeria and Sørensen, Øystein and Crispino,
                  Marta and Frigessi, Arnoldo and Arjas, Elja},
  journal =      {Journal of Machine Learning Research},
  note =         {\url{http://jmlr.org/papers/v18/15-481.html}},
  number =       158,
  openalex =     {W2964331234},
  pages =        {1--49},
  title =        {Probabilistic preference learning with the Mallows
                  rank model},
  volume =       18,
  year =         2018
}

@article{vural2018study,
  author =       {Vural, Elif and Guillemot, Christine},
  journal =      {Journal of Machine Learning Research},
  note =         {\url{http://jmlr.org/papers/v18/15-373.html}},
  number =       157,
  openalex =     {W2963051525},
  pages =        {1--55},
  title =        {A Study of the Classification of Low-Dimensional
                  Data with Supervised Manifold Learning},
  volume =       18,
  year =         2018
}

@article{wainer2017empirical,
  author =       {Wainer, Jacques and Cawley, Gavin},
  journal =      {Journal of Machine Learning Research},
  note =         {\url{http://jmlr.org/papers/v18/16-174.html}},
  number =       15,
  openalex =     {W3006551545},
  pages =        {1--35},
  title =        {Empirical evaluation of resampling procedures for
                  optimising SVM hyperparameters},
  volume =       18,
  year =         2017
}

@article{wang2017accelerating,
  author =       {Wang, Mengdi and Liu, Ji and Fang, Ethan X.},
  journal =      {Journal of Machine Learning Research},
  note =         {\url{http://jmlr.org/papers/v18/16-504.html}},
  number =       105,
  openalex =     {W2964158744},
  pages =        {1--23},
  title =        {Accelerating Stochastic Composition Optimization},
  volume =       18,
  year =         2017
}

@article{wang2017bayesian,
  author =       {Wang, Tong and Rudin, Cynthia and Doshi‐Velez,
                  Finale and Liu, Yimin and Klampfl, Erica and
                  MacNeille, Perry},
  journal =      {Journal of Machine Learning Research},
  note =         {\url{http://jmlr.org/papers/v18/16-003.html}},
  number =       70,
  openalex =     {W2762409054},
  pages =        {1--37},
  title =        {A Bayesian framework for learning rule sets for
                  interpretable classification},
  volume =       18,
  year =         2017
}

@article{wang2017computationally,
  author =       {Wang, Yining and Yu, Adams Wei and Singh, Aarti},
  journal =      {Journal of Machine Learning Research},
  note =         {\url{http://jmlr.org/papers/v18/17-175.html}},
  number =       143,
  openalex =     {W2964314596},
  pages =        {1--41},
  title =        {On Computationally Tractable Selection of
                  Experiments in Measurement-Constrained Regression
                  Models},
  volume =       18,
  year =         2017
}

@article{wang2018provably,
  author =       {Wang, Yining and Singh, Aarti},
  journal =      {Journal of Machine Learning Research},
  note =         {\url{http://jmlr.org/papers/v18/15-233.html}},
  number =       156,
  openalex =     {W2963094949},
  pages =        {1--42},
  title =        {Provably correct algorithms for matrix column subset
                  selection with selectively sampled data},
  volume =       18,
  year =         2018
}

@article{wang2018sketched,
  author =       {Wang, Shusen and Gittens, Alex and Mahoney, Michael
                  W.},
  journal =      {Journal of Machine Learning Research},
  note =         {\url{http://jmlr.org/papers/v18/17-313.html}},
  number =       218,
  openalex =     {W2590556189},
  pages =        {1--50},
  title =        {Sketched ridge regression: optimization perspective,
                  statistical perspective, and model averaging},
  volume =       18,
  year =         2018
}

@article{wilson2017community,
  author =       {Wilson, James and Palowitch, John and Bhamidi,
                  Shankar and Nobel, Andrew B.},
  journal =      {Journal of Machine Learning Research},
  note =         {\url{http://jmlr.org/papers/v18/16-645.html}},
  number =       149,
  openalex =     {W2963562062},
  pages =        {1--49},
  title =        {Community extraction in multilayer networks with
                  heterogeneous community structure},
  volume =       18,
  year =         2017
}

@article{wirth2017survey,
  author =       {Wirth, Christian and Akrour, Riad and Neumann,
                  Gerhard and Fürnkranz, Johannes},
  journal =      {Journal of Machine Learning Research},
  note =         {\url{http://jmlr.org/papers/v18/16-634.html}},
  number =       136,
  openalex =     {W2785324569},
  pages =        {1--46},
  title =        {A survey of preference-based reinforcement learning
                  methods},
  volume =       18,
  year =         2017
}

@article{wong2017matrix,
  author =       {Wong, Raymond K. W. and Lee, Thomas C. M.},
  journal =      {Journal of Machine Learning Research},
  note =         {\url{http://jmlr.org/papers/v18/15-076.html}},
  number =       147,
  pages =        {1--25},
  title =        {Matrix completion with noisy entries and outliers},
  volume =       18,
  year =         2017
}

@article{wu2018local,
  author =       {Wu, Siqi and Yu, Bin},
  journal =      {Journal of Machine Learning Research},
  note =         {\url{http://jmlr.org/papers/v18/16-119.html}},
  number =       168,
  openalex =     {W2962922286},
  pages =        {1--56},
  title =        {Local Identifiability of ℓ_1-minimization Dictionary
                  Learning: a Sufficient and Almost Necessary
                  Condition},
  volume =       18,
  year =         2018
}

@article{wyner2017explaining,
  author =       {Wyner, Abraham J. and Olson, Matthew and Bleich,
                  Justin and Mease, David},
  journal =      {Journal of Machine Learning Research},
  note =         {\url{http://jmlr.org/papers/v18/15-240.html}},
  number =       48,
  openalex =     {W2964161291},
  pages =        {1--33},
  title =        {Explaining the success of adaboost and random
                  forests as interpolating classifiers},
  volume =       18,
  year =         2017
}

@article{yang2017statistical,
  author =       {Yang, Fanny and Balakrishnan, Sivaraman and
                  Wainwright, Martin J.},
  journal =      {Journal of Machine Learning Research},
  note =         {\url{http://jmlr.org/papers/v18/16-093.html}},
  number =       125,
  openalex =     {W2782579196},
  pages =        {1--53},
  title =        {Statistical and Computational Guarantees for the
                  Baum-Welch Algorithm},
  volume =       18,
  year =         2017
}

@article{yang2018weighted,
  author =       {Yang, Jiyan and Chow, Yin-Lam and Ré, Christopher
                  and Mahoney, Michael W.},
  journal =      {Journal of Machine Learning Research},
  note =         {\url{http://jmlr.org/papers/v18/17-044.html}},
  number =       211,
  pages =        {1--43},
  title =        {Weighted SGD for ℓ_p Regression with Randomized
                  Preconditioning},
  volume =       18,
  year =         2018
}

@article{yao2018efficient,
  author =       {Yao, Quanming and Kwok, James T.},
  journal =      {Journal of Machine Learning Research},
  note =         {\url{http://jmlr.org/papers/v18/17-078.html}},
  number =       179,
  openalex =     {W2809317144},
  pages =        {1--52},
  title =        {Efficient Learning with a Family of Nonconvex
                  Regularizers by Redistributing Nonconvexity},
  volume =       18,
  year =         2018
}

@article{yu2017generalized,
  author =       {Yu, Yaoliang and Zhang, Xinhua and Schuurmans, Dale},
  journal =      {Journal of Machine Learning Research},
  note =         {\url{http://jmlr.org/papers/v18/14-348.html}},
  number =       144,
  openalex =     {W2963856360},
  pages =        {1--46},
  title =        {Generalized Conditional Gradient for Sparse
                  Estimation},
  volume =       18,
  year =         2017
}

@article{yu2017learning,
  author =       {Yu, Guo and Bien, Jacob},
  journal =      {Journal of Machine Learning Research},
  note =         {\url{http://jmlr.org/papers/v18/16-198.html}},
  number =       42,
  openalex =     {W2342854590},
  pages =        {1--60},
  title =        {Learning Local Dependence In Ordered Data},
  volume =       18,
  year =         2017
}

@article{yu2018binary,
  author =       {Yu, Felix X. and Bhaskara, Aditya and Kumar, Sanjiv
                  and Gong, Yunchao and Chang, Shih‐Fu},
  journal =      {Journal of Machine Learning Research},
  note =         {\url{http://jmlr.org/papers/v18/15-619.html}},
  number =       150,
  openalex =     {W2962872625},
  pages =        {1--30},
  title =        {On binary embedding using circulant matrices},
  volume =       18,
  year =         2018
}

@article{yuan2018gradient,
  author =       {Yuan, Xiao Tong and Li, Ping and Zhang, Tong},
  journal =      {Journal of Machine Learning Research},
  note =         {\url{http://jmlr.org/papers/v18/14-415.html}},
  number =       166,
  openalex =     {W2804280820},
  pages =        {1--43},
  title =        {Gradient Hard Thresholding Pursuit},
  volume =       18,
  year =         2018
}

@article{zarezade2018steering,
  author =       {Zarezade, Ali and De, Abir and Upadhyay, Utkarsh and
                  Rabiee, Hamid R. and Gomez-Rodriguez, Manuel},
  journal =      {Journal of Machine Learning Research},
  note =         {\url{http://jmlr.org/papers/v18/17-416.html}},
  number =       205,
  openalex =     {W2963694980},
  pages =        {1--35},
  title =        {Steering Social Activity: A Stochastic Optimal
                  Control Point Of View},
  volume =       18,
  year =         2018
}

@article{zhang2017nonconvex,
  author =       {Zhang, Huishuai and Liang, Yingbin and Chi, Yuejie},
  journal =      {Journal of Machine Learning Research},
  note =         {\url{http://jmlr.org/papers/v18/16-572.html}},
  number =       141,
  openalex =     {W2783859821},
  pages =        {1--35},
  title =        {A Nonconvex Approach for Phase Retrieval: Reshaped
                  Wirtinger Flow and Incremental Algorithms},
  volume =       18,
  year =         2017
}

@article{zhang2017stochastic,
  author =       {Zhang, Yuchen and Xiao, Lin},
  journal =      {Journal of Machine Learning Research},
  note =         {\url{http://jmlr.org/papers/v18/16-568.html}},
  number =       84,
  openalex =     {W1948582444},
  pages =        {1--42},
  title =        {Stochastic Primal-Dual Coordinate Method for
                  Regularized Empirical Risk Minimization},
  volume =       18,
  year =         2017
}

@article{zhang2018permuted,
  author =       {Zhang, Quan and Zhou, Mingyuan},
  journal =      {Journal of Machine Learning Research},
  note =         {\url{http://jmlr.org/papers/v18/17-409.html}},
  number =       204,
  openalex =     {W2963146695},
  pages =        {1--33},
  title =        {Permuted and Augmented Stick-Breaking Bayesian
                  Multinomial Regression},
  volume =       18,
  year =         2018
}

@article{zheng2017general,
  author =       {Zheng, Shun and Wang, Jialei and Xia, Fen and Xu,
                  Wei and Zhang, Tong},
  journal =      {Journal of Machine Learning Research},
  note =         {\url{http://jmlr.org/papers/v18/16-463.html}},
  number =       115,
  openalex =     {W2963839817},
  pages =        {1--52},
  title =        {A General Distributed Dual Coordinate Optimization
                  Framework for Regularized Loss Minimization},
  volume =       18,
  year =         2017
}
