@article{acharya2018maximum,
 author = {Acharya, Jayadev and Falahatgar, Moein and Jafarpour, Ashkan and Orlitsky, Alon and Suresh, Ananda Theertha},
 journal = {Journal of Machine Learning Research},
 note = {\url{http://jmlr.org/papers/v19/17-165.html}},
 number = {59},
 pages = {1--31},
 title = {Maximum Selection and Sorting with Adversarial Comparators},
 volume = {19},
 year = {2018}
}

@article{achille2018emergence,
 author = {Achille, Alessandro and Soatto, Stefano},
 journal = {Journal of Machine Learning Research},
 note = {\url{http://jmlr.org/papers/v19/17-646.html}},
 number = {50},
 pages = {1--34},
 title = {Emergence of Invariance and Disentanglement in Deep Representations},
 volume = {19},
 year = {2018}
}

@article{ahpine2018efficient,
 author = {Ah-Pine, Julien},
 journal = {Journal of Machine Learning Research},
 note = {\url{http://jmlr.org/papers/v19/18-117.html}},
 number = {42},
 openalex = {W2899429778},
 pages = {1--43},
 title = {An Efficient and Effective Generic Agglomerative Hierarchical Clustering Approach},
 volume = {19},
 year = {2018}
}

@article{akrour2018model,
 author = {Akrour, Riad and Abdolmaleki, Abbas and Abdulsamad, Hany and Peters, Jan and Neumann, Gerhard},
 journal = {Journal of Machine Learning Research},
 note = {\url{http://jmlr.org/papers/v19/17-329.html}},
 number = {14},
 pages = {1--25},
 title = {Model-Free Trajectory-based Policy Optimization with Monotonic Improvement},
 volume = {19},
 year = {2018}
}

@article{alaa2018hidden,
 author = {Alaa, Ahmed M. and van der Schaar, Mihaela},
 journal = {Journal of Machine Learning Research},
 note = {\url{http://jmlr.org/papers/v19/16-656.html}},
 number = {4},
 pages = {1--62},
 title = {A Hidden Absorbing Semi-Markov Model for Informatively Censored Temporal Data: Learning and Inference},
 volume = {19},
 year = {2018}
}

@article{amjad2018robust,
 author = {Amjad, Muhammad and Shah, Devavrat and Shen, Dennis},
 journal = {Journal of Machine Learning Research},
 note = {\url{http://jmlr.org/papers/v19/17-777.html}},
 number = {22},
 openalex = {W2964204340},
 pages = {1--51},
 title = {Robust Synthetic Control},
 volume = {19},
 year = {2018}
}

@article{arunachalam2018optimal,
 author = {Arunachalam, Srinivasan and de Wolf, Ronald},
 journal = {Journal of Machine Learning Research},
 note = {\url{http://jmlr.org/papers/v19/18-195.html}},
 number = {71},
 openalex = {W2964328760},
 pages = {1--36},
 title = {Optimal quantum sample complexity of learning algorithms},
 volume = {19},
 year = {2018}
}

@article{au2018random,
 author = {Au, Timothy C.},
 journal = {Journal of Machine Learning Research},
 note = {\url{http://jmlr.org/papers/v19/16-474.html}},
 number = {45},
 pages = {1--30},
 title = {Random Forests, Decision Trees, and Categorical Predictors: The "Absent Levels" Problem},
 volume = {19},
 year = {2018}
}

@article{barbero2018modular,
 author = {Barbero, Alvaro and Sra, Suvrit},
 journal = {Journal of Machine Learning Research},
 note = {\url{http://jmlr.org/papers/v19/13-538.html}},
 number = {56},
 pages = {1--82},
 title = {Modular proximal optimization for multidimensional total-variation regularization},
 volume = {19},
 year = {2018}
}

@article{biecek2018dalex,
 author = {Biecek, Przemyslaw},
 journal = {Journal of Machine Learning Research},
 note = {\url{http://jmlr.org/papers/v19/18-416.html}},
 number = {84},
 openalex = {W2963852406},
 pages = {1--5},
 title = {DALEX: explainers for complex predictive models in R},
 volume = {19},
 year = {2018}
}

@article{bruins2018experience,
 author = {de Bruin, Tim and Kober, Jens and Tuyls, Karl and Babuška, Robert},
 journal = {Journal of Machine Learning Research},
 note = {\url{http://jmlr.org/papers/v19/17-131.html}},
 number = {9},
 pages = {1--56},
 title = {Experience selection in deep reinforcement learning for control},
 volume = {19},
 year = {2018}
}

@article{burns2018seglearn,
 author = {Burns, David M. and Whyne, Cari M.},
 journal = {Journal of Machine Learning Research},
 note = {\url{http://jmlr.org/papers/v19/18-160.html}},
 number = {83},
 openalex = {W2962970382},
 pages = {1--7},
 title = {Seglearn: A Python Package for Learning Sequences and Time Series},
 volume = {19},
 year = {2018}
}

@article{burr2018optimal,
 author = {Burr, Michael and Gao, Shuhong and Knoll, Fiona},
 journal = {Journal of Machine Learning Research},
 note = {\url{http://jmlr.org/papers/v19/18-264.html}},
 number = {73},
 openalex = {W2964031261},
 pages = {1--22},
 title = {Optimal Bounds for Johnson-Lindenstrauss Transformations},
 volume = {19},
 year = {2018}
}

@article{bybee2018change,
 author = {Bybee, Leland and Atchadé, Yves},
 journal = {Journal of Machine Learning Research},
 note = {\url{http://jmlr.org/papers/v19/17-218.html}},
 number = {11},
 pages = {1--38},
 title = {Change-Point Computation for Large Graphical Models: A Scalable Algorithm for Gaussian Graphical Models with Change-Points},
 volume = {19},
 year = {2018}
}

@article{carriere2018statistical,
 author = {Carrière, Mathieu and Michel, Bertrand and Oudot, Steve},
 journal = {Journal of Machine Learning Research},
 note = {\url{http://jmlr.org/papers/v19/17-291.html}},
 number = {12},
 pages = {1--39},
 title = {Statistical Analysis and Parameter Selection for Mapper},
 volume = {19},
 year = {2018}
}

@article{celisse2018theoretical,
 author = {Celisse, Alain and Mary-Huard, Tristan},
 journal = {Journal of Machine Learning Research},
 note = {\url{http://jmlr.org/papers/v19/15-498.html}},
 number = {58},
 pages = {1--54},
 title = {Theoretical analysis of cross-validation for estimating the risk of the k-nearest neighbor classifier},
 volume = {19},
 year = {2018}
}

@article{chen2018fast,
 author = {Chen, Yuansi and Dwivedi, Raaz and Wainwright, Martin J. and Yu, Bin},
 journal = {Journal of Machine Learning Research},
 note = {\url{http://jmlr.org/papers/v19/18-158.html}},
 number = {55},
 openalex = {W2765848362},
 pages = {1--86},
 title = {Fast MCMC sampling algorithms on polytopes},
 volume = {19},
 year = {2018}
}

@article{chen2018robust,
 author = {Chen, Ruidi and Paschalidis, Ioannis Ch.},
 journal = {Journal of Machine Learning Research},
 note = {\url{http://jmlr.org/papers/v19/17-295.html}},
 number = {13},
 pages = {1--48},
 title = {A Robust Learning Approach for Regression Models Based on Distributionally Robust Optimization.},
 volume = {19},
 year = {2018}
}

@article{chen2018two,
 author = {Chen, Chen and Ren, Min and Zhang, Min and Zhang, Dabao},
 journal = {Journal of Machine Learning Research},
 note = {\url{http://jmlr.org/papers/v19/16-225.html}},
 number = {2},
 pages = {1--34},
 title = {A Two-Stage Penalized Least Squares Method for Constructing Large Systems of Structural Equations},
 volume = {19},
 year = {2018}
}

@article{chiang2018using,
 author = {Chiang, Kai-Yang and Dhillon, Inderjit S. and Hsieh, Cho-Jui},
 journal = {Journal of Machine Learning Research},
 note = {\url{http://jmlr.org/papers/v19/17-112.html}},
 number = {76},
 pages = {1--35},
 title = {Using Side Information to Reliably Learn Low-Rank Matrices from Missing and Corrupted Observations},
 volume = {19},
 year = {2018}
}

@article{csiba2018importance,
 author = {Csiba, Dominik and Richtárik, Peter},
 journal = {Journal of Machine Learning Research},
 note = {\url{http://jmlr.org/papers/v19/16-241.html}},
 number = {27},
 pages = {1--21},
 title = {Importance sampling for minibatches},
 volume = {19},
 year = {2018}
}

@article{dai2018connections,
 author = {Dai, Bin and Wang, Yu and Aston, John and Hua, Gang and Wipf, David},
 journal = {Journal of Machine Learning Research},
 note = {\url{http://jmlr.org/papers/v19/17-704.html}},
 number = {41},
 openalex = {W2899379230},
 pages = {1--42},
 title = {Connections with Robust PCA and the Role of Emergent Sparsity in Variational Autoencoder Models},
 volume = {19},
 year = {2018}
}

@article{das2018approximate,
 author = {Das, Abhimanyu and Kempe, David},
 journal = {Journal of Machine Learning Research},
 note = {\url{http://jmlr.org/papers/v19/16-534.html}},
 number = {3},
 pages = {1--34},
 title = {Approximate submodularity and its applications: subset selection, sparse approximation and dictionary selection},
 volume = {19},
 year = {2018}
}

@article{derezi2018reverse,
 author = {Dereziński, Michał and Warmuth, Manfred K.},
 journal = {Journal of Machine Learning Research},
 note = {\url{http://jmlr.org/papers/v19/17-781.html}},
 number = {23},
 openalex = {W2963214110},
 pages = {1--39},
 title = {Reverse iterative volume sampling for linear regression},
 volume = {19},
 year = {2018}
}

@article{dessin2018regularized,
 author = {Dessein, Arnaud and Papadakis, Nicolas and Rouas, Jean-Luc},
 journal = {Journal of Machine Learning Research},
 note = {\url{http://jmlr.org/papers/v19/17-361.html}},
 number = {15},
 pages = {1--53},
 title = {Regularized Optimal Transport and the Rot Mover's Distance},
 volume = {19},
 year = {2018}
}

@article{donner2018efficient,
 author = {Donner, Christian and Opper, Manfred},
 journal = {Journal of Machine Learning Research},
 note = {\url{http://jmlr.org/papers/v19/17-759.html}},
 number = {67},
 openalex = {W2887480292},
 pages = {1--34},
 title = {Efficient Bayesian Inference of Sigmoidal Gaussian Cox Processes},
 volume = {19},
 year = {2018}
}

@article{duan2018scaling,
 author = {Duan, Leo L. and Johndrow, James E. and Dunson, David B.},
 journal = {Journal of Machine Learning Research},
 note = {\url{http://jmlr.org/papers/v19/17-573.html}},
 number = {64},
 pages = {1--34},
 title = {Scaling up Data Augmentation MCMC via Calibration},
 volume = {19},
 year = {2018}
}

@article{dunlop2018how,
 author = {Dunlop, Matthew M. and Girolami, Mark A. and Stuart, Andrew M. and Teckentrup, Aretha L.},
 journal = {Journal of Machine Learning Research},
 note = {\url{http://jmlr.org/papers/v19/18-015.html}},
 number = {54},
 openalex = {W2963935178},
 pages = {1--46},
 title = {How Deep Are Deep Gaussian Processes},
 volume = {19},
 year = {2018}
}

@article{durand2018streaming,
 author = {Durand, Audrey and Maillard, Odalric-Ambrym and Pineau, Joelle},
 journal = {Journal of Machine Learning Research},
 note = {\url{http://jmlr.org/papers/v19/17-404.html}},
 number = {17},
 pages = {1--34},
 title = {Streaming kernel regression with provably adaptive mean, variance, and regularization},
 volume = {19},
 year = {2018}
}

@article{fang2018online,
 author = {Fang, Yixin and Xu, Jinfeng and Yang, Lei},
 journal = {Journal of Machine Learning Research},
 note = {\url{http://jmlr.org/papers/v19/17-370.html}},
 number = {78},
 pages = {1--21},
 title = {Online Bootstrap Confidence Intervals for the Stochastic Gradient Descent Estimator},
 volume = {19},
 year = {2018}
}

@article{gao2018goodness,
 author = {Gao, Chao},
 journal = {Journal of Machine Learning Research},
 note = {\url{http://jmlr.org/papers/v19/17-624.html}},
 number = {33},
 pages = {1--50},
 title = {Goodness-of-Fit Tests for Random Partitions via Symmetric Polynomials},
 volume = {19},
 year = {2018}
}

@article{geer2018tight,
 author = {van de Geer, Sara},
 journal = {Journal of Machine Learning Research},
 note = {\url{http://jmlr.org/papers/v19/17-025.html}},
 number = {46},
 pages = {1--48},
 title = {On Tight Bounds for the Lasso},
 volume = {19},
 year = {2018}
}

@article{giordano2018covariances,
 author = {Giordano, Ryan and Broderick, Tamara and Jordan, Michael I.},
 journal = {Journal of Machine Learning Research},
 note = {\url{http://jmlr.org/papers/v19/17-670.html}},
 number = {51},
 pages = {1--49},
 title = {Covariances, Robustness, and Variational Bayes},
 volume = {19},
 year = {2018}
}

@article{grigoryeva2018universal,
 author = {Grigoryeva, Lyudmila and Ortega, Juan-Pablo},
 journal = {Journal of Machine Learning Research},
 note = {\url{http://jmlr.org/papers/v19/18-020.html}},
 number = {24},
 openalex = {W2963627589},
 pages = {1--40},
 title = {Universal discrete-time reservoir computers with stochastic inputs and linear readouts using non-homogeneous state-affine systems},
 volume = {19},
 year = {2018}
}

@article{guo2018numerical,
 author = {Guo, Weili and Wei, Haikun and Ong, Yew-Soon and Rubio Hervas, Jaime and Zhao, Junsheng and Wang, Hai and Zhang, Kanjian},
 journal = {Journal of Machine Learning Research},
 note = {\url{http://jmlr.org/papers/v19/16-210.html}},
 number = {1},
 pages = {1--39},
 title = {Numerical analysis near singularities in RBF networks},
 volume = {19},
 year = {2018}
}

@article{hang2018kernel,
 author = {Hang, Hanyuan and Steinwart, Ingo and Feng, Yunlong and Suykens, Johan A.K.},
 journal = {Journal of Machine Learning Research},
 note = {\url{http://jmlr.org/papers/v19/16-349.html}},
 number = {35},
 pages = {1--49},
 title = {Kernel Density Estimation for Dynamical Systems},
 volume = {19},
 year = {2018}
}

@article{hardt2018gradient,
 author = {Hardt, Moritz and Ma, Tengyu and Recht, Benjamin},
 journal = {Journal of Machine Learning Research},
 note = {\url{http://jmlr.org/papers/v19/16-465.html}},
 number = {29},
 pages = {1--44},
 title = {Gradient Descent Learns Linear Dynamical Systems},
 volume = {19},
 year = {2018}
}

@article{huang2018constructive,
 author = {Huang, Jian and Jiao, Yuling and Liu, Yanyan and Lu, Xiliang},
 journal = {Journal of Machine Learning Research},
 note = {\url{http://jmlr.org/papers/v19/17-194.html}},
 number = {10},
 pages = {1--37},
 title = {A Constructive Approach to L_0 Penalized Regression},
 volume = {19},
 year = {2018}
}

@article{jiang2018direct,
 author = {Jiang, Binyan and Wang, Xiangyu and Leng, Chenlei},
 journal = {Journal of Machine Learning Research},
 note = {\url{http://jmlr.org/papers/v19/17-285.html}},
 number = {31},
 pages = {1--37},
 title = {A direct approach for sparse quadratic discriminant analysis},
 volume = {19},
 year = {2018}
}

@article{kailkhura2018spectral,
 author = {Kailkhura, Bhavya and Thiagarajan, Jayaraman J. and Rastogi, Charvi and Varshney, Pramod K. and Bremer, Peer-Timo},
 journal = {Journal of Machine Learning Research},
 note = {\url{http://jmlr.org/papers/v19/17-735.html}},
 number = {34},
 openalex = {W2964250531},
 pages = {1--46},
 title = {A Spectral Approach for the Design of Experiments: Design, Analysis and Algorithms},
 volume = {19},
 year = {2018}
}

@article{karoui2018can,
 author = {El Karoui, Noureddine and Purdom, Elizabeth},
 journal = {Journal of Machine Learning Research},
 note = {\url{http://jmlr.org/papers/v19/17-006.html}},
 number = {5},
 pages = {1--66},
 title = {Can We Trust the Bootstrap in High-dimensions? The Case of Linear Models},
 volume = {19},
 year = {2018}
}

@article{khetan2018generalized,
 author = {Khetan, Ashish and Oh, Sewoong},
 journal = {Journal of Machine Learning Research},
 note = {\url{http://jmlr.org/papers/v19/16-412.html}},
 number = {28},
 pages = {1--42},
 title = {Generalized rank-breaking: computational and statistical tradeoffs},
 volume = {19},
 year = {2018}
}

@article{kuemmerle2018harmonic,
 author = {Kümmerle, Christian and Sigl, Juliane},
 journal = {Journal of Machine Learning Research},
 note = {\url{http://jmlr.org/papers/v19/17-244.html}},
 number = {47},
 pages = {1--49},
 title = {Harmonic mean iteratively reweighted least squares for low-rank matrix recovery},
 volume = {19},
 year = {2018}
}

@article{lai2018short,
 author = {Lai, Zhao-Rong and Yang, Pei-Yi and Fang, Liangda and Wu, Xiaotian},
 journal = {Journal of Machine Learning Research},
 note = {\url{http://jmlr.org/papers/v19/17-558.html}},
 number = {63},
 pages = {1--28},
 title = {Short-term sparse portfolio optimization based on alternating direction method of multipliers},
 volume = {19},
 year = {2018}
}

@article{lamprier2018profile,
 author = {Lamprier, Sylvain and Gisselbrecht, Thibault and Gallinari, Patrick},
 journal = {Journal of Machine Learning Research},
 note = {\url{http://jmlr.org/papers/v19/17-693.html}},
 number = {53},
 pages = {1--40},
 title = {Profile-Based Bandit with Unknown Profiles},
 volume = {19},
 year = {2018}
}

@article{lattimore2018refining,
 author = {Lattimore, Tor},
 journal = {Journal of Machine Learning Research},
 note = {\url{http://jmlr.org/papers/v19/17-513.html}},
 number = {20},
 pages = {1--32},
 title = {Refining the Confidence Level for Optimistic Bandit Strategies},
 volume = {19},
 year = {2018}
}

@article{leblond2018improved,
 author = {Leblond, Remi and Pedregosa, Fabian and Lacoste-Julien, Simon},
 journal = {Journal of Machine Learning Research},
 note = {\url{http://jmlr.org/papers/v19/17-650.html}},
 number = {81},
 pages = {1--68},
 title = {Improved asynchronous parallel optimization analysis for stochastic incremental methods},
 volume = {19},
 year = {2018}
}

@article{lehericy2018state,
 author = {Lehéricy, Luc},
 journal = {Journal of Machine Learning Research},
 note = {\url{http://jmlr.org/papers/v19/17-345.html}},
 number = {39},
 pages = {1--46},
 title = {State-by-state Minimax Adaptive Estimation for Nonparametric Hidden Markov Models},
 volume = {19},
 year = {2018}
}

@article{lintusaari2018elfi,
 author = {Lintusaari, Jarno and Vuollekoski, Henri and Kangasrääsiö, Antti and Skytén, Kusti and Järvenpää, Marko and Marttinen, Pekka and Gutmann, Michael U. and Vehtari, Aki and Corander, Jukka and Kaski, Samuel},
 journal = {Journal of Machine Learning Research},
 note = {\url{http://jmlr.org/papers/v19/17-374.html}},
 number = {16},
 pages = {1--7},
 title = {ELFI: Engine for Likelihood-Free Inference},
 volume = {19},
 year = {2018}
}

@article{liu2018markov,
 author = {Liu, Xu-Qing and Liu, Xin-Sheng},
 journal = {Journal of Machine Learning Research},
 note = {\url{http://jmlr.org/papers/v19/14-033.html}},
 number = {43},
 pages = {1--50},
 title = {Markov blanket and Markov boundary of multiple variables},
 volume = {19},
 year = {2018}
}

@article{mahajan2018efficient,
 author = {Mahajan, Dhruv and Agrawal, Nikunj and Keerthi, S. Sathiya and Sellamanickam, Sundararajan and Bottou, Leon},
 journal = {Journal of Machine Learning Research},
 note = {\url{http://jmlr.org/papers/v19/15-020.html}},
 number = {74},
 pages = {1--37},
 title = {An efficient distributed learning algorithm based on effective local functional approximations},
 volume = {19},
 year = {2018}
}

@article{mai2018random,
 author = {Mai, Xiaoyi},
 journal = {Journal of Machine Learning Research},
 note = {\url{http://jmlr.org/papers/v19/17-421.html}},
 number = {79},
 pages = {1--27},
 title = {A random matrix analysis and improvement of semi-supervised learning for large dimensional data},
 volume = {19},
 year = {2018}
}

@article{miasojedow2018sparse,
 author = {Miasojedow, Blazej and Rejchel, Wojciech},
 journal = {Journal of Machine Learning Research},
 note = {\url{http://jmlr.org/papers/v19/16-554.html}},
 number = {75},
 pages = {1--26},
 title = {Sparse estimation in Ising model via penalized Monte Carlo methods},
 volume = {19},
 year = {2018}
}

@article{montiel2018scikitmultiflow,
 author = {Montiel, Jacob and Read, Jesse and Bifet, Albert and Abdessalem, Talel},
 journal = {Journal of Machine Learning Research},
 note = {\url{http://jmlr.org/papers/v19/18-251.html}},
 number = {72},
 openalex = {W2847284300},
 pages = {1--5},
 title = {Scikit-Multiflow: A Multi-output Streaming Framework},
 volume = {19},
 year = {2018}
}

@article{muecke2018parallelizing,
 author = {Mücke, Nicole and Blanchard, Gilles},
 journal = {Journal of Machine Learning Research},
 note = {\url{http://jmlr.org/papers/v19/16-569.html}},
 number = {30},
 pages = {1--29},
 title = {Parallelizing Spectrally Regularized Kernel Algorithms},
 volume = {19},
 year = {2018}
}

@article{needell2018simple,
 author = {Needell, Deanna and Saab, Rayan and Woolf, Tina},
 journal = {Journal of Machine Learning Research},
 note = {\url{http://jmlr.org/papers/v19/17-383.html}},
 number = {61},
 pages = {1--30},
 title = {Simple Classification using Binary Data},
 volume = {19},
 year = {2018}
}

@article{negahban2018learning,
 author = {Negahban, Sahand and Oh, Sewoong and Thekumparampil, Kiran K. and Xu, Jiaming},
 journal = {Journal of Machine Learning Research},
 note = {\url{http://jmlr.org/papers/v19/17-607.html}},
 number = {40},
 pages = {1--95},
 title = {Learning from Comparisons and Choices},
 volume = {19},
 year = {2018}
}

@article{obuchi2018accelerating,
 author = {Obuchi, Tomoyuki and Kabashima, Yoshiyuki},
 journal = {Journal of Machine Learning Research},
 note = {\url{http://jmlr.org/papers/v19/17-684.html}},
 number = {52},
 pages = {1--30},
 title = {Accelerating Cross-Validation in Multinomial Logistic Regression with ℓ_1-Regularization},
 volume = {19},
 year = {2018}
}

@article{oliveira2018new,
 author = {Oliveira, Ivo F. D. and Ailon, Nir and Davidov, Ori},
 journal = {Journal of Machine Learning Research},
 note = {\url{http://jmlr.org/papers/v19/17-179.html}},
 number = {60},
 pages = {1--29},
 title = {A New and Flexible Approach to the Analysis of Paired Comparison Data},
 volume = {19},
 year = {2018}
}

@article{park2018patchwork,
 author = {Park, Chiwoo and Apley, Daniel},
 journal = {Journal of Machine Learning Research},
 note = {\url{http://jmlr.org/papers/v19/17-042.html}},
 number = {7},
 pages = {1--43},
 title = {Patchwork Kriging for Large-scale Gaussian Process Regression},
 volume = {19},
 year = {2018}
}

@article{qiu2018multivariate,
 author = {Qiu, Jinwen and Jammalamadaka, S. Rao and Ning, Ning},
 journal = {Journal of Machine Learning Research},
 note = {\url{http://jmlr.org/papers/v19/18-009.html}},
 number = {68},
 openalex = {W2783124434},
 pages = {1--33},
 title = {Multivariate Bayesian Structural Time Series Model},
 volume = {19},
 year = {2018}
}

@article{raissi2018deep,
 author = {Raissi, Maziar},
 journal = {Journal of Machine Learning Research},
 note = {\url{http://jmlr.org/papers/v19/18-046.html}},
 number = {25},
 openalex = {W2963112935},
 pages = {1--24},
 title = {Deep Hidden Physics Models: Deep Learning of Nonlinear Partial Differential Equations},
 volume = {19},
 year = {2018}
}

@article{raviv2018hinge,
 author = {Raviv, Dolev and Hazan, Tamir and Osadchy, Margarita},
 journal = {Journal of Machine Learning Research},
 note = {\url{http://jmlr.org/papers/v19/17-402.html}},
 number = {62},
 pages = {1--30},
 title = {Hinge-Minimax Learner for the Ensemble of Hyperplanes},
 volume = {19},
 year = {2018}
}

@article{rohe2018note,
 author = {Rohe, Karl and Tao, Jun and Han, Xintian and Binkiewicz, Norbert},
 journal = {Journal of Machine Learning Research},
 note = {\url{http://jmlr.org/papers/v19/17-128.html}},
 number = {77},
 pages = {1--13},
 title = {A note on quickly sampling a sparse matrix with low rank expectation},
 volume = {19},
 year = {2018}
}

@article{rojascarulla2018invariant,
 author = {Rojas-Carulla, Mateo and Schölkopf, Bernhard and Turner, Richard and Peters, Jonas},
 journal = {Journal of Machine Learning Research},
 note = {\url{http://jmlr.org/papers/v19/16-432.html}},
 number = {36},
 pages = {1--34},
 title = {Invariant models for causal transfer learning},
 volume = {19},
 year = {2018}
}

@article{ronan2018openensembles,
 author = {Ronan, Tom and Anastasio, Shawn and Qi, Zhijie and Tavares, Pedro Henrique S. Vieira and Sloutsky, Roman and Naegle, Kristen M.},
 journal = {Journal of Machine Learning Research},
 note = {\url{http://jmlr.org/papers/v19/18-100.html}},
 number = {26},
 openalex = {W2892560236},
 pages = {1--6},
 title = {OpenEnsembles: A Python Resource for Ensemble Clustering},
 volume = {19},
 year = {2018}
}

@article{shah2018design,
 author = {Shah, Nihar B. and Tabibian, Behzad and Muandet, Krikamol and Guyon, Isabelle and von Luxburg, Ulrike},
 journal = {Journal of Machine Learning Research},
 note = {\url{http://jmlr.org/papers/v19/17-511.html}},
 number = {49},
 pages = {1--34},
 title = {Design and Analysis of the NIPS 2016 Review Process},
 volume = {19},
 year = {2018}
}

@article{shamir2018distribution,
 author = {Shamir, Ohad},
 journal = {Journal of Machine Learning Research},
 note = {\url{http://jmlr.org/papers/v19/17-537.html}},
 number = {32},
 pages = {1--29},
 title = {Distribution-specific hardness of learning neural networks},
 volume = {19},
 year = {2018}
}

@article{simongabriel2018kernel,
 author = {Simon-Gabriel, Carl-Johann and Schölkopf, Bernhard},
 journal = {Journal of Machine Learning Research},
 note = {\url{http://jmlr.org/papers/v19/16-291.html}},
 number = {44},
 pages = {1--29},
 title = {Kernel distribution embeddings: universal kernels, characteristic kernels and kernel metrics on distributions},
 volume = {19},
 year = {2018}
}

@article{so202018,
 author = {Sošić, Adrian and Rueckert, Elmar and Peters, Jan and Zoubir, Abdelhak M. and Koeppl, Heinz},
 journal = {Journal of Machine Learning Research},
 note = {\url{http://jmlr.org/papers/v19/18-113.html}},
 number = {69},
 openalex = {W2790798766},
 pages = {1--45},
 title = {Inverse Reinforcement Learning via Nonparametric Spatio-Temporal Subgoal Modeling},
 volume = {19},
 year = {2018}
}

@article{soudry2018implicit,
 author = {Soudry, Daniel and Hoffer, Elad and Nacson, Mor Shpigel and Gunasekar, Suriya and Srebro, Nathan},
 journal = {Journal of Machine Learning Research},
 note = {\url{http://jmlr.org/papers/v19/18-188.html}},
 number = {70},
 openalex = {W2911742574},
 pages = {1--57},
 title = {The implicit bias of gradient descent on separable data},
 volume = {19},
 year = {2018}
}

@article{spantini2018inference,
 author = {Spantini, Alessio and Bigoni, Daniele and Marzouk, Youssef},
 journal = {Journal of Machine Learning Research},
 note = {\url{http://jmlr.org/papers/v19/17-747.html}},
 number = {66},
 openalex = {W2963849628},
 pages = {1--71},
 title = {Inference via low-dimensional couplings},
 volume = {19},
 year = {2018}
}

@article{srivastava2018scalable,
 author = {Srivastava, Sanvesh and Li, Cheng and Dunson, David B.},
 journal = {Journal of Machine Learning Research},
 note = {\url{http://jmlr.org/papers/v19/17-084.html}},
 number = {8},
 pages = {1--35},
 title = {Scalable Bayes via Barycenter in Wasserstein Space},
 volume = {19},
 year = {2018}
}

@article{tepper2018clustering,
 author = {Tepper, Mariano and Sengupta, Anirvan M. and Chklovskii, Dmitri},
 journal = {Journal of Machine Learning Research},
 note = {\url{http://jmlr.org/papers/v19/18-088.html}},
 number = {82},
 openalex = {W2964316122},
 pages = {1--30},
 title = {Clustering is semidefinitely not that hard: Nonnegative SDP for manifold disentangling},
 volume = {19},
 year = {2018}
}

@article{thanei2018xyz,
 author = {Thanei, Gian-Andrea and Meinshausen, Nicolai and Shah, Rajen D.},
 journal = {Journal of Machine Learning Research},
 note = {\url{http://jmlr.org/papers/v19/16-515.html}},
 number = {37},
 pages = {1--42},
 title = {The xyz algorithm for fast interaction search in high-dimensional data},
 volume = {19},
 year = {2018}
}

@article{tsakiris2018dual,
 author = {Tsakiris, Manolis C. and Vidal, René},
 journal = {Journal of Machine Learning Research},
 note = {\url{http://jmlr.org/papers/v19/17-436.html}},
 number = {18},
 pages = {1--50},
 title = {Dual Principal Component Pursuit},
 volume = {19},
 year = {2018}
}

@article{wen2018thundersvm,
 author = {Wen, Zeyi and Shi, Jiashuai and Li, Qinbin and He, Bingsheng and Chen, Jian},
 journal = {Journal of Machine Learning Research},
 note = {\url{http://jmlr.org/papers/v19/17-740.html}},
 number = {21},
 openalex = {W2782213427},
 pages = {1--5},
 title = {ThunderSVM: A Fast SVM Library on GPUs and CPUs},
 volume = {19},
 year = {2018}
}

@article{yang2018rsg,
 author = {Yang, Tianbao and Lin, Qihang},
 journal = {Journal of Machine Learning Research},
 note = {\url{http://jmlr.org/papers/v19/17-016.html}},
 number = {6},
 pages = {1--33},
 title = {RSG: Beating Subgradient Method without Smoothness and Strong Convexity},
 volume = {19},
 year = {2018}
}

@article{yang2018semiparametric,
 author = {Yang, Zhuoran and Ning, Yang and Liu, Han},
 journal = {Journal of Machine Learning Research},
 note = {\url{http://jmlr.org/papers/v19/15-493.html}},
 number = {57},
 pages = {1--59},
 title = {On Semiparametric Exponential Family Graphical Models},
 volume = {19},
 year = {2018}
}

@article{yousefi2018local,
 author = {Yousefi, Niloofar and Lei, Yunwen and Kloft, Marius and Mollaghasemi, Mansooreh and Anagnostopoulos, Georgios C.},
 journal = {Journal of Machine Learning Research},
 note = {\url{http://jmlr.org/papers/v19/17-144.html}},
 number = {38},
 pages = {1--47},
 title = {Local Rademacher Complexity-based Learning Guarantees for Multi-Task Learning},
 volume = {19},
 year = {2018}
}

@article{yu2018generalized,
 author = {Yu, Huizhen and Mahmood, A. Rupam and Sutton, Richard S.},
 journal = {Journal of Machine Learning Research},
 note = {\url{http://jmlr.org/papers/v19/17-283.html}},
 number = {48},
 pages = {1--49},
 title = {On Generalized Bellman Equations and Temporal-Difference Learning},
 volume = {19},
 year = {2018}
}

@article{zhang2018robust,
 author = {Zhang, Teng and Yang, Yi},
 journal = {Journal of Machine Learning Research},
 note = {\url{http://jmlr.org/papers/v19/17-473.html}},
 number = {80},
 pages = {1--39},
 title = {Robust PCA by Manifold Optimization},
 volume = {19},
 year = {2018}
}

@article{zheng2018extrapolating,
 author = {Zheng, Charles and Achanta, Rakesh and Benjamini, Yuval},
 journal = {Journal of Machine Learning Research},
 note = {\url{http://jmlr.org/papers/v19/17-701.html}},
 number = {65},
 openalex = {W2963741170},
 pages = {1--30},
 title = {Extrapolating Expected Accuracies for Large Multi-Class Problems},
 volume = {19},
 year = {2018}
}

@article{zhou2018distributed,
 author = {Zhou, Yi and Liang, Yingbin and Yu, Yaoliang and Dai, Wei and Xing, Eric P.},
 journal = {Journal of Machine Learning Research},
 note = {\url{http://jmlr.org/papers/v19/17-444.html}},
 number = {19},
 pages = {1--32},
 title = {Distributed Proximal Gradient Algorithm for Partially Asynchronous Computer Clusters},
 volume = {19},
 year = {2018}
}
