@article{ahmed2019simultaneous,
  author = {Ahmed, Ali and Aghasi, Alireza and Hand, Paul},
  journal = {Journal of Machine Learning Research},
  note = {\url{http://jmlr.org/papers/v20/19-332.html}},
  number = {157},
  openalex = {W2985373544},
  pages = {1--28},
  title = {Simultaneous Phase Retrieval and Blind Deconvolution via Convex Programming},
  volume = {20},
  year = {2019}
}

@article{ahsen2019approach,
  author = {Ahsen, Mehmet Eren and Vidyasagar, M.},
  journal = {Journal of Machine Learning Research},
  note = {\url{http://jmlr.org/papers/v20/17-504.html}},
  number = {11},
  openalex = {W2911710630},
  pages = {1--23},
  title = {An approach to one-bit compressed sensing based on probably approximately correct learning theory},
  volume = {20},
  year = {2019}
}

@article{ahsen2019unsupervised,
  author = {Ahsen, Mehmet Eren and Vogel, Robert and Stolovitzky, Gustavo},
  journal = {Journal of Machine Learning Research},
  note = {\url{http://jmlr.org/papers/v20/18-094.html}},
  number = {166},
  openalex = {W2998693186},
  pages = {1--40},
  title = {Unsupervised Evaluation and Weighted Aggregation of Ranked Classification Predictions},
  volume = {20},
  year = {2019}
}

@article{alaya2019binarsity,
  author = {Alaya, Mokhtar Z. and Bussy, Simon and Gaïffas, Stéphane and Guilloux, Agathe},
  journal = {Journal of Machine Learning Research},
  note = {\url{http://jmlr.org/papers/v20/17-170.html}},
  number = {118},
  openalex = {W2976282046},
  pages = {1--34},
  title = {Binarsity: a penalization for one-hot encoded features in linear supervised learning},
  volume = {20},
  year = {2019}
}

@article{alaya2019collective,
  author = {Alaya, Mokhtar Z. and Klopp, Olga},
  journal = {Journal of Machine Learning Research},
  note = {\url{http://jmlr.org/papers/v20/18-483.html}},
  number = {148},
  openalex = {W2983144912},
  pages = {1--43},
  title = {Collective Matrix Completion},
  volume = {20},
  year = {2019}
}

@article{alber2019innvestigate,
  author = {Alber, Maximilian and Lapuschkin, Sebastian and Seegerer, Philipp and Hägele, Miriam and Schütt, Kristof T. and Montavon, Grégoire and Samek, Wojciech and Müller, Klaus‐Robert and Dähne, Sven and Kindermans, Pieter-Jan},
  journal = {Journal of Machine Learning Research},
  note = {\url{http://jmlr.org/papers/v20/18-540.html}},
  number = {93},
  openalex = {W4289699961},
  pages = {1--8},
  title = {iNNvestigate neural networks!},
  volume = {20},
  year = {2019}
}

@article{altschuler2019best,
  author = {Altschuler, Jason M. and Brunel, Victor-Emmanuel and Malek, Alan},
  journal = {Journal of Machine Learning Research},
  note = {\url{http://jmlr.org/papers/v20/18-395.html}},
  number = {91},
  openalex = {W2962948945},
  pages = {1--39},
  title = {Best Arm Identification for Contaminated Bandits},
  volume = {20},
  year = {2019}
}

@article{ariafar2019admmbo,
  author = {Ariafar, Setareh and Coll‐Font, Jaume and Brooks, Dana H. and Dy, Jennifer},
  journal = {Journal of Machine Learning Research},
  note = {\url{http://jmlr.org/papers/v20/18-227.html}},
  number = {123},
  openalex = {W2974398825},
  pages = {1--26},
  title = {ADMMBO: Bayesian Optimization with Unknown Constraints using ADMM.},
  volume = {20},
  year = {2019}
}

@article{arlot2019kernel,
  author = {Arlot, Sylvain and Célisse, Alain and Harchaoui, Zaïd},
  journal = {Journal of Machine Learning Research},
  note = {\url{http://jmlr.org/papers/v20/16-155.html}},
  number = {162},
  openalex = {W2308827608},
  pages = {1--56},
  title = {A Kernel Multiple Change-point Algorithm via Model Selection},
  volume = {20},
  year = {2019}
}

@article{azulay2019why,
  author = {Azulay, Aharon and Weiss, Yair},
  journal = {Journal of Machine Learning Research},
  note = {\url{http://jmlr.org/papers/v20/19-519.html}},
  number = {184},
  openalex = {W2996904338},
  pages = {1--25},
  title = {Why do deep convolutional networks generalize so poorly to small image transformations?},
  volume = {20},
  year = {2019}
}

@article{balcan2019nonconvex,
  author = {Balcan, Maria-Florina and Liang, Yingyu and Song, Zhao and Woodruff, David P. and Zhang, Hongyang},
  journal = {Journal of Machine Learning Research},
  note = {\url{http://jmlr.org/papers/v20/17-611.html}},
  number = {102},
  openalex = {W2958980107},
  pages = {1--56},
  title = {Non-Convex Matrix Completion and Related Problems via Strong Duality},
  volume = {20},
  year = {2019}
}

@article{barker2019unsupervised,
  author = {Barker, Edward W. and Ras, Charl},
  journal = {Journal of Machine Learning Research},
  note = {\url{http://jmlr.org/papers/v20/18-392.html}},
  number = {128},
  openalex = {W2974372801},
  pages = {1--73},
  title = {Unsupervised Basis Function Adaptation for Reinforcement Learning},
  volume = {20},
  year = {2019}
}

@article{bartlett2019nearly,
  author = {Bartlett, Peter L. and Harvey, Nick and Liaw, Christopher and Mehrabian, Abbas},
  journal = {Journal of Machine Learning Research},
  note = {\url{http://jmlr.org/papers/v20/17-612.html}},
  number = {63},
  openalex = {W2800415562},
  pages = {1--17},
  title = {Nearly-tight VC-dimension and Pseudodimension Bounds for Piecewise Linear Neural Networks},
  volume = {20},
  year = {2019}
}

@article{becker2019deep,
  author = {Becker, S. and Cheridito, Patrick and Jentzen, Arnulf},
  journal = {Journal of Machine Learning Research},
  note = {\url{http://jmlr.org/papers/v20/18-232.html}},
  number = {74},
  openalex = {W2963615834},
  pages = {1--25},
  title = {Deep Optimal Stopping},
  volume = {20},
  year = {2019}
}

@article{beimel2019characterizing,
  author = {Beimel, Amos and Nissim, Kobbi and Stemmer, Uri},
  journal = {Journal of Machine Learning Research},
  note = {\url{http://jmlr.org/papers/v20/18-269.html}},
  number = {146},
  openalex = {W2982531080},
  pages = {1--33},
  title = {Characterizing the Sample Complexity of Pure Private Learners},
  volume = {20},
  year = {2019}
}

@article{berkenkamp2019no,
  author = {Berkenkamp, Felix and Schoellig, Angela P. and Krause, Andreas},
  journal = {Journal of Machine Learning Research},
  note = {\url{http://jmlr.org/papers/v20/18-213.html}},
  number = {50},
  openalex = {W2909800602},
  pages = {1--24},
  title = {No-Regret Bayesian Optimization with Unknown Hyperparameters},
  volume = {20},
  year = {2019}
}

@article{bhadra2019prediction,
  author = {Bhadra, Anindya and Datta, Jyotishka and Li, Yunfan and Polson, Nicholas G. and Willard, Brandon T.},
  journal = {Journal of Machine Learning Research},
  note = {\url{http://jmlr.org/papers/v20/18-321.html}},
  number = {78},
  openalex = {W2963108479},
  pages = {1--39},
  title = {Prediction Risk for the Horseshoe Regression},
  volume = {20},
  year = {2019}
}

@article{biessmann2019datawig,
  author = {Bießmann, Felix and Rukat, Tammo and Schmidt, Phillipp and Naidu, Prathik and Schelter, Sebastian and Taptunov, Andrey and Lange, Dustin and Salinas, David},
  journal = {Journal of Machine Learning Research},
  note = {\url{http://jmlr.org/papers/v20/18-753.html}},
  number = {175},
  openalex = {W2997919412},
  pages = {1--6},
  title = {DataWig: Missing Value Imputation for Tables},
  volume = {20},
  year = {2019}
}

@article{bietti2019group,
  author = {Bietti, Alberto and Mairal, Julien},
  journal = {Journal of Machine Learning Research},
  note = {\url{http://jmlr.org/papers/v20/18-190.html}},
  number = {25},
  openalex = {W2768793812},
  pages = {1--49},
  title = {Group Invariance, Stability to Deformations, and Complexity of Deep Convolutional Representations},
  volume = {20},
  year = {2019}
}

@article{bingham2019pyro,
  author = {Bingham, Eli and Chen, Jonathan P. and Jankowiak, Martin and Obermeyer, Fritz and Pradhan, Neeraj and Karaletsos, Theofanis and Singh, Rohit and Szerlip, Paul and Horsfall, Paul and Goodman, Noah D.},
  journal = {Journal of Machine Learning Research},
  note = {\url{http://jmlr.org/papers/v20/18-403.html}},
  number = {28},
  openalex = {W2964321317},
  pages = {1--6},
  title = {Pyro: Deep Universal Probabilistic Programming},
  volume = {20},
  year = {2019}
}

@article{bohn2019representer,
  author = {Bohn, Bastian and Griebel, Michael and Rieger, Christian},
  journal = {Journal of Machine Learning Research},
  note = {\url{http://jmlr.org/papers/v20/17-621.html}},
  number = {64},
  openalex = {W2963539275},
  pages = {1--32},
  title = {A Representer Theorem for Deep Kernel Learning},
  volume = {20},
  year = {2019}
}

@article{bonilla2019generic,
  author = {Bonilla, Edwin V. and Krauth, Karl and Dezfouli, Amir},
  journal = {Journal of Machine Learning Research},
  note = {\url{http://jmlr.org/papers/v20/16-437.html}},
  number = {117},
  openalex = {W2512115115},
  pages = {1--63},
  title = {Generic Inference in Latent Gaussian Process Models},
  volume = {20},
  year = {2019}
}

@article{borboudakis2019forward,
  author = {Borboudakis, Giorgos and Tsamardinos, Ioannis},
  journal = {Journal of Machine Learning Research},
  note = {\url{http://jmlr.org/papers/v20/17-334.html}},
  number = {8},
  openalex = {W2963069851},
  pages = {1--39},
  title = {Forward-Backward Selection with Early Dropping},
  volume = {20},
  year = {2019}
}

@article{bouttier2019convergence,
  author = {Bouttier, Clément and Gavra, Ioana},
  journal = {Journal of Machine Learning Research},
  note = {\url{http://jmlr.org/papers/v20/16-588.html}},
  number = {4},
  openalex = {W2593946989},
  pages = {1--45},
  title = {Convergence rate of a simulated annealing algorithm with noisy observations},
  volume = {20},
  year = {2019}
}

@article{braun2019lazifying,
  author = {Braun, Gábor and Pokutta, Sebastian and Zink, Daniel},
  journal = {Journal of Machine Learning Research},
  note = {\url{http://jmlr.org/papers/v20/18-114.html}},
  number = {71},
  openalex = {W2963072698},
  pages = {1--42},
  title = {Lazifying Conditional Gradient Algorithms},
  volume = {20},
  year = {2019}
}

@article{bravomarquez2019affectivetweets,
  author = {Bravo-Márquez, Felipe and Frank, Eibe and Pfahringer, Bernhard and Mohammad, Saif M.},
  journal = {Journal of Machine Learning Research},
  note = {\url{http://jmlr.org/papers/v20/18-450.html}},
  number = {92},
  openalex = {W2950151462},
  pages = {1--6},
  title = {AffectiveTweets: a Weka package for analyzing affect in tweets},
  volume = {20},
  year = {2019}
}

@article{bubeck2019multi,
  author = {Bubeck, Sébastien and Devanur, Nikhil R. and Huang, Zhiyi and Niazadeh, Rad},
  journal = {Journal of Machine Learning Research},
  note = {\url{http://jmlr.org/papers/v20/17-498.html}},
  number = {62},
  openalex = {W2945557615},
  pages = {1--37},
  title = {Multi-scale Online Learning: Theory and Applications to Online Auctions and Pricing},
  volume = {20},
  year = {2019}
}

@article{bun2019simultaneous,
  author = {Bun, Mark and Nissim, Kobbi and Stemmer, Uri},
  journal = {Journal of Machine Learning Research},
  note = {\url{http://jmlr.org/papers/v20/18-549.html}},
  number = {94},
  openalex = {W3102341936},
  pages = {1--34},
  title = {Simultaneous Private Learning of Multiple Concepts},
  volume = {20},
  year = {2019}
}

@article{burkhardt2019decoupling,
  author = {Burkhardt, Sophie and Krämer, Stefan},
  journal = {Journal of Machine Learning Research},
  note = {\url{http://jmlr.org/papers/v20/18-569.html}},
  number = {131},
  openalex = {W2976420234},
  pages = {1--27},
  title = {Decoupling Sparsity and Smoothness in the Dirichlet Variational Autoencoder Topic Model},
  volume = {20},
  year = {2019}
}

@article{cai2019accelerated,
  author = {Cai, HanQin and Cai, Jian-Feng and Wei, Ke},
  journal = {Journal of Machine Learning Research},
  note = {\url{http://jmlr.org/papers/v20/18-022.html}},
  number = {20},
  pages = {1--33},
  title = {Accelerated alternating projections for robust principal component analysis},
  volume = {20},
  year = {2019}
}

@article{campbell2019automated,
  author = {Campbell, Trevor and Broderick, Tamara},
  journal = {Journal of Machine Learning Research},
  note = {\url{http://jmlr.org/papers/v20/17-613.html}},
  number = {15},
  openalex = {W2964010828},
  pages = {1--38},
  title = {Automated Scalable Bayesian Inference via Hilbert Coresets},
  volume = {20},
  year = {2019}
}

@article{cesa2019delay,
  author = {Cesa‐Bianchi, Nicolò and Gentile, Claudio and Mansour, Yishay and Minora, Alberto},
  journal = {Journal of Machine Learning Research},
  note = {\url{http://jmlr.org/papers/v20/17-631.html}},
  number = {17},
  openalex = {W2280442445},
  pages = {1--38},
  title = {Delay and Cooperation in Nonstochastic Bandits},
  volume = {20},
  year = {2019}
}

@article{chazelle2019iterated,
  author = {Chazelle, Bernard and Wang, Chu},
  journal = {Journal of Machine Learning Research},
  note = {\url{http://jmlr.org/papers/v20/18-539.html}},
  number = {29},
  openalex = {W2913716705},
  pages = {1--28},
  title = {Iterated Learning in Dynamic Social Networks},
  volume = {20},
  year = {2019}
}

@article{chen2019approximation,
  author = {Chen, Yichen and Ye, Yinyu and Wang, Mengdi},
  journal = {Journal of Machine Learning Research},
  note = {\url{http://jmlr.org/papers/v20/17-373.html}},
  number = {38},
  openalex = {W2930120848},
  pages = {1--27},
  title = {Approximation Hardness for A Class of Sparse Optimization Problems},
  volume = {20},
  year = {2019}
}

@article{chen2019learnability,
  author = {Chen, Hubie and Valeriote, Matthew},
  journal = {Journal of Machine Learning Research},
  note = {\url{http://jmlr.org/papers/v20/17-734.html}},
  number = {67},
  openalex = {W1956860503},
  pages = {1--28},
  title = {Learnability of Solutions to Conjunctive Queries: The Full Dichotomy},
  volume = {20},
  year = {2019}
}

@article{chen2019model,
  author = {Chen, Ji and Li, Xiaodong},
  journal = {Journal of Machine Learning Research},
  note = {\url{http://jmlr.org/papers/v20/17-776.html}},
  number = {142},
  openalex = {W2988501358},
  pages = {1--39},
  title = {Model-free Nonconvex Matrix Completion: Local Minima Analysis and Applications in Memory-efficient Kernel PCA},
  volume = {20},
  year = {2019}
}

@article{chen2019nonconvex,
  author = {Chen, Han and Raskutti, Garvesh and Yuan, Ming},
  journal = {Journal of Machine Learning Research},
  note = {\url{http://jmlr.org/papers/v20/16-607.html}},
  number = {5},
  openalex = {W2963559762},
  pages = {1--37},
  title = {Non-Convex Projected Gradient Descent for Generalized Low-Rank Tensor Regression},
  volume = {20},
  year = {2019}
}

@article{chung2019grasp,
  author = {Chung, Jaewon and Pedigo, Benjamin D. and Bridgeford, Eric and Varjavand, Bijan and Helm, Hayden S. and Vogelstein, Joshua T},
  journal = {Journal of Machine Learning Research},
  note = {\url{http://jmlr.org/papers/v20/19-490.html}},
  number = {158},
  openalex = {W2937989230},
  pages = {1--7},
  title = {GraSPy: Graph Statistics in Python},
  volume = {20},
  year = {2019}
}

@article{cortes2019adaptation,
  author = {Cortes, Corinna and Mohri, Mehryar and Medina, Andrés Muñoz},
  journal = {Journal of Machine Learning Research},
  note = {\url{http://jmlr.org/papers/v20/15-192.html}},
  number = {1},
  openalex = {W2593597837},
  pages = {1--30},
  title = {Adaptation Based on Generalized Discrepancy},
  volume = {20},
  year = {2019}
}

@article{cotter2019optimization,
  author = {Cotter, Andrew and Jiang, Heinrich and Gupta, Maya R. and Wang, Serena and Narayan, Taman and You, Seungil and Sridharan, Karthik},
  journal = {Journal of Machine Learning Research},
  note = {\url{http://jmlr.org/papers/v20/18-616.html}},
  number = {172},
  openalex = {W2996860127},
  pages = {1--59},
  title = {Optimization with Non-Differentiable Constraints with Applications to Fairness, Recall, Churn, and Other Goals},
  volume = {20},
  year = {2019}
}

@article{csikos2019tight,
  author = {Csikós, Mónika and Mustafa, Nabil H. and Kupavskii, Andrey},
  journal = {Journal of Machine Learning Research},
  note = {\url{http://jmlr.org/papers/v20/18-719.html}},
  number = {81},
  openalex = {W2945267489},
  pages = {1--8},
  title = {Tight Lower Bounds on the VC-dimension of Geometric Set Systems},
  volume = {20},
  year = {2019}
}

@article{dai2019smooth,
  author = {Dai, Ben and Wang, Junhui and Shen, Xiaotong and Qu, Annie},
  journal = {Journal of Machine Learning Research},
  note = {\url{http://jmlr.org/papers/v20/17-629.html}},
  number = {16},
  openalex = {W2913464709},
  pages = {1--24},
  title = {Smooth neighborhood recommender systems},
  volume = {20},
  year = {2019}
}

@article{dance2019optimal,
  author = {Dance, Christopher R. and Silander, Tomi},
  journal = {Journal of Machine Learning Research},
  note = {\url{http://jmlr.org/papers/v20/17-185.html}},
  number = {35},
  openalex = {W2610378560},
  pages = {1--93},
  title = {Optimal Policies for Observing Time Series and Related Restless Bandit Problems},
  volume = {20},
  year = {2019}
}

@article{daneshmand2019decentralized,
  author = {Daneshmand, Amir and Sun, Ying and Scutari, Gesualdo and Facchinei, Francisco and Sadler, Brian M.},
  journal = {Journal of Machine Learning Research},
  note = {\url{http://jmlr.org/papers/v20/17-534.html}},
  number = {139},
  openalex = {W2988479891},
  pages = {1--62},
  title = {Decentralized Dictionary Learning Over Time-Varying Digraphs},
  volume = {20},
  year = {2019}
}

@article{dang2019hamiltonian,
  author = {Dang, Khue‐Dung and Quiroz, Matias and Kohn, Robert and Tran, Minh‐Ngoc and Villani, Mattias},
  journal = {Journal of Machine Learning Research},
  note = {\url{http://jmlr.org/papers/v20/17-452.html}},
  number = {100},
  openalex = {W2963841486},
  pages = {1--31},
  title = {Hamiltonian Monte Carlo with Energy Conserving Subsampling},
  volume = {20},
  year = {2019}
}

@article{duchi2019variance,
  author = {Namkoong, Hongseok and Duchi, John C.},
  journal = {Journal of Machine Learning Research},
  note = {\url{http://jmlr.org/papers/v20/17-750.html}},
  number = {68},
  openalex = {W2944407464},
  pages = {1--55},
  title = {Variance-based Regularization with Convex Objectives},
  volume = {20},
  year = {2019}
}

@article{durmus2019analysis,
  author = {Durmus, Alain and Majewski, Szymon and Miasojedow, Błażej},
  journal = {Journal of Machine Learning Research},
  note = {\url{http://jmlr.org/papers/v20/18-173.html}},
  number = {73},
  openalex = {W2962817219},
  pages = {1--46},
  title = {Analysis of Langevin Monte Carlo via Convex Optimization},
  volume = {20},
  year = {2019}
}

@article{dwivedi2019log,
  author = {Dwivedi, Raaz and Chen, Yuansi and Wainwright, Martin J. and Yu, Bin},
  journal = {Journal of Machine Learning Research},
  note = {\url{http://jmlr.org/papers/v20/19-306.html}},
  number = {183},
  openalex = {W2783417494},
  pages = {1--42},
  title = {Log-concave sampling: Metropolis-Hastings algorithms are fast},
  volume = {20},
  year = {2019}
}

@article{eftekhari2019streaming,
  author = {Eftekhari, Armin and Ongie, Greg and Balzano, Laura and Wakin, Michael B.},
  journal = {Journal of Machine Learning Research},
  note = {\url{http://jmlr.org/papers/v20/16-627.html}},
  number = {86},
  openalex = {W2949971160},
  pages = {1--62},
  title = {Streaming Principal Component Analysis From Incomplete Data},
  volume = {20},
  year = {2019}
}

@article{elbachir2019fast,
  author = {El-Bachir, Yousra and Davison, A. C.},
  journal = {Journal of Machine Learning Research},
  note = {\url{http://jmlr.org/papers/v20/18-659.html}},
  number = {173},
  openalex = {W2997376001},
  pages = {1--27},
  title = {Fast Automatic Smoothing for Generalized Additive Models},
  volume = {20},
  year = {2019}
}

@article{elser2019monotone,
  author = {Elser, Veit and Schmidt, Dan and Yedidia, Jonathan S.},
  journal = {Journal of Machine Learning Research},
  note = {\url{http://jmlr.org/papers/v20/18-281.html}},
  number = {27},
  openalex = {W2809393407},
  pages = {1--42},
  title = {Monotone Learning with Rectified Wire Networks},
  volume = {20},
  year = {2019}
}

@article{elsken2019neural,
  author = {Elsken, Thomas and Metzen, Jan Hendrik and Hutter, Frank},
  journal = {Journal of Machine Learning Research},
  note = {\url{http://jmlr.org/papers/v20/18-598.html}},
  number = {55},
  openalex = {W2885311373},
  pages = {1--21},
  title = {Neural Architecture Search: A Survey},
  volume = {20},
  year = {2019}
}

@article{erdogdu2019scalable,
  author = {Erdogdu, Murat A. and Bayati, Mohsen and Dicker, Lee H.},
  journal = {Journal of Machine Learning Research},
  note = {\url{http://jmlr.org/papers/v20/17-279.html}},
  number = {7},
  openalex = {W2963962909},
  pages = {1--45},
  title = {Scalable approximations for generalized linear problems},
  volume = {20},
  year = {2019}
}

@article{fan2019nonuniformity,
  author = {Fan, Yingying and Demirkaya, Emre and Lv, Jinchi},
  journal = {Journal of Machine Learning Research},
  note = {\url{http://jmlr.org/papers/v20/18-314.html}},
  number = {77},
  openalex = {W2963097173},
  pages = {1--33},
  title = {Nonuniformity of P-values Can Occur Early in Diverging Dimensions},
  volume = {20},
  year = {2019}
}

@article{fattahi2019graphical,
  author = {Fattahi, Salar and Sojoudi, Somayeh},
  journal = {Journal of Machine Learning Research},
  note = {\url{http://jmlr.org/papers/v20/17-501.html}},
  number = {10},
  openalex = {W2964307711},
  pages = {1--44},
  title = {Graphical Lasso and Thresholding: Equivalence and Closed-form Solutions},
  volume = {20},
  year = {2019}
}

@article{fernandesvaz2019quantification,
  author = {Fernandes Vaz, Afonso and Izbicki, Rafael and Bassi Stern, Rafael},
  journal = {Journal of Machine Learning Research},
  note = {\url{http://jmlr.org/papers/v20/18-456.html}},
  number = {79},
  pages = {1--33},
  title = {Quantification under prior probability shift: the ratio estimator and its extensions},
  volume = {20},
  year = {2019}
}

@article{ferrer2019joint,
  author = {Ferrer, Luciana and McLaren, Mitchell},
  journal = {Journal of Machine Learning Research},
  note = {\url{http://jmlr.org/papers/v20/18-134.html}},
  number = {24},
  openalex = {W2962832656},
  pages = {1--29},
  title = {Joint PLDA for simultaneous modeling of two factors},
  volume = {20},
  year = {2019}
}

@article{fisher2019all,
  author = {Fisher, Aaron and Rudin, Cynthia and Dominici, Francesca},
  journal = {Journal of Machine Learning Research},
  note = {\url{http://jmlr.org/papers/v20/18-760.html}},
  number = {177},
  openalex = {W2969476445},
  pages = {1--81},
  title = {All Models are Wrong, but Many are Useful: Learning a Variable's Importance by Studying an Entire Class of Prediction Models Simultaneously},
  volume = {20},
  year = {2019}
}

@article{franks2019shared,
  author = {Franks, Alexander and Hoff, Peter D.},
  journal = {Journal of Machine Learning Research},
  note = {\url{http://jmlr.org/papers/v20/18-484.html}},
  number = {171},
  openalex = {W2997355229},
  pages = {1--37},
  title = {Shared Subspace Models for Multi-Group Covariance Estimation},
  volume = {20},
  year = {2019}
}

@article{gamiz2019multiplicative,
  author = {Gámiz, María Luz and Martínez‐Miranda, María Dolores and Nielsen, Jens Perch},
  journal = {Journal of Machine Learning Research},
  note = {\url{http://jmlr.org/papers/v20/17-663.html}},
  number = {18},
  openalex = {W2766458921},
  pages = {1--29},
  title = {Multiplicative local linear hazard estimation and best one-sided cross-validation},
  volume = {20},
  year = {2019}
}

@article{gao2019stochastic,
  author = {Gao, Chao and Garber, Dan and Srebro, Nathan and Wang, Jialei and Wang, Weiran},
  journal = {Journal of Machine Learning Research},
  note = {\url{http://jmlr.org/papers/v20/18-095.html}},
  number = {167},
  openalex = {W2998409652},
  pages = {1--46},
  title = {Stochastic Canonical Correlation Analysis},
  volume = {20},
  year = {2019}
}

@article{ge2019picasso,
  author = {Ge, Jason and Li, Xingguo and Jiang, Haoming and Liu, Han and Zhang, Tong and Wang, Mengdi and Zhao, Tuo},
  journal = {Journal of Machine Learning Research},
  note = {\url{http://jmlr.org/papers/v20/17-722.html}},
  number = {44},
  openalex = {W2935670023},
  pages = {1--5},
  title = {Picasso: A sparse learning library for high dimensional data analysis in R and python},
  volume = {20},
  year = {2019}
}

@article{gelbhart2019relationship,
  author = {Gelbhart, Roei and El‐Yaniv, Ran},
  journal = {Journal of Machine Learning Research},
  note = {\url{http://jmlr.org/papers/v20/17-147.html}},
  number = {33},
  openalex = {W2603161330},
  pages = {1--38},
  title = {The Relationship Between Agnostic Selective Classification, Active Learning and the Disagreement Coefficient},
  volume = {20},
  year = {2019}
}

@article{glimsdal2019thompson,
  author = {Glimsdal, Sondre and Granmo, Ole‐Christoffer},
  journal = {Journal of Machine Learning Research},
  note = {\url{http://jmlr.org/papers/v20/18-263.html}},
  number = {52},
  openalex = {W2742723920},
  pages = {1--24},
  title = {Thompson Sampling Guided Stochastic Searching on the Line for Deceptive Environments with Applications to Root-Finding Problems},
  volume = {20},
  year = {2019}
}

@article{gruenewalder2019approximation,
  author = {Gruenewälder, Steffen and Khaleghi, Azadeh},
  journal = {Journal of Machine Learning Research},
  note = {\url{http://jmlr.org/papers/v20/17-547.html}},
  number = {14},
  pages = {1--37},
  title = {Approximation algorithms for restless bandit problems},
  volume = {20},
  year = {2019}
}

@article{harris2019approximation,
  author = {Harris, David G. and Li, Shi and Pensyl, Thomas and Srinivasan, Aravind and Trinh, Khoa},
  journal = {Journal of Machine Learning Research},
  note = {\url{http://jmlr.org/papers/v20/18-716.html}},
  number = {153},
  openalex = {W2984282532},
  pages = {1--33},
  title = {Approximation Algorithms for Stochastic Clustering},
  volume = {20},
  year = {2019}
}

@article{herlands2019change,
  author = {Herlands, William and Neill, Daniel B. and Nickisch, Hannes and Wilson, Andrew Gordon},
  journal = {Journal of Machine Learning Research},
  note = {\url{http://jmlr.org/papers/v20/17-352.html}},
  number = {99},
  openalex = {W2898470510},
  pages = {1--51},
  title = {Change Surfaces for Expressive Multidimensional Changepoints and Counterfactual Prediction},
  volume = {20},
  year = {2019}
}

@article{hill2019causal,
  author = {Hill, Steven M. and Oates, Chris J. and Blythe, Duncan A. J. and Mukherjee, Sach},
  journal = {Journal of Machine Learning Research},
  note = {\url{http://jmlr.org/papers/v20/18-383.html}},
  number = {127},
  openalex = {W2971719789},
  pages = {1--32},
  title = {Causal Learning via Manifold Regularization.},
  volume = {20},
  year = {2019}
}

@article{hofer2019learning,
  author = {Hofer, Christoph D. and Kwitt, Roland and Niethammer, Marc},
  journal = {Journal of Machine Learning Research},
  note = {\url{http://jmlr.org/papers/v20/18-358.html}},
  number = {126},
  openalex = {W2975769120},
  pages = {1--45},
  title = {Learning Representations of Persistence Barcodes},
  volume = {20},
  year = {2019}
}

@article{hong2019scaling,
  author = {Zhang, Weizhong and Hong, Bin Na and Liu, Wei and Ye, Jieping and Cai, Deng and He, Xiaofei and Wang, Jie},
  journal = {Journal of Machine Learning Research},
  note = {\url{http://jmlr.org/papers/v20/17-723.html}},
  number = {121},
  openalex = {W2963189879},
  pages = {1--39},
  title = {Scaling Up Sparse Support Vector Machines by Simultaneous Feature and Sample Reduction},
  volume = {20},
  year = {2019}
}

@article{huettenrauch2019deep,
  author = {Hüttenrauch, Maximilian and Šošić, Adrian and Neumann, Gerhard},
  journal = {Journal of Machine Learning Research},
  note = {\url{http://jmlr.org/papers/v20/18-476.html}},
  number = {54},
  openalex = {W2588790649},
  pages = {1--31},
  title = {Guided Deep Reinforcement Learning for Swarm Systems},
  volume = {20},
  year = {2019}
}

@article{javanmard2019dynamic,
  author = {Javanmard, Adel and Nazerzadeh, Hamid},
  journal = {Journal of Machine Learning Research},
  note = {\url{http://jmlr.org/papers/v20/17-357.html}},
  number = {9},
  openalex = {W2963256223},
  pages = {1--49},
  title = {Dynamic Pricing in High-dimensions},
  volume = {20},
  year = {2019}
}

@article{kamper2019convergence,
  author = {Kamper, Francois and Steel, S. J. and Preez, Johan A. du},
  journal = {Journal of Machine Learning Research},
  note = {\url{http://jmlr.org/papers/v20/18-040.html}},
  number = {165},
  openalex = {W2998111886},
  pages = {1--37},
  title = {On the Convergence of Gaussian Belief Propagation with Nodes of Arbitrary Size},
  volume = {20},
  year = {2019}
}

@article{karakus2019redundancy,
  author = {Karakus, Can and Sun, Yifan and Diggavi, Suhas and Yin, Wotao},
  journal = {Journal of Machine Learning Research},
  note = {\url{http://jmlr.org/papers/v20/18-148.html}},
  number = {72},
  openalex = {W2792603880},
  pages = {1--47},
  title = {Redundancy Techniques for Straggler Mitigation in Distributed Optimization and Learning},
  volume = {20},
  year = {2019}
}

@article{katzsamuels2019decontamination,
  author = {Katz-Samuels, Julian and Blanchard, Gilles and Scott, Clayton},
  journal = {Journal of Machine Learning Research},
  note = {\url{http://jmlr.org/papers/v20/17-576.html}},
  number = {41},
  openalex = {W2762264318},
  pages = {1--57},
  title = {Decontamination of Mutual Contamination Models},
  volume = {20},
  year = {2019}
}

@article{kaul2019efficient,
  author = {Kaul, Abhishek and Jandhyala, Venkata K. and Fotopoulos, S.},
  journal = {Journal of Machine Learning Research},
  note = {\url{http://jmlr.org/papers/v20/18-460.html}},
  number = {111},
  openalex = {W2909543128},
  pages = {1--40},
  title = {An efficient two step algorithm for high dimensional change point regression models without grid search},
  volume = {20},
  year = {2019}
}

@article{keys2019proximal,
  author = {Keys, Kevin L. and Zhou, Hua and Lange, Kenneth},
  journal = {Journal of Machine Learning Research},
  note = {\url{http://jmlr.org/papers/v20/17-687.html}},
  number = {66},
  openalex = {W2963842279},
  pages = {1--38},
  title = {Proximal Distance Algorithms: Theory and Practice.},
  volume = {20},
  year = {2019}
}

@article{khamaru2019convergence,
  author = {Khamaru, Koulik and Wainwright, Martin J.},
  journal = {Journal of Machine Learning Research},
  note = {\url{http://jmlr.org/papers/v20/18-762.html}},
  number = {154},
  openalex = {W2798332588},
  pages = {1--52},
  title = {Convergence guarantees for a class of non-convex and non-smooth optimization problems},
  volume = {20},
  year = {2019}
}

@article{khetan2019spectrum,
  author = {Khetan, Ashish and Oh, Sewoong},
  journal = {Journal of Machine Learning Research},
  note = {\url{http://jmlr.org/papers/v20/18-027.html}},
  number = {21},
  openalex = {W2600006013},
  pages = {1--55},
  title = {Spectrum Estimation from a Few Entries},
  volume = {20},
  year = {2019}
}

@article{kiraly2019kernels,
  author = {Király, Franz J. and Oberhauser, Harald},
  journal = {Journal of Machine Learning Research},
  note = {\url{http://jmlr.org/papers/v20/16-314.html}},
  number = {31},
  openalex = {W2963611658},
  pages = {1--45},
  title = {Kernels for sequentially ordered data},
  volume = {20},
  year = {2019}
}

@article{koppel2019parsimonious,
  author = {Koppel, Alec and Warnell, Garrett and Stump, Ethan and Ribeiro, Alejandro},
  journal = {Journal of Machine Learning Research},
  note = {\url{http://jmlr.org/papers/v20/16-585.html}},
  number = {3},
  openalex = {W2912289066},
  pages = {1--44},
  title = {Parsimonious Online Learning with Kernels via Sparse Projections in Function Space},
  volume = {20},
  year = {2019}
}

@article{kossaifi2019tensorly,
  author = {Kossaifi, Jean and Panagakis, Yannis and Anandkumar, Anima and Pantić, Maja},
  journal = {Journal of Machine Learning Research},
  note = {\url{http://jmlr.org/papers/v20/18-277.html}},
  number = {26},
  openalex = {W2544822491},
  pages = {1--6},
  title = {TensorLy: tensor learning in python},
  volume = {20},
  year = {2019}
}

@article{kralj2019netsdm,
  author = {Kralj, Jan and Robnik‐Šikonja, Marko and Lavrač, Nada},
  journal = {Journal of Machine Learning Research},
  note = {\url{http://jmlr.org/papers/v20/17-066.html}},
  number = {32},
  openalex = {W2933483417},
  pages = {1--50},
  title = {NetSDM: Semantic Data Mining with Network Analysis},
  volume = {20},
  year = {2019}
}

@article{krishnamurthy2019active,
  author = {Krishnamurthy, Akshay and Agarwal, Alekh and Huang, Tzu-Kuo and Daumé, Hal and Langford, John},
  journal = {Journal of Machine Learning Research},
  note = {\url{http://jmlr.org/papers/v20/17-681.html}},
  number = {65},
  openalex = {W2604204103},
  pages = {1--50},
  title = {Active Learning for Cost-Sensitive Classification},
  volume = {20},
  year = {2019}
}

@article{kvamme2019time,
  author = {Kvamme, Håvard and Borgan, Ørnulf and Scheel, Ida},
  journal = {Journal of Machine Learning Research},
  note = {\url{http://jmlr.org/papers/v20/18-424.html}},
  number = {129},
  openalex = {W2954512644},
  pages = {1--30},
  title = {Time-to-Event Prediction with Neural Networks and Cox Regression},
  volume = {20},
  year = {2019}
}

@article{letham2019bayesian,
  author = {Letham, Benjamin and Bakshy, Eytan},
  journal = {Journal of Machine Learning Research},
  note = {\url{http://jmlr.org/papers/v20/18-225.html}},
  number = {145},
  openalex = {W2982659598},
  pages = {1--30},
  title = {Bayesian Optimization for Policy Search via Online-Offline Experimentation},
  volume = {20},
  year = {2019}
}

@article{li2019convergence,
  author = {Li, Bin and Wu, Yik‐Chung},
  journal = {Journal of Machine Learning Research},
  note = {\url{http://jmlr.org/papers/v20/18-133.html}},
  number = {144},
  openalex = {W2983204857},
  pages = {1--30},
  title = {Convergence of Gaussian Belief Propagation Under General Pairwise Factorization: Connecting Gaussian MRF with Pairwise Linear Gaussian Model},
  volume = {20},
  year = {2019}
}

@article{li2019learning,
  author = {Li, Ruilin and Ye, Xiaojing and Zhou, Haomin and Zha, Hongyuan},
  journal = {Journal of Machine Learning Research},
  note = {\url{http://jmlr.org/papers/v20/18-700.html}},
  number = {80},
  openalex = {W2953014951},
  pages = {1--37},
  title = {Learning to Match via Inverse Optimal Transport},
  volume = {20},
  year = {2019}
}

@article{li2019stochastic,
  author = {Li, Qianxiao and Tai, Cheng and Weinan, E},
  journal = {Journal of Machine Learning Research},
  note = {\url{http://jmlr.org/papers/v20/17-526.html}},
  number = {40},
  openalex = {W2962798807},
  pages = {1--47},
  title = {Stochastic Modified Equations and Dynamics of Stochastic Gradient Algorithms I: Mathematical Foundations},
  volume = {20},
  year = {2019}
}

@article{liao2019adaptive,
  author = {Liao, Wenjing and Maggioni, Mauro},
  journal = {Journal of Machine Learning Research},
  note = {\url{http://jmlr.org/papers/v20/17-252.html}},
  number = {98},
  openalex = {W2549650688},
  pages = {1--63},
  title = {Adaptive Geometric Multiscale Approximations for Intrinsically Low-dimensional Data},
  volume = {20},
  year = {2019}
}

@article{lin2019boosted,
  author = {Lin, Shao-Bo and Lei, Yunwen and Zhou, Ding‐Xuan},
  journal = {Journal of Machine Learning Research},
  note = {\url{http://jmlr.org/papers/v20/18-063.html}},
  number = {46},
  openalex = {W2932684714},
  pages = {1--36},
  title = {Boosted Kernel Ridge Regression: Optimal Learning Rates and Early Stopping},
  volume = {20},
  year = {2019}
}

@article{livezey2019learning,
  author = {Livezey, Jesse A. and Bujan, Alejandro F. and Sommer, Friedrich T.},
  journal = {Journal of Machine Learning Research},
  note = {\url{http://jmlr.org/papers/v20/18-703.html}},
  number = {174},
  openalex = {W2997147428},
  pages = {1--42},
  title = {Learning overcomplete, low coherence dictionaries with linear inference},
  volume = {20},
  year = {2019}
}

@article{lopes2019bootstrap,
  author = {Lopes, Miles E. and Wang, Shusen and Mahoney, Michael W.},
  journal = {Journal of Machine Learning Research},
  note = {\url{http://jmlr.org/papers/v20/17-451.html}},
  number = {39},
  openalex = {W2963990444},
  pages = {1--40},
  title = {A Bootstrap Method for Error Estimation in Randomized Matrix Multiplication},
  volume = {20},
  year = {2019}
}

@article{loukas2019graph,
  author = {Loukas, Andreas},
  journal = {Journal of Machine Learning Research},
  note = {\url{http://jmlr.org/papers/v20/18-680.html}},
  number = {116},
  openalex = {W2960658350},
  pages = {1--42},
  title = {Graph reduction with spectral and cut guarantees},
  volume = {20},
  year = {2019}
}

@article{luo2019robust,
  author = {Luo, Luo and Chen, Cheng and Zhang, Zhihua and Li, Wu-Jun and Zhang, Tong},
  journal = {Journal of Machine Learning Research},
  note = {\url{http://jmlr.org/papers/v20/17-773.html}},
  number = {45},
  openalex = {W2784223480},
  pages = {1--41},
  title = {Robust Frequent Directions with Application in Online Learning},
  volume = {20},
  year = {2019}
}

@article{luo2019solving,
  author = {Luo, Ziyan and Sun, Defeng and Toh, Kim Chuan and Xiu, Naihua},
  journal = {Journal of Machine Learning Research},
  note = {\url{http://jmlr.org/papers/v20/18-172.html}},
  number = {106},
  openalex = {W2963865258},
  pages = {1--25},
  title = {Solving the OSCAR and SLOPE Models Using a Semismooth Newton-Based Augmented Lagrangian Method},
  volume = {20},
  year = {2019}
}

@article{lyzinski2019on,
  author = {Lyzinski, Vince and Levin, Keith and Priebe, Carey E.},
  journal = {Journal of Machine Learning Research},
  note = {\url{http://jmlr.org/papers/v20/18-048.html}},
  number = {69},
  openalex = {W2963630149},
  pages = {1--39},
  title = {On Consistent Vertex Nomination Schemes},
  volume = {20},
  year = {2019}
}

@article{maroulas2019nonparametric,
  author = {Maroulas, Vasileios and Mike, Joshua Lee and Oballe, Christopher},
  journal = {Journal of Machine Learning Research},
  note = {\url{http://jmlr.org/papers/v20/18-618.html}},
  number = {151},
  openalex = {W2982638006},
  pages = {1--49},
  title = {Nonparametric Estimation of Probability Density Functions of Random Persistence Diagrams},
  volume = {20},
  year = {2019}
}

@article{masood2019particle,
  author = {Masood, Muhammad A and Doshi-Velez, Finale},
  journal = {Journal of Machine Learning Research},
  note = {\url{http://jmlr.org/papers/v20/18-153.html}},
  number = {90},
  pages = {1--56},
  title = {A particle-based variational approach to Bayesian Non-negative Matrix Factorization},
  volume = {20},
  year = {2019}
}

@article{maunu2019well,
  author = {Maunu, Tyler and Zhang, Teng and Lerman, Gilad},
  journal = {Journal of Machine Learning Research},
  note = {\url{http://jmlr.org/papers/v20/17-324.html}},
  number = {37},
  openalex = {W2962685343},
  pages = {1--59},
  title = {A Well-Tempered Landscape for Non-convex Robust Subspace Recovery},
  volume = {20},
  year = {2019}
}

@article{may2019kernel,
  author = {May, Avner and Garakani, Alireza Bagheri and Lu, Zhiyun and Guo, Dong and Liu, Kuan and Bellet, Aurélien and Fan, Linxi and Collins, Michael and Hsu, Daniel and Kingsbury, Brian and Picheny, Michael and Sha, Fei},
  journal = {Journal of Machine Learning Research},
  note = {\url{http://jmlr.org/papers/v20/17-026.html}},
  number = {59},
  openalex = {W2579029485},
  pages = {1--36},
  title = {Kernel Approximation Methods for Speech Recognition},
  volume = {20},
  year = {2019}
}

@article{meshi2019train,
  author = {Meshi, Ofer and London, Ben and Weller, Adrian and Sontag, David},
  journal = {Journal of Machine Learning Research},
  note = {\url{http://jmlr.org/papers/v20/17-535.html}},
  number = {13},
  openalex = {W2913036662},
  pages = {1--34},
  title = {Train and Test Tightness of LP Relaxations in Structured Prediction},
  volume = {20},
  year = {2019}
}

@article{mpoudeu2019model,
  author = {Mpoudeu, Merlin and Clarke, Bertrand},
  journal = {Journal of Machine Learning Research},
  note = {\url{http://jmlr.org/papers/v20/17-669.html}},
  number = {88},
  openalex = {W2963547512},
  pages = {1--26},
  title = {Model Selection via the VC-Dimension},
  volume = {20},
  year = {2019}
}

@article{na2019high,
  author = {Na, Sen and Yang, Zhuoran and Wang, Zhaoran and Kolar, Mladen},
  journal = {Journal of Machine Learning Research},
  note = {\url{http://jmlr.org/papers/v20/18-705.html}},
  number = {152},
  openalex = {W2985765857},
  pages = {1--44},
  title = {High-dimensional Varying Index Coefficient Models via Stein's Identity},
  volume = {20},
  year = {2019}
}

@article{nguyen2019new,
  author = {Nguyen, Lam M. and Nguyen, Phuong Ha and Richtárik, Peter and Scheinberg, Katya and Takáč, Martin and Dijk, Marten van},
  journal = {Journal of Machine Learning Research},
  note = {\url{http://jmlr.org/papers/v20/18-759.html}},
  number = {176},
  openalex = {W2997199030},
  pages = {1--49},
  title = {New Convergence Aspects of Stochastic Gradient Algorithms},
  volume = {20},
  year = {2019}
}

@article{nguyen2019provably,
  author = {Nguyen, Thanh V. and Wong, Raymond K. W. and Hegde, Chinmay},
  journal = {Journal of Machine Learning Research},
  note = {\url{http://jmlr.org/papers/v20/17-728.html}},
  number = {141},
  pages = {1--43},
  title = {Provably Accurate Double-Sparse Coding},
  volume = {20},
  year = {2019}
}

@article{obuchi2019semi,
  author = {Obuchi, Tomoyuki and Kabashima, Yoshiyuki},
  journal = {Journal of Machine Learning Research},
  note = {\url{http://jmlr.org/papers/v20/18-109.html}},
  number = {70},
  openalex = {W2962986545},
  pages = {1--33},
  title = {Semi-Analytic Resampling in Lasso},
  volume = {20},
  year = {2019}
}

@article{osband2019deep,
  author = {Osband, Ian and Roy, Benjamin Van and Russo, Daniel and Wen, Zheng},
  journal = {Journal of Machine Learning Research},
  note = {\url{http://jmlr.org/papers/v20/18-339.html}},
  number = {124},
  openalex = {W2974778612},
  pages = {1--62},
  title = {Deep Exploration via Randomized Value Functions},
  volume = {20},
  year = {2019}
}

@article{page2019ivanov,
  author = {Page, Stephen and Grünewälder, Steffen},
  journal = {Journal of Machine Learning Research},
  note = {\url{http://jmlr.org/papers/v20/17-672.html}},
  number = {120},
  openalex = {W2974909662},
  pages = {1--49},
  title = {Ivanov-Regularised Least-Squares Estimators over Large RKHSs and Their Interpolation Spaces},
  volume = {20},
  year = {2019}
}

@article{pavlichin2019approximate,
  author = {Pavlichin, Dmitri S. and Jiao, Jiantao and Weissman, Tsachy},
  journal = {Journal of Machine Learning Research},
  note = {\url{http://jmlr.org/papers/v20/18-075.html}},
  number = {122},
  openalex = {W2976691103},
  pages = {1--55},
  title = {Approximate Profile Maximum Likelihood},
  volume = {20},
  year = {2019}
}

@article{pfister2019robustifying,
  author = {Pfister, Niklas and Weichwald, Sebastian and Bühlmann, Peter and Schölkopf, Bernhard},
  journal = {Journal of Machine Learning Research},
  note = {\url{http://jmlr.org/papers/v20/18-399.html}},
  number = {147},
  openalex = {W2989175219},
  pages = {1--50},
  title = {Robustifying Independent Component Analysis by Adjusting for Group-Wise Stationary Noise},
  volume = {20},
  year = {2019}
}

@article{pirinen2019exact,
  author = {Pirinen, Aleksis and Ames, Brendan},
  journal = {Journal of Machine Learning Research},
  note = {\url{http://jmlr.org/papers/v20/16-128.html}},
  number = {30},
  openalex = {W2895295071},
  pages = {1--34},
  title = {Exact Clustering of Weighted Graphs via Semidefinite Programming},
  volume = {20},
  year = {2019}
}

@article{pirsi2019bayesian,
  author = {Pirš, Gregor and Štrumbelj, Erik},
  journal = {Journal of Machine Learning Research},
  note = {\url{http://jmlr.org/papers/v20/18-241.html}},
  number = {51},
  openalex = {W2934142340},
  pages = {1--18},
  title = {Bayesian Combination of Probabilistic Classifiers using Multivariate Normal Mixtures},
  volume = {20},
  year = {2019}
}

@article{probst2019tunability,
  author = {Probst, Philipp and Bischl, Bernd and Boulesteix, Anne‐Laure},
  journal = {Journal of Machine Learning Research},
  note = {\url{http://jmlr.org/papers/v20/18-444.html}},
  number = {53},
  openalex = {W2788079077},
  pages = {1--32},
  title = {Tunability: Importance of Hyperparameters of Machine Learning Algorithms},
  volume = {20},
  year = {2019}
}

@article{rai2019using,
  author = {Rai, Akshara and Antonova, Rika and Meier, Franziska and Atkeson, Christopher G.},
  journal = {Journal of Machine Learning Research},
  note = {\url{http://jmlr.org/papers/v20/18-196.html}},
  number = {49},
  openalex = {W2963997552},
  pages = {1--24},
  title = {Using Simulation to Improve Sample-Efficiency of Bayesian Optimization for Bipedal Robots},
  volume = {20},
  year = {2019}
}

@article{razaee2019matched,
  author = {Razaee, Zahra S. and Amini, Arash A. and Li, Jingyi Jessica},
  journal = {Journal of Machine Learning Research},
  note = {\url{http://jmlr.org/papers/v20/17-153.html}},
  number = {34},
  openalex = {W2962912239},
  pages = {1--44},
  title = {Matched Bipartite Block Model with Covariates},
  volume = {20},
  year = {2019}
}

@article{rebeschini2019new,
  author = {Rebeschini, Patrick and Tatikonda, Sekhar},
  journal = {Journal of Machine Learning Research},
  note = {\url{http://jmlr.org/papers/v20/17-286.html}},
  number = {36},
  openalex = {W2554239292},
  pages = {1--37},
  title = {A New Approach to Laplacian Solvers and Flow Problems},
  volume = {20},
  year = {2019}
}

@article{rodrigo2019spark,
  author = {Rodrigo, Enrique G. and Aledo, Juan A. and Gámez, José A.},
  journal = {Journal of Machine Learning Research},
  note = {\url{http://jmlr.org/papers/v20/17-743.html}},
  number = {19},
  openalex = {W2913859482},
  pages = {1--5},
  title = {spark-crowd: A Spark Package for Learning from Crowdsourced Big Data},
  volume = {20},
  year = {2019}
}

@article{ruggieri2019complete,
  author = {Ruggieri, Salvatore},
  journal = {Journal of Machine Learning Research},
  note = {\url{http://jmlr.org/papers/v20/18-035.html}},
  number = {104},
  openalex = {W2958816001},
  pages = {1--34},
  title = {Complete Search for Feature Selection in Decision Trees},
  volume = {20},
  year = {2019}
}

@article{ryabko2019asymptotic,
  author = {Ryabko, Daniil},
  journal = {Journal of Machine Learning Research},
  note = {\url{http://jmlr.org/papers/v20/18-512.html}},
  number = {149},
  openalex = {W2984852013},
  pages = {1--24},
  title = {On Asymptotic and Finite-Time Optimality of Bayesian Predictors},
  volume = {20},
  year = {2019}
}

@article{saberian2019multiclass,
  author = {Saberian, Mohammad and Vasconcelos, Nuno},
  journal = {Journal of Machine Learning Research},
  note = {\url{http://jmlr.org/papers/v20/17-137.html}},
  number = {137},
  openalex = {W2982416285},
  pages = {1--68},
  title = {Multiclass Boosting: Margins, Codewords, Losses, and Algorithms},
  volume = {20},
  year = {2019}
}

@article{sanchezmonedero2019orca,
  author = {Sánchez-Monedero, Javier and Gutiérrez, Pedro A. and Pérez-Ortiz, María},
  journal = {Journal of Machine Learning Research},
  note = {\url{http://jmlr.org/papers/v20/18-349.html}},
  number = {125},
  pages = {1--5},
  title = {ORCA: A Matlab/Octave Toolbox for Ordinal Regression},
  volume = {20},
  year = {2019}
}

@article{scaman2019optimal,
  author = {Scaman, Kevin and Bach, Francis and Bubeck, Sébastien and Lee, Yin Tat and Massoulié, Laurent},
  journal = {Journal of Machine Learning Research},
  note = {\url{http://jmlr.org/papers/v20/19-543.html}},
  number = {159},
  openalex = {W2989361410},
  pages = {1--31},
  title = {Optimal Convergence Rates for Convex Distributed Optimization in Networks},
  volume = {20},
  year = {2019}
}

@article{shafieezadeh2019regularization,
  author = {Shafieezadeh-Abadeh, Soroosh and Kühn, Daniel and Esfahani, Peyman Mohajerin},
  journal = {Journal of Machine Learning Research},
  note = {\url{http://jmlr.org/papers/v20/17-633.html}},
  number = {103},
  openalex = {W2964110122},
  pages = {1--68},
  title = {Regularization via Mass Transportation},
  volume = {20},
  year = {2019}
}

@article{shah2019low,
  author = {Shah, Nihar B. and Balakrishnan, Sivaraman and Wainwright, Martin J.},
  journal = {Journal of Machine Learning Research},
  note = {\url{http://jmlr.org/papers/v20/17-545.html}},
  number = {101},
  openalex = {W2963138620},
  pages = {1--43},
  title = {Low Permutation-Rank Matrices: Structural Properties and Noisy Completion},
  volume = {20},
  year = {2019}
}

@article{shang2019nonparametric,
  author = {Shang, Zuofeng and Hao, Botao and Cheng, Guang},
  journal = {Journal of Machine Learning Research},
  note = {\url{http://jmlr.org/papers/v20/17-641.html}},
  number = {140},
  openalex = {W2982350142},
  pages = {1--81},
  title = {Nonparametric Bayesian Aggregation for Massive Data},
  volume = {20},
  year = {2019}
}

@article{shen2019random,
  author = {Shen, Yanning and Chen, Tianyi and Giannakis, Georgios B.},
  journal = {Journal of Machine Learning Research},
  note = {\url{http://jmlr.org/papers/v20/18-030.html}},
  number = {22},
  openalex = {W2963976431},
  pages = {1--36},
  title = {Random Feature-based Online Multi-kernel Learning in Environments with Unknown Dynamics},
  volume = {20},
  year = {2019}
}

@article{shi2019determining,
  author = {Shi, Chengchun and Lu, Wenbin and Song, Rui},
  journal = {Journal of Machine Learning Research},
  note = {\url{http://jmlr.org/papers/v20/18-037.html}},
  number = {23},
  openalex = {W2913187981},
  pages = {1--38},
  title = {Determining the Number of Latent Factors in Statistical Multi-Relational Learning.},
  volume = {20},
  year = {2019}
}

@article{shi2019sparse,
  author = {Shi, Lei and Huang, Xiaolin and Feng, Yunlong and Suykens, Johan A.K.},
  journal = {Journal of Machine Learning Research},
  note = {\url{http://jmlr.org/papers/v20/13-124.html}},
  number = {161},
  pages = {1--44},
  title = {Sparse Kernel Regression with Coefficient-based ℓ_q-regularization},
  volume = {20},
  year = {2019}
}

@article{soh2019learning,
  author = {Soh, De Wen and Tatikonda, Sekhar},
  journal = {Journal of Machine Learning Research},
  note = {\url{http://jmlr.org/papers/v20/18-329.html}},
  number = {109},
  openalex = {W2956741580},
  pages = {1--30},
  title = {Learning Unfaithful $K$-separable Gaussian Graphical Models},
  volume = {20},
  year = {2019}
}

@article{sommerfeld2019optimal,
  author = {Sommerfeld, Max and Schrieber, Jörn and Zemel, Yoav and Munk, Axel},
  journal = {Journal of Machine Learning Research},
  note = {\url{http://jmlr.org/papers/v20/18-079.html}},
  number = {105},
  openalex = {W2963226285},
  pages = {1--23},
  title = {Optimal Transport: Fast Probabilistic Approximation with Exact Solvers},
  volume = {20},
  year = {2019}
}

@article{sondhi2019reduced,
  author = {Sondhi, Arjun and Shojaie, Ali},
  journal = {Journal of Machine Learning Research},
  note = {\url{http://jmlr.org/papers/v20/17-601.html}},
  number = {164},
  openalex = {W2997642512},
  pages = {1--31},
  title = {The Reduced PC-Algorithm: Improved Causal Structure Learning in Large Random Networks},
  volume = {20},
  year = {2019}
}

@article{sonoda2019transport,
  author = {Sonoda, Sho and Murata, Noboru},
  journal = {Journal of Machine Learning Research},
  note = {\url{http://jmlr.org/papers/v20/16-243.html}},
  number = {2},
  openalex = {W2899297079},
  pages = {1--52},
  title = {Transport analysis of infinitely deep neural network},
  volume = {20},
  year = {2019}
}

@article{srinivasan2019logical,
  author = {Srinivasan, Ashwin and Vig, Lovekesh and Bain, Michael},
  journal = {Journal of Machine Learning Research},
  note = {\url{http://jmlr.org/papers/v20/18-517.html}},
  number = {130},
  openalex = {W4289765804},
  pages = {1--47},
  title = {Logical Explanations for Deep Relational Machines Using Relevance Information},
  volume = {20},
  year = {2019}
}

@article{sutter2019generalized,
  author = {Sutter, Tobias and Sutter, David and Mohajerin Esfahani, Peyman and Lygeros, John},
  journal = {Journal of Machine Learning Research},
  note = {\url{http://jmlr.org/papers/v20/17-486.html}},
  number = {138},
  pages = {1--29},
  title = {Generalized Maximum Entropy Estimation of Linear Models},
  volume = {20},
  year = {2019}
}

@article{szabo2019asymptotic,
  author = {Szabó, Botond and Zanten, Harry van},
  journal = {Journal of Machine Learning Research},
  note = {\url{http://jmlr.org/papers/v20/17-666.html}},
  number = {87},
  openalex = {W2963013807},
  pages = {1--30},
  title = {An asymptotic analysis of distributed nonparametric methods},
  volume = {20},
  year = {2019}
}

@article{szymanski2019scikit,
  author = {Szymański, Piotr and Kajdanowicz, Tomasz},
  journal = {Journal of Machine Learning Research},
  note = {\url{http://jmlr.org/papers/v20/17-100.html}},
  number = {6},
  openalex = {W2912218607},
  pages = {1--22},
  title = {scikit-multilearn: A Python library for Multi-Label Classification},
  volume = {20},
  year = {2019}
}

@article{tan2019layer,
  author = {Tan, Kean Ming and Lu, Junwei and Zhang, Tong and Liu, Han},
  journal = {Journal of Machine Learning Research},
  note = {\url{http://jmlr.org/papers/v20/17-525.html}},
  number = {119},
  openalex = {W2974029743},
  pages = {1--38},
  title = {Layer-Wise Learning Strategy for Nonparametric Tensor Product Smoothing Spline Regression and Graphical Models},
  volume = {20},
  year = {2019}
}

@article{teixeira2019bayesian,
  author = {Teixeira, Leonardo V. and Assunção, Renato M. and Loschi, Rosangela H.},
  journal = {Journal of Machine Learning Research},
  note = {\url{http://jmlr.org/papers/v20/16-615.html}},
  number = {85},
  pages = {1--35},
  title = {Bayesian Space-Time Partitioning by Sampling and Pruning Spanning Trees},
  volume = {20},
  year = {2019}
}

@article{tremblay2019determinantal,
  author = {Tremblay, Nicolas and Barthelmé, Simon and Amblard, Pierre‐Olivier},
  journal = {Journal of Machine Learning Research},
  note = {\url{http://jmlr.org/papers/v20/18-167.html}},
  number = {168},
  openalex = {W2997098139},
  pages = {1--70},
  title = {Determinantal Point Processes for Coresets},
  volume = {20},
  year = {2019}
}

@article{unser2019representer,
  author = {Unser, Michaël},
  journal = {Journal of Machine Learning Research},
  note = {\url{http://jmlr.org/papers/v20/18-418.html}},
  number = {110},
  openalex = {W4301499895},
  pages = {1--30},
  title = {A representer theorem for deep neural networks},
  volume = {20},
  year = {2019}
}

@article{ustun2019learning,
  author = {Ustun, Berk and Rudin, Cynthia},
  journal = {Journal of Machine Learning Research},
  note = {\url{http://jmlr.org/papers/v20/18-615.html}},
  number = {150},
  openalex = {W2985440697},
  pages = {1--75},
  title = {Learning Optimized Risk Scores},
  volume = {20},
  year = {2019}
}

@article{venturi2019spurious,
  author = {Venturi, Luca and Bandeira, Afonso S. and Bruna, Joan},
  journal = {Journal of Machine Learning Research},
  note = {\url{http://jmlr.org/papers/v20/18-674.html}},
  number = {133},
  openalex = {W2973737673},
  pages = {1--34},
  title = {Spurious Valleys in One-hidden-layer Neural Network Optimization Landscapes},
  volume = {20},
  year = {2019}
}

@article{wang2019common,
  author = {Wang, Po-Wei and Lee, Ching-pei and Lin, Chih‐Jen},
  journal = {Journal of Machine Learning Research},
  note = {\url{http://jmlr.org/papers/v20/16-309.html}},
  number = {58},
  openalex = {W2945677310},
  pages = {1--49},
  title = {The Common-directions Method for Regularized Empirical Risk Minimization},
  volume = {20},
  year = {2019}
}

@article{wang2019dbscan,
  author = {Wang, Daren and Lu, Xinyang and Rinaldo, Alessandro},
  journal = {Journal of Machine Learning Research},
  note = {\url{http://jmlr.org/papers/v20/18-470.html}},
  number = {170},
  openalex = {W2997865178},
  pages = {1--50},
  title = {DBSCAN: Optimal Rates For Density-Based Cluster Estimation},
  volume = {20},
  year = {2019}
}

@article{wang2019efficient,
  author = {Wang, HaiYing},
  journal = {Journal of Machine Learning Research},
  note = {\url{http://jmlr.org/papers/v20/18-596.html}},
  number = {132},
  openalex = {W2975245449},
  pages = {1--59},
  title = {More Efficient Estimation for Logistic Regression with Optimal Subsamples},
  volume = {20},
  year = {2019}
}

@article{wang2019robust,
  author = {Wang, Wen Wu and Yu, Ping and Lin, Lu and Tong, Tiejun},
  journal = {Journal of Machine Learning Research},
  note = {\url{http://jmlr.org/papers/v20/17-340.html}},
  number = {60},
  openalex = {W2946302343},
  pages = {1--49},
  title = {Robust Estimation of Derivatives Using Locally Weighted Least Absolute Deviation Regression},
  volume = {20},
  year = {2019}
}

@article{wang2019scalable,
  author = {Wang, Shusen and Gittens, Alex and Mahoney, Michael W.},
  journal = {Journal of Machine Learning Research},
  note = {\url{http://jmlr.org/papers/v20/17-517.html}},
  number = {12},
  openalex = {W2625793078},
  pages = {1--49},
  title = {Scalable Kernel K-Means Clustering with Nystrom Approximation: Relative-Error Bounds},
  volume = {20},
  year = {2019}
}

@article{wang2019two,
  author = {Wang, Jie and Zhang, Zhanqiu and Ye, Jieping},
  journal = {Journal of Machine Learning Research},
  note = {\url{http://jmlr.org/papers/v20/16-383.html}},
  number = {163},
  openalex = {W2998262940},
  pages = {1--42},
  title = {Two-Layer Feature Reduction for Sparse-Group Lasso via Decomposition of Convex Sets},
  volume = {20},
  year = {2019}
}

@article{wang2019utilizing,
  author = {Wang, Jialei and Zhang, Tong},
  journal = {Journal of Machine Learning Research},
  note = {\url{http://jmlr.org/papers/v20/17-594.html}},
  number = {42},
  openalex = {W2935410731},
  pages = {1--56},
  title = {Utilizing Second Order Information in Minibatch Stochastic Variance Reduced Proximal Iterations},
  volume = {20},
  year = {2019}
}

@article{weissbrod2019maximum,
  author = {Weissbrod, Omer and Kaufman, Shachar and Golan, David E. and Rosset, Saharon},
  journal = {Journal of Machine Learning Research},
  note = {\url{http://jmlr.org/papers/v20/18-298.html}},
  number = {108},
  openalex = {W2804119583},
  pages = {1--30},
  title = {Maximum Likelihood for Gaussian Process Classification and Generalized Linear Mixed Models under Case-Control Sampling},
  volume = {20},
  year = {2019}
}

@article{wu2019dependent,
  author = {Wu, Anqi and Koyejo, Oluwasanmi and Pillow, Jonathan W.},
  journal = {Journal of Machine Learning Research},
  note = {\url{http://jmlr.org/papers/v20/17-757.html}},
  number = {89},
  openalex = {W2963038403},
  pages = {1--43},
  title = {Dependent relevance determination for smooth and structured sparse regression},
  volume = {20},
  year = {2019}
}

@article{xia2019sup,
  author = {Xia, Dong and Zhou, Fan},
  journal = {Journal of Machine Learning Research},
  note = {\url{http://jmlr.org/papers/v20/17-397.html}},
  number = {61},
  openalex = {W2907863856},
  pages = {1--42},
  title = {The Sup-norm Perturbation of HOSVD and Low Rank Tensor Denoising},
  volume = {20},
  year = {2019}
}

@article{xiao2019dscovr,
  author = {Xiao, Lin and Yu, Adams Wei and Lin, Qihang and Chen, Weizhu},
  journal = {Journal of Machine Learning Research},
  note = {\url{http://jmlr.org/papers/v20/17-608.html}},
  number = {43},
  openalex = {W2964089856},
  pages = {1--58},
  title = {DSCOVR: Randomized Primal-Dual Block Coordinate Algorithms for Asynchronous Distributed Optimization},
  volume = {20},
  year = {2019}
}

@article{yu2019generalized,
  author = {Yu, Shiqing and Drton, Mathias and Shojaie, Ali},
  journal = {Journal of Machine Learning Research},
  note = {\url{http://jmlr.org/papers/v20/18-278.html}},
  number = {76},
  openalex = {W2908411392},
  pages = {1--70},
  title = {Generalized Score Matching for Non-Negative Data},
  volume = {20},
  year = {2019}
}

@article{zafar2019fairness,
  author = {Zafar, Muhammad Bilal and Valera, Isabel and Gomez-Rodriguez, Manuel and Gummadi, Krishna P.},
  journal = {Journal of Machine Learning Research},
  note = {\url{http://jmlr.org/papers/v20/18-262.html}},
  number = {75},
  openalex = {W2943927551},
  pages = {1--42},
  title = {Fairness Constraints: A Flexible Approach for Fair Classification},
  volume = {20},
  year = {2019}
}

@article{zhang2019embarrassingly,
  author = {Zhang, Michael Minyi and Williamson, Sinead A.},
  journal = {Journal of Machine Learning Research},
  note = {\url{http://jmlr.org/papers/v20/18-374.html}},
  number = {169},
  openalex = {W2998223454},
  pages = {1--26},
  title = {Embarrassingly Parallel Inference for Gaussian Processes},
  volume = {20},
  year = {2019}
}

@article{zhang2019minimal,
  author = {Zhang, Zhenyue and Xia, Yuqing},
  journal = {Journal of Machine Learning Research},
  note = {\url{http://jmlr.org/papers/v20/18-084.html}},
  number = {143},
  openalex = {W2956802405},
  pages = {1--57},
  title = {Minimal Sample Subspace Learning: Theory and Algorithms},
  volume = {20},
  year = {2019}
}

@article{zhang2019relative,
  author = {Zhang, Lijun and Yang, Tianbao and Jin, Rong and Zhou, Zhihua},
  journal = {Journal of Machine Learning Research},
  note = {\url{http://jmlr.org/papers/v20/15-504.html}},
  number = {97},
  openalex = {W2960983841},
  pages = {1--22},
  title = {Relative Error Bound Analysis for Nuclear Norm Regularized Matrix Completion},
  volume = {20},
  year = {2019}
}

@article{zhao2019efficient,
  author = {Zhao, Ying‐Qi and Laber, Eric B. and Ning, Yang and Saha, Sumona and Sands, Bruce E.},
  journal = {Journal of Machine Learning Research},
  note = {\url{http://jmlr.org/papers/v20/18-191.html}},
  number = {48},
  openalex = {W2907213040},
  pages = {1--23},
  title = {Efficient augmentation and relaxation learning for individualized treatment rules using observational data},
  volume = {20},
  year = {2019}
}

@article{zheng2019scalable,
  author = {Zheng, Zemin and Bahadori, Mohammad Taha and Liu, Yan and Lv, Jinchi},
  journal = {Journal of Machine Learning Research},
  note = {\url{http://jmlr.org/papers/v20/18-200.html}},
  number = {107},
  openalex = {W2963767514},
  pages = {1--34},
  title = {Scalable Interpretable Multi-Response Regression via SEED},
  volume = {20},
  year = {2019}
}

@article{zhou2019analysis,
  author = {Zhou, Zhixin and Amini, Arash},
  journal = {Journal of Machine Learning Research},
  note = {\url{http://jmlr.org/papers/v20/18-170.html}},
  number = {47},
  openalex = {W2962947748},
  pages = {1--47},
  title = {Analysis of spectral clustering algorithms for community detection: the general bipartite setting},
  volume = {20},
  year = {2019}
}

@article{zhou2019multi,
  author = {Zhou, Joey Tianyi and Tsang, Ivor W. and Pan, Sinno Jialin and Tan, Mingkui},
  journal = {Journal of Machine Learning Research},
  note = {\url{http://jmlr.org/papers/v20/13-580.html}},
  number = {57},
  openalex = {W2946170651},
  pages = {1--31},
  title = {Multi-class heterogeneous domain adaptation},
  volume = {20},
  year = {2019}
}
