@comment{}

@comment{@article.kobak2020optimal,
  author = {Kobak, Dmitry and Lomond, Jonathan and Sanchez, Benoit},
  title = {The Optimal Ridge Penalty for Real-world High-dimensional Data Can Be Zero or Negative due to the Implicit Ridge Regularization},
  journal = {Journal of Machine Learning Research},
  year = {2020},
  volume = {21},
  number = {169},
  pages = {1--16},
  note = {\url{http://jmlr.org/papers/v21/19-844.html}},
}}}

@article{abbe2020generalized,
  author = {Abbe, Emmanuel and Kulkarni, Sanjeev and Lee, Eun Jee},
  journal = {Journal of Machine Learning Research},
  note = {<http://jmlr.org/papers/v21/18-112.html>},
  number = {31},
  openalex = {W3013608040},
  pages = {1–36},
  title = {Generalized Nonbacktracking Bounds on the Influence},
  volume = {21},
  year = {2020}
}

@article{agrawal2020wide,
  author = {Agrawal, Devanshu and Papamarkou, Theodore and Hinkle, Jacob},
  journal = {Journal of Machine Learning Research},
  note = {<http://jmlr.org/papers/v21/20-017.html>},
  number = {175},
  openalex = {W3086778125},
  pages = {1–66},
  title = {Wide Neural Networks with Bottlenecks are Deep Gaussian Processes},
  volume = {21},
  year = {2020}
}

@article{alatur2020multi,
  author = {Alatur, Pragnya and Levy, Kfir Y. and Krause, Andreas},
  journal = {Journal of Machine Learning Research},
  note = {<http://jmlr.org/papers/v21/19-912.html>},
  number = {77},
  openalex = {W3024642787},
  pages = {1–23},
  title = {Multi-Player Bandits: The Adversarial Case},
  volume = {21},
  year = {2020}
}

@article{alcobaca2020mfe,
  author = {Alcobaça, Edesio and Siqueira, Felipe and Rivolli, Adriano and Garcia, Luís P. F. and Oliva, Jefferson T. and Carvalho, André C. P. L. F.},
  journal = {Journal of Machine Learning Research},
  note = {<http://jmlr.org/papers/v21/19-348.html>},
  number = {111},
  openalex = {W3044965819},
  pages = {1–5},
  title = {MFE: Towards reproducible meta-feature extraction},
  volume = {21},
  year = {2020}
}

@article{alexandrov2020gluonts,
  author = {Alexandrov, Alexander and Benidis, Konstantinos and Bohlke-Schneider, Michael and Flunkert, Valentin and Gasthaus, Jan and Januschowski, Tim and Maddix, Danielle C. and Rangapuram, Syama and Salinas, David and Schulz, Jasper and Stella, Lorenzo and Türkmen, Ali Caner and Wang, Yuyang},
  journal = {Journal of Machine Learning Research},
  note = {<http://jmlr.org/papers/v21/19-820.html>},
  number = {116},
  openalex = {W3042623101},
  pages = {1–6},
  title = {GluonTS: Probabilistic and Neural Time Series Modeling in Python},
  volume = {21},
  year = {2020}
}

@article{almodevarivera2020kernel,
  author = {Almodóvar-Rivera, Israel A. and Maitra, Ranjan},
  journal = {Journal of Machine Learning Research},
  note = {<http://jmlr.org/papers/v21/18-435.html>},
  number = {122},
  openalex = {W3046085002},
  pages = {1–54},
  title = {Kernel-estimated Nonparametric Overlap-Based Syncytial Clustering},
  volume = {21},
  year = {2020}
}

@article{alshedivat2020contextual,
  author = {Al-Shedivat, Maruan and Dubey, Avinava and Xing, Eric},
  journal = {Journal of Machine Learning Research},
  note = {<http://jmlr.org/papers/v21/18-856.html>},
  number = {194},
  pages = {1–44},
  title = {Contextual Explanation Networks},
  volume = {21},
  year = {2020}
}

@article{andreux2020kymatio,
  author = {Andreux, Mathieu and Angles, Tomás and Exarchakis, Georgios and Leonarduzzi, Roberto and Rochette, Gaspar and Thiry, Louis and Zarka, John and Mallat, Stéphane and Andén, Joakim and Belilovsky, Eugene and Bruna, Joan and Lostanlen, Vincent and Chaudhary, Muawiz and Hirn, Matthew J. and Oyallon, Edouard and Zhang, Sixin and Cella, Carmine and Eickenberg, Michael},
  journal = {Journal of Machine Learning Research},
  note = {<http://jmlr.org/papers/v21/19-047.html>},
  number = {60},
  openalex = {W3027138507},
  pages = {1–6},
  title = {Kymatio: Scattering Transforms in Python},
  volume = {21},
  year = {2020}
}

@article{anil2020apache,
  author = {Anil, Robin and Capan, Gokhan and Drost-Fromm, Isabel and Dunning, Ted and Friedman, Ellen and Grant, Trevor and Quinn, Shannon and Ranjan, Paritosh and Schelter, Sebastian and Yılmazel, Özgür},
  journal = {Journal of Machine Learning Research},
  note = {<http://jmlr.org/papers/v21/18-800.html>},
  number = {127},
  openalex = {W3047908100},
  pages = {1–6},
  title = {Apache Mahout: Machine Learning on Distributed Dataflow Systems},
  volume = {21},
  year = {2020}
}

@article{arenz2020trust,
  author = {Arenz, Oleg and Zhong, Mingjun and Neumann, Gerhard},
  journal = {Journal of Machine Learning Research},
  note = {<http://jmlr.org/papers/v21/19-524.html>},
  number = {163},
  openalex = {W3085775742},
  pages = {1–60},
  title = {Trust-Region Variational Inference with Gaussian Mixture Models},
  volume = {21},
  year = {2020}
}

@article{arias2020perturbation,
  author = {Arias-Castro, Ery and Javanmard, Adel and Pelletier, Bruno},
  journal = {Journal of Machine Learning Research},
  note = {<http://jmlr.org/papers/v21/18-720.html>},
  number = {15},
  openalex = {W2896292394},
  pages = {1–37},
  title = {Perturbation Bounds for Procrustes, Classical Scaling, and Trilateration, with Applications to Manifold Learning},
  volume = {21},
  year = {2020}
}

@article{arik2020protoattend,
  author = {Arik, Sercan O. and Pfister, Tomas},
  journal = {Journal of Machine Learning Research},
  note = {<http://jmlr.org/papers/v21/20-042.html>},
  number = {210},
  openalex = {W4288577486},
  pages = {1–35},
  title = {ProtoAttend: Attention-Based Prototypical Learning},
  volume = {21},
  year = {2020}
}

@article{arya2020ai,
  author = {Arya, Vijay and Bellamy, Rachel K. E. and Chen, Pin-Yu and Dhurandhar, Amit and Hind, Michael and Hoffman, Samuel C. and Houde, Stephanie and Liao, Q. Vera and Luss, Ronny and Mojsilović, Aleksandra and Mourad, Sami and Pedemonte, Pablo and Raghavendra, Ramya and Richards, John T. and Sattigeri, Prasanna and Shanmugam, Karthikeyan and Singh, Moninder and Varshney, Kush R. and Wei, Dennis and Zhang, Yunfeng},
  journal = {Journal of Machine Learning Research},
  note = {<http://jmlr.org/papers/v21/19-1035.html>},
  number = {130},
  openalex = {W3048102985},
  pages = {1–6},
  title = {AI Explainability 360: An Extensible Toolkit for Understanding Data and Machine Learning Models},
  volume = {21},
  year = {2020}
}

@article{asadi2020chaining,
  author = {Asadi, Amir R. and Abbe, Emmanuel},
  journal = {Journal of Machine Learning Research},
  note = {<http://jmlr.org/papers/v21/19-794.html>},
  number = {139},
  openalex = {W3081982129},
  pages = {1–32},
  title = {Chaining Meets Chain Rule: Multilevel Entropic Regularization and Training of Neural Networks},
  volume = {21},
  year = {2020}
}

@article{ashraphijuo2020union,
  author = {Ashraphijuo, Morteza and Wang, Xiaodong},
  journal = {Journal of Machine Learning Research},
  note = {<http://jmlr.org/papers/v21/19-347.html>},
  number = {69},
  openalex = {W3026653732},
  pages = {1–36},
  title = {Union of Low-Rank Tensor Spaces: Clustering and Completion},
  volume = {21},
  year = {2020}
}

@article{azaïs2020weight,
  author = {Azaïs, Romain and Ingels, Florian},
  journal = {Journal of Machine Learning Research},
  note = {<http://jmlr.org/papers/v21/19-290.html>},
  number = {67},
  openalex = {W2936284547},
  pages = {1–36},
  title = {The Weight Function in the Subtree Kernel is Decisive},
  volume = {21},
  year = {2020}
}

@article{bacciu2020probabilistic,
  author = {Bacciu, Davide and Errica, Federico and Micheli, Alessio},
  journal = {Journal of Machine Learning Research},
  note = {<http://jmlr.org/papers/v21/19-470.html>},
  number = {134},
  openalex = {W3047991353},
  pages = {1–39},
  title = {Probabilistic Learning on Graphs via Contextual Architectures},
  volume = {21},
  year = {2020}
}

@article{bacry2020sparse,
  author = {Bacry, Emmanuel and Bompaire, Martin and Gaïffas, Stéphane and Muzy, Jean-Francois},
  journal = {Journal of Machine Learning Research},
  note = {<http://jmlr.org/papers/v21/15-114.html>},
  number = {50},
  openalex = {W3027795164},
  pages = {1–32},
  title = {Sparse and low-rank multivariate Hawkes processes},
  volume = {21},
  year = {2020}
}

@article{bahmani2020convex,
  author = {Bahmani, Sohail and Romberg, Justin},
  journal = {Journal of Machine Learning Research},
  note = {<http://jmlr.org/papers/v21/19-723.html>},
  number = {235},
  openalex = {W2970505641},
  pages = {1–20},
  title = {Convex Programming for Estimation in Nonlinear Recurrent Models},
  volume = {21},
  year = {2020}
}

@article{bargiacchi2020aitoolbox,
  author = {Bargiacchi, Eugenio and Roijers, Diederik M. and Nowé, Ann},
  journal = {Journal of Machine Learning Research},
  note = {<http://jmlr.org/papers/v21/18-402.html>},
  number = {102},
  openalex = {W3045084777},
  pages = {1–12},
  title = {AI-toolbox: A C++ library for reinforcement learning and planning (with Python Bindings)},
  volume = {21},
  year = {2020}
}

@article{barnes2020lower,
  author = {Barnes, Leighton Pate and Han, Yanjun and Ozgur, Ayfer},
  journal = {Journal of Machine Learning Research},
  note = {<http://jmlr.org/papers/v21/19-737.html>},
  number = {236},
  openalex = {W4288598403},
  pages = {1–30},
  title = {Lower Bounds for Learning Distributions under Communication Constraints via Fisher Information},
  volume = {21},
  year = {2020}
}

@article{bartels2020kernel,
  author = {Bartels, Simon and Hennig, Philipp},
  journal = {Journal of Machine Learning Research},
  note = {<http://jmlr.org/papers/v21/18-473.html>},
  number = {55},
  pages = {1–42},
  title = {Kernel conjugate gradient for fast kernel machines},
  volume = {21},
  year = {2020}
}

@article{bassily2020practical,
  author = {Bassily, Raef and Nissim, Kobbi and Stemmer, Uri and Thakurta, Abhradeep},
  journal = {Journal of Machine Learning Research},
  note = {<http://jmlr.org/papers/v21/18-786.html>},
  number = {16},
  openalex = {W2963849169},
  pages = {1–42},
  title = {Practical Locally Private Heavy Hitters},
  volume = {21},
  year = {2020}
}

@article{belchi2020numerical,
  author = {Belchi, Francisco and Brodzki, Jacek and Burfitt, Matthew and Niranjan, Mahesan},
  journal = {Journal of Machine Learning Research},
  note = {<http://jmlr.org/papers/v21/19-540.html>},
  number = {202},
  openalex = {W2948336192},
  pages = {1–45},
  title = {A numerical measure of the instability of Mapper-type algorithms},
  volume = {21},
  year = {2020}
}

@article{belhadji2020determinantal,
  author = {Belhadji, Ayoub and Bardenet, Rémi and Chainais, Pierre},
  journal = {Journal of Machine Learning Research},
  note = {<http://jmlr.org/papers/v21/19-080.html>},
  number = {197},
  openalex = {W2905635580},
  pages = {1–62},
  title = {A determinantal point process for column subset selection},
  volume = {21},
  year = {2020}
}

@article{belotto2020general,
  author = {Belotto da Silva, Andre and Gazeau, Maxime},
  journal = {Journal of Machine Learning Research},
  note = {<http://jmlr.org/papers/v21/18-808.html>},
  number = {129},
  openalex = {W2898640938},
  pages = {1–42},
  title = {A general system of differential equations to model first order adaptive algorithms.},
  volume = {21},
  year = {2020}
}

@article{berrendero2020mahalanobis,
  author = {Berrendero, José R. and Bueno-Larraz, Beatriz and Cuevas, Antonio},
  journal = {Journal of Machine Learning Research},
  note = {<http://jmlr.org/papers/v21/18-156.html>},
  number = {9},
  openalex = {W3008164074},
  pages = {1–33},
  title = {On Mahalanobis Distance in Functional Settings},
  volume = {21},
  year = {2020}
}

@article{bertsimas2020fast,
  author = {Bertsimas, Dimitris and Li, Michael Lingzhi},
  journal = {Journal of Machine Learning Research},
  note = {<http://jmlr.org/papers/v21/19-471.html>},
  number = {231},
  openalex = {W4288090868},
  pages = {1–43},
  title = {Fast Exact Matrix Completion: A Unified Optimization Framework for Matrix Completion},
  volume = {21},
  year = {2020}
}

@article{bertsimas2020stable,
  author = {Bertsimas, Dimitris and Paskov, Ivan},
  journal = {Journal of Machine Learning Research},
  note = {<http://jmlr.org/papers/v21/19-408.html>},
  number = {230},
  openalex = {W3116763499},
  pages = {1–25},
  title = {Stable Regression: On the Power of Optimization over Randomization},
  volume = {21},
  year = {2020}
}

@article{bezakova2020lower,
  author = {Bezáková, Ivona and Blanca, Antonio and Chen, Zongchen and Štefankovič, Daniel and Vigoda, Eric},
  journal = {Journal of Machine Learning Research},
  note = {<http://jmlr.org/papers/v21/19-580.html>},
  number = {25},
  openalex = {W3009206948},
  pages = {1–62},
  title = {Lower bounds for testing graphical models: colorings and antiferromagnetic Ising models},
  volume = {21},
  year = {2020}
}

@article{bhattacharjee2020change,
  author = {Bhattacharjee, Monika and Banerjee, Moulinath and Michailidis, George},
  journal = {Journal of Machine Learning Research},
  note = {<http://jmlr.org/papers/v21/18-814.html>},
  number = {107},
  openalex = {W2904319319},
  pages = {1–59},
  title = {Change Point Estimation in a Dynamic Stochastic Block Model},
  volume = {21},
  year = {2020}
}

@article{bilgrau2020targeted,
  author = {Bilgrau, Anders Ellern and Peeters, Carel F.W. and Eriksen, Poul Svante and Boegsted, Martin and van Wieringen, Wessel N.},
  journal = {Journal of Machine Learning Research},
  note = {<http://jmlr.org/papers/v21/15-509.html>},
  number = {26},
  openalex = {W3013631797},
  pages = {1–52},
  title = {Targeted Fused Ridge Estimation of Inverse Covariance Matrices from Multiple High-Dimensional Data Classes},
  volume = {21},
  year = {2020}
}

@article{binette2020bayesian,
  author = {Binette, Olivier and Pati, Debdeep and Dunson, David B.},
  journal = {Journal of Machine Learning Research},
  note = {<http://jmlr.org/papers/v21/13-233.html>},
  number = {119},
  openalex = {W3081792483},
  pages = {1–26},
  title = {Bayesian Closed Surface Fitting Through Tensor Products},
  volume = {21},
  year = {2020}
}

@article{bing2020optimal,
  author = {Bing, Xin and Bunea, Florentina and Wegkamp, Marten},
  journal = {Journal of Machine Learning Research},
  note = {<http://jmlr.org/papers/v21/20-079.html>},
  number = {177},
  openalex = {W3085197375},
  pages = {1–45},
  title = {Optimal estimation of sparse topic models},
  volume = {21},
  year = {2020}
}

@article{binois2020kalai,
  author = {Binois, Mickael and Picheny, Victor and Taillandier, Patrick and Habbal, Abderrahmane},
  journal = {Journal of Machine Learning Research},
  note = {<http://jmlr.org/papers/v21/18-212.html>},
  number = {150},
  openalex = {W3086334476},
  pages = {1–42},
  title = {The Kalai-Smorodinsky solution for many-objective Bayesian optimization},
  volume = {21},
  year = {2020}
}

@article{blanco2020on,
  author = {Blanco, Victor and Puerto, Justo and Rodriguez-Chia, Antonio M.},
  journal = {Journal of Machine Learning Research},
  note = {<http://jmlr.org/papers/v21/18-601.html>},
  number = {14},
  openalex = {W3008629075},
  pages = {1–29},
  title = {On lp-Support Vector Machines and Multidimensional Kernels},
  volume = {21},
  year = {2020}
}

@article{bloemreddy2020probabilistic,
  author = {Bloem-Reddy, Benjamin and Teh, Yee Whye},
  journal = {Journal of Machine Learning Research},
  note = {<http://jmlr.org/papers/v21/19-322.html>},
  number = {90},
  openalex = {W2909878113},
  pages = {1–61},
  title = {Probabilistic symmetries and invariant neural networks},
  volume = {21},
  year = {2020}
}

@article{blondel2020learning,
  author = {Blondel, Mathieu and Martins, André F.T. and Niculae, Vlad},
  journal = {Journal of Machine Learning Research},
  note = {<http://jmlr.org/papers/v21/19-021.html>},
  number = {35},
  openalex = {W3010898928},
  pages = {1–69},
  title = {Learning with Fenchel-Young losses},
  volume = {21},
  year = {2020}
}

@article{blum2020random,
  author = {Blum, Avrim and Dick, Travis and Manoj, Naren and Zhang, Hongyang},
  journal = {Journal of Machine Learning Research},
  note = {<http://jmlr.org/papers/v21/20-209.html>},
  number = {211},
  pages = {1–21},
  title = {Random Smoothing Might be Unable to Certify ℓ_∞ Robustness for High-Dimensional Images},
  volume = {21},
  year = {2020}
}

@article{bonald2020scikit,
  author = {Bonald, Thomas and de Lara, Nathan and Lutz, Quentin and Charpentier, Bertrand},
  journal = {Journal of Machine Learning Research},
  note = {<http://jmlr.org/papers/v21/20-412.html>},
  number = {185},
  openalex = {W3081835719},
  pages = {1–6},
  title = {Scikit-Network: Graph Analysis in Python},
  volume = {21},
  year = {2020}
}

@article{borisyak2020classification,
  author = {Borisyak, Maxim and Ryzhikov, Artem and Ustyuzhanin, Andrey and Derkach, Denis and Ratnikov, Fedor and Mineeva, Olga},
  journal = {Journal of Machine Learning Research},
  note = {<http://jmlr.org/papers/v21/19-514.html>},
  number = {72},
  openalex = {W3028082542},
  pages = {1–22},
  title = {(1 + epsilon)-class Classification: an Anomaly Detection Method for Highly Imbalanced or Incomplete Data Sets},
  volume = {21},
  year = {2020}
}

@article{bunel2020branch,
  author = {Bunel, Rudy and Lu, Jingyue and Turkaslan, Ilker and Torr, Philip H.S. and Kohli, Pushmeet and Kumar, M. Pawan},
  journal = {Journal of Machine Learning Research},
  note = {<http://jmlr.org/papers/v21/19-468.html>},
  number = {42},
  openalex = {W3012981624},
  pages = {1–39},
  title = {Branch and Bound for Piecewise Linear Neural Network Verification},
  volume = {21},
  year = {2020}
}

@article{burt2020convergence,
  author = {Burt, David R. and Rasmussen, Carl Edward and Wilk, Mark van der},
  journal = {Journal of Machine Learning Research},
  note = {<http://jmlr.org/papers/v21/19-1015.html>},
  number = {131},
  openalex = {W4287697272},
  pages = {1–63},
  title = {Convergence of Sparse Variational Inference in Gaussian Processes Regression},
  volume = {21},
  year = {2020}
}

@article{cai2020online,
  author = {Cai, Zhanrui and Li, Runze and Zhu, Liping},
  journal = {Journal of Machine Learning Research},
  note = {<http://jmlr.org/papers/v21/18-567.html>},
  number = {10},
  pages = {1–25},
  title = {Online sufficient dimension reduction through sliced inverse regression},
  volume = {21},
  year = {2020}
}

@article{cai2020weighted,
  author = {Cai, T. Tony and Liang, Tengyuan and Rakhlin, Alexander},
  journal = {Journal of Machine Learning Research},
  note = {<http://jmlr.org/papers/v21/18-573.html>},
  number = {11},
  openalex = {W4302028899},
  pages = {1–34},
  title = {Weighted Message Passing and Minimum Energy Flow for Heterogeneous Stochastic Block Models with Side Information},
  volume = {21},
  year = {2020}
}

@article{cevid2020spectral,
  author = {Ćevid, Domagoj and Bühlmann, Peter and Meinshausen, Nicolai},
  journal = {Journal of Machine Learning Research},
  note = {<http://jmlr.org/papers/v21/19-545.html>},
  number = {232},
  openalex = {W3117548431},
  pages = {1–41},
  title = {Spectral Deconfounding via Perturbed Sparse Linear Models},
  volume = {21},
  year = {2020}
}

@article{chamakh2020orlicz,
  author = {Chamakh, Linda and Gobet, Emmanuel and Szabó, Zoltán},
  journal = {Journal of Machine Learning Research},
  note = {<http://jmlr.org/papers/v21/19-1031.html>},
  number = {145},
  openalex = {W3082346782},
  pages = {1–37},
  title = {Orlicz Random Fourier Features},
  volume = {21},
  year = {2020}
}

@article{chen2020distributed,
  author = {Chen, Xi and Liu, Weidong and Mao, Xiaojun and Yang, Zhuoyi},
  journal = {Journal of Machine Learning Research},
  note = {<http://jmlr.org/papers/v21/20-297.html>},
  number = {182},
  openalex = {W3086394069},
  pages = {1–43},
  title = {Distributed High-Dimensional Regression Under a Quantile Loss Function},
  volume = {21},
  year = {2020}
}

@article{chen2020dynamic,
  author = {Chen, Xi and Wang, Yining and Zhou, Yuan},
  journal = {Journal of Machine Learning Research},
  note = {<http://jmlr.org/papers/v21/19-1054.html>},
  number = {216},
  openalex = {W2898644698},
  pages = {1–44},
  title = {Dynamic Assortment Optimization with Changing Contextual Information},
  volume = {21},
  year = {2020}
}

@article{chen2020fast,
  author = {Chen, Yuansi and Dwivedi, Raaz and Wainwright, Martin J. and Yu, Bin},
  journal = {Journal of Machine Learning Research},
  note = {<http://jmlr.org/papers/v21/19-441.html>},
  number = {92},
  openalex = {W3038331852},
  pages = {1–72},
  title = {Fast mixing of Metropolized Hamiltonian Monte Carlo: Benefits of multi-step gradients},
  volume = {21},
  year = {2020}
}

@article{chen2020group,
  author = {Chen, Shuxiao and Dobriban, Edgar and Lee, Jane H.},
  journal = {Journal of Machine Learning Research},
  note = {<http://jmlr.org/papers/v21/20-163.html>},
  number = {245},
  openalex = {W3023215041},
  pages = {1–71},
  title = {A Group-Theoretic Framework for Data Augmentation},
  volume = {21},
  year = {2020}
}

@article{chen2020stationary,
  author = {Chen, Xi and Du, Simon S. and Tong, Xin T.},
  journal = {Journal of Machine Learning Research},
  note = {<http://jmlr.org/papers/v21/19-327.html>},
  number = {68},
  openalex = {W3028236308},
  pages = {1–41},
  title = {On Stationary-Point Hitting Time and Ergodicity of Stochastic Gradient Langevin Dynamics},
  volume = {21},
  year = {2020}
}

@article{chi2020provable,
  author = {Chi, Eric C. and Gaines, Brian J. and Sun, Will Wei and Zhou, Hua and Yang, Jian},
  journal = {Journal of Machine Learning Research},
  note = {<http://jmlr.org/papers/v21/18-155.html>},
  number = {214},
  openalex = {W3097519197},
  pages = {1–58},
  title = {Provable Convex Co-clustering of Tensors.},
  volume = {21},
  year = {2020}
}

@article{chinot2020robust,
  author = {Chinot, Geoffrey and Lecué, Guillaume and Lerasle, Matthieu},
  journal = {Journal of Machine Learning Research},
  note = {<http://jmlr.org/papers/v21/19-585.html>},
  number = {233},
  openalex = {W3117526597},
  pages = {1–47},
  title = {Robust high dimensional learning for Lipschitz and convex losses},
  volume = {21},
  year = {2020}
}

@article{christiansen2020switching,
  author = {Christiansen, Rune and Peters, Jonas},
  journal = {Journal of Machine Learning Research},
  note = {<http://jmlr.org/papers/v21/19-407.html>},
  number = {41},
  openalex = {W3013079341},
  pages = {1–46},
  title = {Switching Regression Models and Causal Inference in the Presence of Discrete Latent Variables},
  volume = {21},
  year = {2020}
}

@article{ciliberto2020general,
  author = {Ciliberto, Carlo and Rosasco, Lorenzo and Rudi, Alessandro},
  journal = {Journal of Machine Learning Research},
  note = {<http://jmlr.org/papers/v21/20-097.html>},
  number = {98},
  openalex = {W3040340324},
  pages = {1–67},
  title = {A General Framework for Consistent Structured Prediction with Implicit Loss Embeddings},
  volume = {21},
  year = {2020}
}

@article{ciosek2020expected,
  author = {Ciosek, Kamil and Whiteson, Shimon},
  journal = {Journal of Machine Learning Research},
  note = {<http://jmlr.org/papers/v21/18-012.html>},
  number = {52},
  openalex = {W2783932892},
  pages = {1–51},
  title = {Expected Policy Gradients for Reinforcement Learning},
  volume = {21},
  year = {2020}
}

@article{colbert2020convex,
  author = {Colbert, Brendon K. and Peet, Matthew M.},
  journal = {Journal of Machine Learning Research},
  note = {<http://jmlr.org/papers/v21/19-594.html>},
  number = {45},
  openalex = {W3013114425},
  pages = {1–29},
  title = {A convex parametrization of a new class of universal kernel functions},
  volume = {21},
  year = {2020}
}

@article{cruz2020deslib,
  author = {Cruz, Rafael M. O. and Hafemann, Luiz G. and Sabourin, Robert and Cavalcanti, George D. C.},
  journal = {Journal of Machine Learning Research},
  note = {<http://jmlr.org/papers/v21/18-144.html>},
  number = {8},
  openalex = {W3008399030},
  pages = {1–5},
  title = {DESlib: A Dynamic ensemble selection library in Python},
  volume = {21},
  year = {2020}
}

@article{cucuringu2020provably,
  author = {Cucuringu, Mihai and Tyagi, Hemant},
  journal = {Journal of Machine Learning Research},
  note = {<http://jmlr.org/papers/v21/18-143.html>},
  number = {32},
  openalex = {W2794212473},
  pages = {1–77},
  title = {Provably robust estimation of modulo 1 samples of a smooth function with applications to phase unwrapping},
  volume = {21},
  year = {2020}
}

@article{davanloo2020theoretical,
  author = {Davanloo Tajbakhsh, Sam and Aybat, Necdet Serhat and Del Castillo, Enrique},
  journal = {Journal of Machine Learning Research},
  note = {<http://jmlr.org/papers/v21/14-241.html>},
  number = {217},
  openalex = {W3004439449},
  pages = {1–41},
  title = {On the Theoretical Guarantees for Parameter Estimation of Gaussian Random Field Models: A Sparse Precision Matrix Approach},
  volume = {21},
  year = {2020}
}

@article{de2020learning,
  author = {De, Anindya and Long, Philip M. and Servedio, Rocco A.},
  journal = {Journal of Machine Learning Research},
  note = {<http://jmlr.org/papers/v21/18-531.html>},
  number = {221},
  openalex = {W2963009416},
  pages = {1–79},
  title = {Learning Sums of Independent Random Variables with Sparse Collective Support},
  volume = {21},
  year = {2020}
}

@article{devijver2020prediction,
  author = {Devijver, Emilie and Perthame, Emeline},
  journal = {Journal of Machine Learning Research},
  note = {<http://jmlr.org/papers/v21/19-535.html>},
  number = {113},
  openalex = {W2867982072},
  pages = {1–24},
  title = {Prediction regions through Inverse Regression},
  volume = {21},
  year = {2020}
}

@article{diakonikolas2020lower,
  author = {Diakonikolas, Jelena and Guzmán, Cristóbal},
  journal = {Journal of Machine Learning Research},
  note = {<http://jmlr.org/papers/v21/19-771.html>},
  number = {5},
  openalex = {W2966660223},
  pages = {1–31},
  title = {Lower Bounds for Parallel and Randomized Convex Optimization},
  volume = {21},
  year = {2020}
}

@article{dobriban2020wonder,
  author = {Dobriban, Edgar and Sheng, Yue},
  journal = {Journal of Machine Learning Research},
  note = {<http://jmlr.org/papers/v21/19-277.html>},
  number = {66},
  openalex = {W3027670001},
  pages = {1–52},
  title = {WONDER: Weighted One-shot Distributed Ridge Regression in High Dimensions},
  volume = {21},
  year = {2020}
}

@article{duan2020latent,
  author = {Duan, Leo L.},
  journal = {Journal of Machine Learning Research},
  note = {<http://jmlr.org/papers/v21/19-239.html>},
  number = {38},
  openalex = {W2922708282},
  pages = {1–25},
  title = {Latent Simplex Position Model: High Dimensional Multi-view Clustering with Uncertainty Quantification},
  volume = {21},
  year = {2020}
}

@article{eisenach2020high,
  author = {Eisenach, Carson and Bunea, Florentina and Ning, Yang and Dinicu, Claudiu},
  journal = {Journal of Machine Learning Research},
  note = {<http://jmlr.org/papers/v21/18-357.html>},
  number = {53},
  openalex = {W2808616863},
  pages = {1–55},
  title = {High-Dimensional Inference for Cluster-Based Graphical Models},
  volume = {21},
  year = {2020}
}

@article{eldardiry2020ensemble,
  author = {Eldardiry, Hoda and Neville, Jennifer and Rossi, Ryan A.},
  journal = {Journal of Machine Learning Research},
  note = {<http://jmlr.org/papers/v21/14-368.html>},
  number = {49},
  openalex = {W3028284342},
  pages = {1–37},
  title = {Ensemble Learning for Relational Data},
  volume = {21},
  year = {2020}
}

@article{elgabli2020gadmm,
  author = {Elgabli, Anis and Park, Jihong and Bedi, Amrit S. and Bennis, Mehdi and Aggarwal, Vaneet},
  journal = {Journal of Machine Learning Research},
  note = {<http://jmlr.org/papers/v21/19-718.html>},
  number = {76},
  openalex = {W2971667645},
  pages = {1–39},
  title = {GADMM: Fast and Communication Efficient Framework for Distributed Machine Learning},
  volume = {21},
  year = {2020}
}

@article{elman2020noise,
  author = {Elman, Miriam R. and Minnier, Jessica and Chang, Xiaohui and Choi, Dongseok},
  journal = {Journal of Machine Learning Research},
  note = {<http://jmlr.org/papers/v21/19-117.html>},
  number = {36},
  openalex = {W3015544418},
  pages = {1–23},
  title = {Noise Accumulation in High Dimensional Classification and Total Signal Index},
  volume = {21},
  year = {2020}
}

@article{engelhardt2020dynamic,
  author = {Engelhardt, Dalit},
  journal = {Journal of Machine Learning Research},
  note = {<http://jmlr.org/papers/v21/19-546.html>},
  number = {203},
  openalex = {W4288406763},
  pages = {1–30},
  title = {Dynamic Control of Stochastic Evolution: A Deep Reinforcement Learning Approach to Adaptively Targeting Emergent Drug Resistance},
  volume = {21},
  year = {2020}
}

@article{faouzi2020pyts,
  author = {Faouzi, Johann and Janati, Hicham},
  journal = {Journal of Machine Learning Research},
  note = {<http://jmlr.org/papers/v21/19-763.html>},
  number = {46},
  openalex = {W3014052783},
  pages = {1–6},
  title = {pyts: A Python Package for Time Series Classification},
  volume = {21},
  year = {2020}
}

@article{fattahi2020exact,
  author = {Fattahi, Salar and Sojoudi, Somayeh},
  journal = {Journal of Machine Learning Research},
  note = {<http://jmlr.org/papers/v21/18-884.html>},
  number = {59},
  openalex = {W3027190643},
  pages = {1–51},
  title = {Exact Guarantees on the Absence of Spurious Local Minima for Non-negative Rank-1 Robust Principal Component Analysis},
  volume = {21},
  year = {2020}
}

@article{fehrman2020convergence,
  author = {Fehrman, Benjamin and Gess, Benjamin and Jentzen, Arnulf},
  journal = {Journal of Machine Learning Research},
  note = {<http://jmlr.org/papers/v21/19-636.html>},
  number = {136},
  openalex = {W3057525668},
  pages = {1–48},
  title = {Convergence rates for the stochastic gradient descent method for non-convex objective functions},
  volume = {21},
  year = {2020}
}

@article{feng2020statistical,
  author = {Feng, Yunlong and Fan, Jun and Suykens, Johan A.K.},
  journal = {Journal of Machine Learning Research},
  note = {<http://jmlr.org/papers/v21/17-068.html>},
  number = {2},
  openalex = {W3007928625},
  pages = {1–35},
  title = {A Statistical Learning Approach to Modal Regression},
  volume = {21},
  year = {2020}
}

@article{fischer2020sobolev,
  author = {Fischer, Simon and Steinwart, Ingo},
  journal = {Journal of Machine Learning Research},
  note = {<http://jmlr.org/papers/v21/19-734.html>},
  number = {205},
  openalex = {W2594326342},
  pages = {1–38},
  title = {Sobolev Norm Learning Rates for Regularized Least-Squares Algorithm},
  volume = {21},
  year = {2020}
}

@article{frongillo2020memoryless,
  author = {Frongillo, Rafael and Nobel, Andrew},
  journal = {Journal of Machine Learning Research},
  note = {<http://jmlr.org/papers/v21/18-042.html>},
  number = {80},
  openalex = {W3038737518},
  pages = {1–28},
  title = {Memoryless Sequences for General Losses},
  volume = {21},
  year = {2020}
}

@article{gao2020generative,
  author = {Gao, Chao and Yao, Yuan and Zhu, Weizhi},
  journal = {Journal of Machine Learning Research},
  note = {<http://jmlr.org/papers/v21/19-462.html>},
  number = {160},
  openalex = {W2920287530},
  pages = {1–48},
  title = {Generative Adversarial Nets for Robust Scatter Estimation: A Proper Scoring Rule Perspective},
  volume = {21},
  year = {2020}
}

@article{garcia2020consistency,
  author = {Garcia Trillos, Nicolas and Kaplan, Zachary and Samakhoana, Thabo and Sanz-Alonso, Daniel},
  journal = {Journal of Machine Learning Research},
  note = {<http://jmlr.org/papers/v21/17-698.html>},
  number = {28},
  openalex = {W3013644691},
  pages = {1–47},
  title = {On the consistency of graph-based Bayesian semi-supervised learning and the scalability of sampling algorithms},
  volume = {21},
  year = {2020}
}

@article{gassiat2020identifiability,
  author = {Gassiat, Elisabeth and Le Corff, Sylvain and Lehéricy, Luc},
  journal = {Journal of Machine Learning Research},
  note = {<http://jmlr.org/papers/v21/19-802.html>},
  number = {115},
  openalex = {W2912223888},
  pages = {1–40},
  title = {Identifiability and consistent estimation of nonparametric translation hidden Markov models with general state space},
  volume = {21},
  year = {2020}
}

@article{gonon2020risk,
  author = {Gonon, Lukas and Grigoryeva, Lyudmila and Ortega, Juan-Pablo},
  journal = {Journal of Machine Learning Research},
  note = {<http://jmlr.org/papers/v21/19-902.html>},
  number = {240},
  openalex = {W2982551457},
  pages = {1–61},
  title = {Risk bounds for reservoir computing},
  volume = {21},
  year = {2020}
}

@article{gorgen2020model,
  author = {Görgen, Christiane and Leonelli, Manuele},
  journal = {Journal of Machine Learning Research},
  note = {<http://jmlr.org/papers/v21/18-668.html>},
  number = {84},
  openalex = {W3039897977},
  pages = {1–32},
  title = {Model-Preserving Sensitivity Analysis for Families of Gaussian Distributions},
  volume = {21},
  year = {2020}
}

@article{grunwald2020fast,
  author = {Grünwald, Peter D. and Mehta, Nishant A.},
  journal = {Journal of Machine Learning Research},
  note = {<http://jmlr.org/papers/v21/18-488.html>},
  number = {56},
  openalex = {W3027700053},
  pages = {1–80},
  title = {Fast Rates for General Unbounded Loss Functions: From ERM to Generalized Bayes},
  volume = {21},
  year = {2020}
}

@article{gu2020generalized,
  author = {Gu, Mengyang and Shen, Weining},
  journal = {Journal of Machine Learning Research},
  note = {<http://jmlr.org/papers/v21/18-595.html>},
  number = {13},
  openalex = {W3008242931},
  pages = {1–41},
  title = {Generalized probabilistic principal component analysis of correlated data},
  volume = {21},
  year = {2020}
}

@article{gu2020learning,
  author = {Gu, Jiaying and Zhou, Qing},
  journal = {Journal of Machine Learning Research},
  note = {<http://jmlr.org/papers/v21/19-318.html>},
  number = {158},
  openalex = {W2941343371},
  pages = {1–31},
  title = {Learning big Gaussian Bayesian networks: partition, estimation, and fusion},
  volume = {21},
  year = {2020}
}

@article{gu2020unified,
  author = {Gu, Bin and Xian, Wenhan and Huo, Zhouyuan and Deng, Cheng and Huang, Heng},
  journal = {Journal of Machine Learning Research},
  note = {<http://jmlr.org/papers/v21/18-434.html>},
  number = {190},
  openalex = {W3095726154},
  pages = {1–53},
  title = {A Unified q-Memorization Framework for Asynchronous Stochastic Optimization},
  volume = {21},
  year = {2020}
}

@article{guha2020quantile,
  author = {Guha, Nilabja and Baladandayuthapani, Veera and Mallick, Bani K.},
  journal = {Journal of Machine Learning Research},
  note = {<http://jmlr.org/papers/v21/17-231.html>},
  number = {79},
  openalex = {W3082831675},
  pages = {1–47},
  title = {Quantile Graphical Models: Bayesian Approaches.},
  volume = {21},
  year = {2020}
}

@article{guo2020distributed,
  author = {Guo, Xin and Hu, Ting and Wu, Qiang},
  journal = {Journal of Machine Learning Research},
  note = {<http://jmlr.org/papers/v21/18-696.html>},
  number = {126},
  openalex = {W3082936827},
  pages = {1–31},
  title = {Distributed Minimum Error Entropy Algorithms},
  volume = {21},
  year = {2020}
}

@article{guo2020gluoncv,
  author = {Guo, Jian and He, He and He, Tong and Lausen, Leonard and Li, Mu and Lin, Haibin and Shi, Xingjian and Wang, Chenguang and Xie, Junyuan and Zha, Sheng and Zhang, Aston and Zhang, Hang and Zhang, Zhi and Zheng, Yi},
  journal = {Journal of Machine Learning Research},
  note = {<http://jmlr.org/papers/v21/19-429.html>},
  number = {23},
  openalex = {W2956612537},
  pages = {1–7},
  title = {GluonCV and GluonNLP: Deep Learning in Computer Vision and Natural Language Processing},
  volume = {21},
  year = {2020}
}

@article{haider2020effective,
  author = {Haider, Humza and Hoehn, Bret and Davis, Sarah and Greiner, Russell},
  journal = {Journal of Machine Learning Research},
  note = {<http://jmlr.org/papers/v21/18-772.html>},
  number = {85},
  openalex = {W4289242645},
  pages = {1–63},
  title = {Effective Ways to Build and Evaluate Individual Survival Distributions},
  volume = {21},
  year = {2020}
}

@article{hamalainen2020minimal,
  author = {Hämäläinen, Joonas and Alencar, Alisson S. C. and Kärkkäinen, Tommi and Mattos, César L. C. and Souza Júnior, Amauri H. and Gomes, João P. P.},
  journal = {Journal of Machine Learning Research},
  note = {<http://jmlr.org/papers/v21/19-786.html>},
  number = {239},
  openalex = {W3113987434},
  pages = {1–29},
  title = {Minimal Learning Machine: Theoretical Results and Clustering-Based Reference Point Selection},
  volume = {21},
  year = {2020}
}

@article{hashimoto2020krylov,
  author = {Hashimoto, Yuka and Ishikawa, Isao and Ikeda, Masahiro and Matsuo, Yoichi and Kawahara, Yoshinobu},
  journal = {Journal of Machine Learning Research},
  note = {<http://jmlr.org/papers/v21/19-993.html>},
  number = {172},
  openalex = {W3085597701},
  pages = {1–29},
  title = {Krylov Subspace Method for Nonlinear Dynamical Systems with Random Noise},
  volume = {21},
  year = {2020}
}

@article{he2020functional,
  author = {He, Baihua and Liu, Yanyan and Wu, Yuanshan and Yin, Guosheng and Zhao, Xingqiu},
  journal = {Journal of Machine Learning Research},
  note = {<http://jmlr.org/papers/v21/19-829.html>},
  number = {207},
  openalex = {W3095823571},
  pages = {1–37},
  title = {Functional Martingale Residual Process for High-Dimensional Cox Regression with Model Averaging},
  volume = {21},
  year = {2020}
}

@article{heber2020posterior,
  author = {Heber, Frederik and Trst’anová, Žofia and Leimkuhler, Benedict},
  journal = {Journal of Machine Learning Research},
  note = {<http://jmlr.org/papers/v21/19-339.html>},
  number = {228},
  openalex = {W3116727811},
  pages = {1–33},
  title = {Posterior sampling strategies based on discretized stochastic differential equations for machine learning applications},
  volume = {21},
  year = {2020}
}

@article{hector2020doubly,
  author = {Hector, Emily C. and Song, Peter X.-K.},
  journal = {Journal of Machine Learning Research},
  note = {<http://jmlr.org/papers/v21/19-996.html>},
  number = {173},
  openalex = {W3042623501},
  pages = {1–35},
  title = {Doubly Distributed Supervised Learning and Inference with High-Dimensional Correlated Outcomes},
  volume = {21},
  year = {2020}
}

@article{henderson2020towards,
  author = {Henderson, Peter and Hu, Jieru and Romoff, Joshua and Brunskill, Emma and Jurafsky, Dan and Pineau, Joelle},
  journal = {Journal of Machine Learning Research},
  note = {<http://jmlr.org/papers/v21/20-312.html>},
  number = {248},
  openalex = {W4310492983},
  pages = {1–43},
  title = {Towards the Systematic Reporting of the Energy and Carbon Footprints of Machine Learning},
  volume = {21},
  year = {2020}
}

@article{hocking2020constrained,
  author = {Hocking, Toby Dylan and Rigaill, Guillem and Fearnhead, Paul and Bourque, Guillaume},
  journal = {Journal of Machine Learning Research},
  note = {<http://jmlr.org/papers/v21/18-843.html>},
  number = {87},
  openalex = {W3038255897},
  pages = {1–40},
  title = {Constrained Dynamic Programming and Supervised Penalty Learning Algorithms for Peak Detection in Genomic Data},
  volume = {21},
  year = {2020}
}

@article{hoffmann2020consistency,
  author = {Hoffmann, Franca and Hosseini, Bamdad and Ren, Zhi and Stuart, Andrew M.},
  journal = {Journal of Machine Learning Research},
  note = {<http://jmlr.org/papers/v21/15-900.html>},
  number = {186},
  openalex = {W4288322147},
  pages = {1–55},
  title = {Consistency of semi-supervised learning algorithms on graphs: Probit and one-hot methods},
  volume = {21},
  year = {2020}
}

@article{hofmeyr2020connecting,
  author = {Hofmeyr, David P.},
  journal = {Journal of Machine Learning Research},
  note = {<http://jmlr.org/papers/v21/18-850.html>},
  number = {18},
  openalex = {W2905412960},
  pages = {1–35},
  title = {Connecting Spectral Clustering to Maximum Margins and Level Sets},
  volume = {21},
  year = {2020}
}

@article{hoiles2020rationally,
  author = {Hoiles, William and Krishnamurthy, Vikram and Pattanayak, Kunal},
  journal = {Journal of Machine Learning Research},
  note = {<http://jmlr.org/papers/v21/19-872.html>},
  number = {170},
  openalex = {W3085907897},
  pages = {1–39},
  title = {Rationally Inattentive Inverse Reinforcement Learning Explains YouTube Commenting Behavior},
  volume = {21},
  year = {2020}
}

@article{horel2020significance,
  author = {Horel, Enguerrand and Giesecke, Kay},
  journal = {Journal of Machine Learning Research},
  note = {<http://jmlr.org/papers/v21/19-264.html>},
  number = {227},
  openalex = {W4288580299},
  pages = {1–29},
  title = {Significance Tests for Neural Networks},
  volume = {21},
  year = {2020}
}

@article{huang2020causal,
  author = {Huang, Biwei and Zhang, Kun and Zhang, Jiji and Ramsey, Joseph and Sanchez-Romero, Ruben and Glymour, Clark and Schölkopf, Bernhard},
  journal = {Journal of Machine Learning Research},
  note = {<http://jmlr.org/papers/v21/19-232.html>},
  number = {89},
  openalex = {W2921112192},
  pages = {1–53},
  title = {Causal Discovery from Heterogeneous/Nonstationary Data},
  volume = {21},
  year = {2020}
}

@article{jaiswal2020asymptotic,
  author = {Jaiswal, Prateek and Rao, Vinayak and Honnappa, Harsha},
  journal = {Journal of Machine Learning Research},
  note = {<http://jmlr.org/papers/v21/19-161.html>},
  number = {156},
  openalex = {W2925978506},
  pages = {1–42},
  title = {Asymptotic Consistency of α-Rényi-Approximate Posteriors},
  volume = {21},
  year = {2020}
}

@article{jiang2020recovery,
  author = {Jiang, Tao and Vavasis, Stephen and Zhai, Chen Wen},
  journal = {Journal of Machine Learning Research},
  note = {<http://jmlr.org/papers/v21/19-218.html>},
  number = {225},
  openalex = {W3116965578},
  pages = {1–16},
  title = {Recovery of a Mixture of Gaussians by Sum-of-Norms Clustering},
  volume = {21},
  year = {2020}
}

@article{johndrow2020scalable,
  author = {Johndrow, James and Orenstein, Paulo and Bhattacharya, Anirban},
  journal = {Journal of Machine Learning Research},
  note = {<http://jmlr.org/papers/v21/19-536.html>},
  number = {73},
  openalex = {W3028553139},
  pages = {1–61},
  title = {Scalable Approximate MCMC Algorithms for the Horseshoe Prior},
  volume = {21},
  year = {2020}
}

@article{kalainathan2020causal,
  author = {Kalainathan, Diviyan and Goudet, Olivier and Dutta, Ritik},
  journal = {Journal of Machine Learning Research},
  note = {<http://jmlr.org/papers/v21/19-187.html>},
  number = {37},
  openalex = {W3013025389},
  pages = {1–5},
  title = {Causal Discovery Toolbox: Uncover causal relationships in Python},
  volume = {21},
  year = {2020}
}

@article{kallus2020double,
  author = {Kallus, Nathan and Uehara, Masatoshi},
  journal = {Journal of Machine Learning Research},
  note = {<http://jmlr.org/papers/v21/19-827.html>},
  number = {167},
  openalex = {W3085521361},
  pages = {1–63},
  title = {Double Reinforcement Learning for Efficient Off-Policy Evaluation in Markov Decision Processes},
  volume = {21},
  year = {2020}
}

@article{kallus2020generalized,
  author = {Kallus, Nathan},
  journal = {Journal of Machine Learning Research},
  note = {<http://jmlr.org/papers/v21/19-120.html>},
  number = {62},
  openalex = {W3027012348},
  pages = {1–54},
  title = {Generalized Optimal Matching Methods for Causal Inference},
  volume = {21},
  year = {2020}
}

@article{kamper2020regularized,
  author = {Kamper, Francois and Steel, Sarel J. and du Preez, Johan A.},
  journal = {Journal of Machine Learning Research},
  note = {<http://jmlr.org/papers/v21/18-101.html>},
  number = {101},
  openalex = {W3040337729},
  pages = {1–42},
  title = {Regularized Gaussian Belief Propagation with Nodes of Arbitrary Size},
  volume = {21},
  year = {2020}
}

@article{kandasamy2020tuning,
  author = {Kandasamy, Kirthevasan and Vysyaraju, Karun Raju and Neiswanger, Willie and Paria, Biswajit and Collins, Christopher R. and Schneider, Jeff and Poczos, Barnabas and Xing, Eric P.},
  journal = {Journal of Machine Learning Research},
  note = {<http://jmlr.org/papers/v21/18-223.html>},
  number = {81},
  openalex = {W3039677769},
  pages = {1–27},
  title = {Tuning Hyperparameters without Grad Students: Scalable and Robust Bayesian Optimisation with Dragonfly},
  volume = {21},
  year = {2020}
}

@article{kazemi2020representation,
  author = {Kazemi, Seyed Mehran and Goel, Rishab and Jain, Kshitij and Kobyzev, Ivan and Sethi, Akshay and Forsyth, Peter and Poupart, Pascal},
  journal = {Journal of Machine Learning Research},
  note = {<http://jmlr.org/papers/v21/19-447.html>},
  number = {70},
  openalex = {W3026076535},
  pages = {1–73},
  title = {Representation Learning for Dynamic Graphs: A Survey},
  volume = {21},
  year = {2020}
}

@article{keshavarz2020sequential,
  author = {Keshavarz, Hossein and Michaildiis, George and Atchade, Yves},
  journal = {Journal of Machine Learning Research},
  note = {<http://jmlr.org/papers/v21/18-410.html>},
  number = {82},
  openalex = {W2809433143},
  pages = {1–57},
  title = {Sequential change-point detection in high-dimensional Gaussian graphical models},
  volume = {21},
  year = {2020}
}

@article{kim2020bayesian,
  author = {Kim, Youngseok and Gao, Chao},
  journal = {Journal of Machine Learning Research},
  note = {<http://jmlr.org/papers/v21/19-123.html>},
  number = {109},
  openalex = {W3040128710},
  pages = {1–61},
  title = {Bayesian Model Selection with Graph Structured Sparsity},
  volume = {21},
  year = {2020}
}

@article{knop2020cramer,
  author = {Knop, Szymon and Spurek, Przemysław and Tabor, Jacek and Podolak, Igor and Mazur, Marcin and Jastrzębski, Stanisław},
  journal = {Journal of Machine Learning Research},
  note = {<http://jmlr.org/papers/v21/19-560.html>},
  number = {164},
  openalex = {W3085682849},
  pages = {1–28},
  title = {Cramer-Wold Auto-Encoder},
  volume = {21},
  year = {2020}
}

@article{kocak2020spectral,
  author = {Kocák, Tomáš and Munos, Rémi and Kveton, Branislav and Agrawal, Shipra and Valko, Michal},
  journal = {Journal of Machine Learning Research},
  note = {<http://jmlr.org/papers/v21/16-529.html>},
  number = {218},
  openalex = {W2098108170},
  pages = {1–44},
  title = {Spectral bandits},
  volume = {21},
  year = {2020}
}

@article{kool2020ancestral,
  author = {Kool, Wouter and van Hoof, Herke and Welling, Max},
  journal = {Journal of Machine Learning Research},
  note = {<http://jmlr.org/papers/v21/19-985.html>},
  number = {47},
  openalex = {W3013701218},
  pages = {1–36},
  title = {Ancestral Gumbel-Top-k Sampling for Sampling Without Replacement},
  volume = {21},
  year = {2020}
}

@article{kossaifi2020tensor,
  author = {Kossaifi, Jean and Lipton, Zachary C. and Kolbeinsson, Arinbjorn and Khanna, Aran and Furlanello, Tommaso and Anandkumar, Anima},
  journal = {Journal of Machine Learning Research},
  note = {<http://jmlr.org/papers/v21/18-503.html>},
  number = {123},
  openalex = {W3081927587},
  pages = {1–21},
  title = {Tensor Regression Networks},
  volume = {21},
  year = {2020}
}

@article{krishnamurthy2020contextual,
  author = {Krishnamurthy, Akshay and Langford, John and Slivkins, Aleksandrs and Zhang, Chicheng},
  journal = {Journal of Machine Learning Research},
  note = {<http://jmlr.org/papers/v21/19-650.html>},
  number = {137},
  openalex = {W3082652141},
  pages = {1–45},
  title = {Contextual bandits with continuous actions: Smoothing, zooming, and adapting},
  volume = {21},
  year = {2020}
}

@article{kulunchakov2020estimate,
  author = {Kulunchakov, Andrei and Mairal, Julien},
  journal = {Journal of Machine Learning Research},
  note = {<http://jmlr.org/papers/v21/19-073.html>},
  number = {155},
  openalex = {W2913250055},
  pages = {1–52},
  title = {Estimate Sequences for Stochastic Composite Optimization: Variance Reduction, Acceleration, and Robustness to Noise},
  volume = {21},
  year = {2020}
}

@article{kumar2020unified,
  author = {Kumar, Sandeep and Ying, Jiaxi and Cardoso, José Vinícius de M. and Palomar, Daniel P.},
  journal = {Journal of Machine Learning Research},
  note = {<http://jmlr.org/papers/v21/19-276.html>},
  number = {22},
  pages = {1–60},
  title = {A Unified Framework for Structured Graph Learning via Spectral Constraints},
  volume = {21},
  year = {2020}
}

@article{lai2020loss,
  author = {Lai, Zhao-Rong and Tan, Liming and Wu, Xiaotian and Fang, Liangda},
  journal = {Journal of Machine Learning Research},
  note = {<http://jmlr.org/papers/v21/19-959.html>},
  number = {97},
  openalex = {W3040650268},
  pages = {1–37},
  title = {Loss Control with Rank-one Covariance Estimate for Short-term Portfolio Optimization},
  volume = {21},
  year = {2020}
}

@article{lee2020learning,
  author = {Lee, Kuang-Yao and Liu, Tianqi and Li, Bing and Zhao, Hongyu},
  journal = {Journal of Machine Learning Research},
  note = {<http://jmlr.org/papers/v21/16-252.html>},
  number = {51},
  openalex = {W3028349898},
  pages = {1–38},
  title = {Learning Causal Networks via Additive Faithfulness},
  volume = {21},
  year = {2020}
}

@article{lehnert2020successor,
  author = {Lehnert, Lucas and Littman, Michael L.},
  journal = {Journal of Machine Learning Research},
  note = {<http://jmlr.org/papers/v21/19-060.html>},
  number = {196},
  openalex = {W2994987910},
  pages = {1–53},
  title = {Successor Features Combine Elements of Model-Free and Model-based Reinforcement Learning},
  volume = {21},
  year = {2020}
}

@article{li2020communication,
  author = {Li, Boyue and Cen, Shicong and Chen, Yuxin and Chi, Yuejie},
  journal = {Journal of Machine Learning Research},
  note = {<http://jmlr.org/papers/v21/20-210.html>},
  number = {180},
  openalex = {W3086080324},
  pages = {1–51},
  title = {Communication-Efficient Distributed Optimization in Networks with Gradient Tracking and Variance Reduction},
  volume = {21},
  year = {2020}
}

@article{li2020complexity,
  author = {Li, Huan and Lin, Zhouchen},
  journal = {Journal of Machine Learning Research},
  note = {<http://jmlr.org/papers/v21/18-425.html>},
  number = {33},
  openalex = {W2811391283},
  pages = {1–45},
  title = {On the Complexity Analysis of the Primal Solutions for the Accelerated Randomized Dual Coordinate Ascent},
  volume = {21},
  year = {2020}
}

@article{li2020distributed,
  author = {Li, Xingxiang and Li, Runze and Xia, Zhiming and Xu, Chen},
  journal = {Journal of Machine Learning Research},
  note = {<http://jmlr.org/papers/v21/19-537.html>},
  number = {24},
  openalex = {W2921467752},
  pages = {1–32},
  title = {Distributed Feature Screening via Componentwise Debiasing},
  volume = {21},
  year = {2020}
}

@article{li2020high,
  author = {Li, Tianxi and Qian, Cheng and Levina, Elizaveta and Zhu, Ji},
  journal = {Journal of Machine Learning Research},
  note = {<http://jmlr.org/papers/v21/19-563.html>},
  number = {74},
  pages = {1–45},
  title = {High-dimensional Gaussian graphical models on network-linked data},
  volume = {21},
  year = {2020}
}

@article{li2020model,
  author = {Li, Xiaofan and Whinston, Andrew B.},
  journal = {Journal of Machine Learning Research},
  note = {<http://jmlr.org/papers/v21/17-360.html>},
  number = {3},
  openalex = {W3008154471},
  pages = {1–26},
  title = {A Model of Fake Data in Data-driven Analysis},
  volume = {21},
  year = {2020}
}

@article{li2020quadratic,
  author = {Li, Pan and He, Niao and Milenkovic, Olgica},
  journal = {Journal of Machine Learning Research},
  note = {<http://jmlr.org/papers/v21/18-790.html>},
  number = {106},
  openalex = {W3039339554},
  pages = {1–49},
  title = {Quadratic Decomposable Submodular Function Minimization: Theory and Practice},
  volume = {21},
  year = {2020}
}

@article{lin2020convergences,
  author = {Lin, Junhong and Cevher, Volkan},
  journal = {Journal of Machine Learning Research},
  note = {<http://jmlr.org/papers/v21/19-083.html>},
  number = {20},
  openalex = {W3009640417},
  pages = {1–44},
  title = {Convergences of Regularized Algorithms and Stochastic Gradient Methods with Random Projections},
  volume = {21},
  year = {2020}
}

@article{lin2020distributed,
  author = {Lin, Shao-Bo and Wang, Di and Zhou, Ding-Xuan},
  journal = {Journal of Machine Learning Research},
  note = {<http://jmlr.org/papers/v21/19-592.html>},
  number = {93},
  openalex = {W3013962526},
  pages = {1–38},
  title = {Distributed Kernel Ridge Regression with Communications},
  volume = {21},
  year = {2020}
}

@article{lin2020efficient,
  author = {Lin, Qihang and Nadarajah, Selvaprabu and Soheili, Negar and Yang, Tianbao},
  journal = {Journal of Machine Learning Research},
  note = {<http://jmlr.org/papers/v21/19-1022.html>},
  number = {143},
  openalex = {W3122112575},
  pages = {1–45},
  title = {A Data Efficient and Feasible Level Set Method for Stochastic Convex Optimization with Expectation Constraints},
  volume = {21},
  year = {2020}
}

@article{lin2020optimal,
  author = {Lin, Junhong and Cevher, Volkan},
  journal = {Journal of Machine Learning Research},
  note = {<http://jmlr.org/papers/v21/18-041.html>},
  number = {147},
  openalex = {W3086852721},
  pages = {1–63},
  title = {Optimal Convergence for Distributed Learning with Stochastic Gradient Methods and Spectral Algorithms},
  volume = {21},
  year = {2020}
}

@article{lin2020regularized,
  author = {Lin, Jiahe and Michailidis, George},
  journal = {Journal of Machine Learning Research},
  note = {<http://jmlr.org/papers/v21/19-874.html>},
  number = {117},
  openalex = {W4299990148},
  pages = {1–51},
  title = {Regularized Estimation of High-dimensional Factor-Augmented Vector Autoregressive (FAVAR) Models},
  volume = {21},
  year = {2020}
}

@article{lindauer2020best,
  author = {Lindauer, Marius and Hutter, Frank},
  journal = {Journal of Machine Learning Research},
  note = {<http://jmlr.org/papers/v21/20-056.html>},
  number = {243},
  openalex = {W2972268045},
  pages = {1–18},
  title = {Best Practices for Scientific Research on Neural Architecture Search},
  volume = {21},
  year = {2020}
}

@article{little2020path,
  author = {Little, Anna and Maggioni, Mauro and Murphy, James M.},
  journal = {Journal of Machine Learning Research},
  note = {<http://jmlr.org/papers/v21/18-085.html>},
  number = {6},
  openalex = {W3008855359},
  pages = {1–66},
  title = {Path-Based Spectral Clustering: Guarantees, Robustness to Outliers, and Fast Algorithms},
  volume = {21},
  year = {2020}
}

@article{liu2020convergence,
  author = {Liu, Yating and Pagès, Gilles},
  journal = {Journal of Machine Learning Research},
  note = {<http://jmlr.org/papers/v21/18-804.html>},
  number = {86},
  openalex = {W3040411779},
  pages = {1–36},
  title = {Convergence Rate of Optimal Quantization and Application to the Clustering Performance of the Empirical Measure},
  volume = {21},
  year = {2020}
}

@article{liu2020learning,
  author = {Liu, Fanghui and Huang, Xiaolin and Gong, Chen and Yang, Jie and Li, Li},
  journal = {Journal of Machine Learning Research},
  note = {<http://jmlr.org/papers/v21/19-900.html>},
  number = {208},
  pages = {1–39},
  title = {Learning Data-adaptive Non-parametric Kernels},
  volume = {21},
  year = {2020}
}

@article{liu2020local,
  author = {Liu, Yue and Fang, Zhuangyan and He, Yangbo and Geng, Zhi and Liu, Chunchen},
  journal = {Journal of Machine Learning Research},
  note = {<http://jmlr.org/papers/v21/18-083.html>},
  number = {148},
  openalex = {W3085895377},
  pages = {1–37},
  title = {Local Causal Network Learning for Finding Pairs of Total and Direct Effects},
  volume = {21},
  year = {2020}
}

@article{liu2020smoothed,
  author = {Liu, Yu and De Brabanter, Kris},
  journal = {Journal of Machine Learning Research},
  note = {<http://jmlr.org/papers/v21/19-246.html>},
  number = {65},
  openalex = {W3027685816},
  pages = {1–45},
  title = {Smoothed Nonparametric Derivative Estimation using Weighted Difference Quotients},
  volume = {21},
  year = {2020}
}

@article{locatello2020sober,
  author = {Locatello, Francesco and Bauer, Stefan and Lucic, Mario and Raetsch, Gunnar and Gelly, Sylvain and Schölkopf, Bernhard and Bachem, Olivier},
  journal = {Journal of Machine Learning Research},
  note = {<http://jmlr.org/papers/v21/19-976.html>},
  number = {209},
  openalex = {W4287629818},
  pages = {1–62},
  title = {A Sober Look at the Unsupervised Learning of Disentangled Representations and their Evaluation},
  volume = {21},
  year = {2020}
}

@article{lu2020high,
  author = {Lu, Wenqi and Zhu, Zhongyi and Lian, Heng},
  journal = {Journal of Machine Learning Research},
  note = {<http://jmlr.org/papers/v21/20-383.html>},
  number = {250},
  openalex = {W3113608201},
  pages = {1–31},
  title = {High-Dimensional Quantile Tensor Regression},
  volume = {21},
  year = {2020}
}

@article{lyu2020online,
  author = {Lyu, Hanbaek and Needell, Deanna and Balzano, Laura},
  journal = {Journal of Machine Learning Research},
  note = {<http://jmlr.org/papers/v21/20-444.html>},
  number = {251},
  openalex = {W4288028785},
  pages = {1–49},
  title = {Online Matrix Factorization for Markovian Data and Applications to Network Dictionary Learning},
  volume = {21},
  year = {2020}
}

@article{ma2020gradient,
  author = {Ma, Yao and Olshevsky, Alex and Szepesvari, Csaba and Saligrama, Venkatesh},
  journal = {Journal of Machine Learning Research},
  note = {<http://jmlr.org/papers/v21/19-359.html>},
  number = {133},
  openalex = {W2953244351},
  pages = {1–36},
  title = {Gradient descent for sparse rank-one matrix completion for crowd-sourced aggregation of sparsely interacting workers},
  volume = {21},
  year = {2020}
}

@article{ma2020self,
  author = {Ma, Fan and Meng, Deyu and Dong, Xuanyi and Yang, Yi},
  journal = {Journal of Machine Learning Research},
  note = {<http://jmlr.org/papers/v21/18-794.html>},
  number = {57},
  openalex = {W3027559642},
  pages = {1–38},
  title = {Self-paced Multi-view Co-training},
  volume = {21},
  year = {2020}
}

@article{ma2020universal,
  author = {Ma, Zhuang and Ma, Zongming and Yuan, Hongsong},
  journal = {Journal of Machine Learning Research},
  note = {<http://jmlr.org/papers/v21/17-470.html>},
  number = {4},
  openalex = {W3007611469},
  pages = {1–67},
  title = {Universal Latent Space Model Fitting for Large Networks with Edge Covariates},
  volume = {21},
  year = {2020}
}

@article{malik2020derivative,
  author = {Malik, Dhruv and Pananjady, Ashwin and Bhatia, Kush and Khamaru, Koulik and Bartlett, Peter L. and Wainwright, Martin J.},
  journal = {Journal of Machine Learning Research},
  note = {<http://jmlr.org/papers/v21/19-198.html>},
  number = {21},
  openalex = {W2904304778},
  pages = {1–51},
  title = {Derivative-Free Methods for Policy Optimization: Guarantees for Linear Quadratic Systems},
  volume = {21},
  year = {2020}
}

@article{manchev2020target,
  author = {Manchev, Nikolay and Spratling, Michael},
  journal = {Journal of Machine Learning Research},
  note = {<http://jmlr.org/papers/v21/18-141.html>},
  number = {7},
  openalex = {W3008706590},
  pages = {1–33},
  title = {Target Propagation in Recurrent Neural Networks},
  volume = {21},
  year = {2020}
}

@article{marschall2020unified,
  author = {Marschall, Owen and Cho, Kyunghyun and Savin, Cristina},
  journal = {Journal of Machine Learning Research},
  note = {<http://jmlr.org/papers/v21/19-562.html>},
  number = {135},
  openalex = {W4288287658},
  pages = {1–34},
  title = {A Unified Framework of Online Learning Algorithms for Training Recurrent Neural Networks},
  volume = {21},
  year = {2020}
}

@article{martens2020new,
  author = {Martens, James},
  journal = {Journal of Machine Learning Research},
  note = {<http://jmlr.org/papers/v21/17-678.html>},
  number = {146},
  openalex = {W3086499488},
  pages = {1–76},
  title = {New Insights and Perspectives on the Natural Gradient Method},
  volume = {21},
  year = {2020}
}

@article{martin2020empirical,
  author = {Martin, Ryan and Tang, Yiqi},
  journal = {Journal of Machine Learning Research},
  note = {<http://jmlr.org/papers/v21/19-152.html>},
  number = {144},
  openalex = {W3082274400},
  pages = {1–30},
  title = {Empirical priors for prediction in sparse high-dimensional linear regression},
  volume = {21},
  year = {2020}
}

@article{mathurin2020dual,
  author = {Mathurin, Massias and Vaiter, Samuel and Gramfort, Alexandre and Salmon, Joseph},
  journal = {Journal of Machine Learning Research},
  note = {<http://jmlr.org/papers/v21/19-587.html>},
  number = {234},
  pages = {1–33},
  title = {Dual Extrapolation for Sparse GLMs},
  volume = {21},
  year = {2020}
}

@article{meng2020near,
  author = {Meng, Haomiao and Zhao, Ying-Qi and Fu, Haoda and Qiao, Xingye},
  journal = {Journal of Machine Learning Research},
  note = {<http://jmlr.org/papers/v21/20-334.html>},
  number = {183},
  openalex = {W3084549129},
  pages = {1–28},
  title = {Near-Optimal Individualized Treatment Recommendations},
  volume = {21},
  year = {2020}
}

@article{mentch2020randomization,
  author = {Mentch, Lucas and Zhou, Siyu},
  journal = {Journal of Machine Learning Research},
  note = {<http://jmlr.org/papers/v21/19-905.html>},
  number = {171},
  openalex = {W3086140324},
  pages = {1–36},
  title = {Randomization as Regularization: A Degrees of Freedom Explanation for Random Forest Success},
  volume = {21},
  year = {2020}
}

@article{metelli2020importance,
  author = {Metelli, Alberto Maria and Papini, Matteo and Montali, Nico and Restelli, Marcello},
  journal = {Journal of Machine Learning Research},
  note = {<http://jmlr.org/papers/v21/20-124.html>},
  number = {141},
  openalex = {W3082245592},
  pages = {1–75},
  title = {Importance Sampling Techniques for Policy Optimization},
  volume = {21},
  year = {2020}
}

@article{miolane2020geomstats,
  author = {Miolane, Nina and Guigui, Nicolas and Le Brigant, Alice and Mathe, Johan and Hou, Benjamin and Thanwerdas, Yann and Heyder, Stefan and Peltre, Olivier and Koep, Niklas and Zaatiti, Hadi and Hajri, Hatem and Cabanes, Yann and Gerald, Thomas and Chauchat, Paul and Shewmake, Christian and Brooks, Daniel and Kainz, Bernhard and Donnat, Claire and Holmes, Susan and Pennec, Xavier},
  journal = {Journal of Machine Learning Research},
  note = {<http://jmlr.org/papers/v21/19-027.html>},
  number = {223},
  openalex = {W2804935370},
  pages = {1–9},
  title = {Geomstats: A Python Package for Riemannian Geometry in Machine Learning},
  volume = {21},
  year = {2020}
}

@article{mohamed2020monte,
  author = {Mohamed, Shakir and Rosca, Mihaela and Figurnov, Michael and Mnih, Andriy},
  journal = {Journal of Machine Learning Research},
  note = {<http://jmlr.org/papers/v21/19-346.html>},
  number = {132},
  openalex = {W4288310870},
  pages = {1–62},
  title = {Monte Carlo Gradient Estimation in Machine Learning},
  volume = {21},
  year = {2020}
}

@article{mohammadi2020continuous,
  author = {Mohammadi, Reza and Pratola, Matthew and Kaptein, Maurits},
  journal = {Journal of Machine Learning Research},
  note = {<http://jmlr.org/papers/v21/19-307.html>},
  number = {201},
  openalex = {W4288365976},
  pages = {1–26},
  title = {Continuous-Time Birth-Death MCMC for Bayesian Regression Tree Models},
  volume = {21},
  year = {2020}
}

@article{mokhtari2020class,
  author = {Mokhtari, Aryan and Koppel, Alec and Takac, Martin and Ribeiro, Alejandro},
  journal = {Journal of Machine Learning Research},
  note = {<http://jmlr.org/papers/v21/16-311.html>},
  number = {120},
  openalex = {W3082963611},
  pages = {1–51},
  title = {A Class of Parallel Doubly Stochastic Algorithms for Large-Scale Learning},
  volume = {21},
  year = {2020}
}

@article{mokhtari2020stochastic,
  author = {Mokhtari, Aryan and Hassani, Hamed and Karbasi, Amin},
  journal = {Journal of Machine Learning Research},
  note = {<http://jmlr.org/papers/v21/18-764.html>},
  number = {105},
  openalex = {W3040190148},
  pages = {1–49},
  title = {Stochastic Conditional Gradient Methods: From Convex Minimization to Submodular Maximization},
  volume = {21},
  year = {2020}
}

@article{molybog2020conic,
  author = {Molybog, Igor and Madani, Ramtin and Lavaei, Javad},
  journal = {Journal of Machine Learning Research},
  note = {<http://jmlr.org/papers/v21/18-881.html>},
  number = {195},
  openalex = {W3097067517},
  pages = {1–36},
  title = {Conic Optimization for Quadratic Regression Under Sparse Noise},
  volume = {21},
  year = {2020}
}

@article{mooij2020joint,
  author = {Mooij, Joris M. and Magliacane, Sara and Claassen, Tom},
  journal = {Journal of Machine Learning Research},
  note = {<http://jmlr.org/papers/v21/17-123.html>},
  number = {99},
  openalex = {W3039905535},
  pages = {1–108},
  title = {Joint Causal Inference from Multiple Contexts},
  volume = {21},
  year = {2020}
}

@article{naitzat2020topology,
  author = {Naitzat, Gregory and Zhitnikov, Andrey and Lim, Lek-Heng},
  journal = {Journal of Machine Learning Research},
  note = {<http://jmlr.org/papers/v21/20-345.html>},
  number = {184},
  openalex = {W4287815523},
  pages = {1–40},
  title = {Topology of Deep Neural Networks},
  volume = {21},
  year = {2020}
}

@article{nakada2020adaptive,
  author = {Nakada, Ryumei and Imaizumi, Masaaki},
  journal = {Journal of Machine Learning Research},
  note = {<http://jmlr.org/papers/v21/20-002.html>},
  number = {174},
  openalex = {W3084746729},
  pages = {1–38},
  title = {Adaptive Approximation and Generalization of Deep Neural Network with Intrinsic Dimensionality},
  volume = {21},
  year = {2020}
}

@article{narvekar2020curriculum,
  author = {Narvekar, Sanmit and Peng, Bei and Leonetti, Matteo and Sinapov, Jivko and Taylor, Matthew E. and Stone, Peter},
  journal = {Journal of Machine Learning Research},
  note = {<http://jmlr.org/papers/v21/20-212.html>},
  number = {181},
  openalex = {W3012544020},
  pages = {1–50},
  title = {Curriculum Learning for Reinforcement Learning Domains: A Framework and Survey},
  volume = {21},
  year = {2020}
}

@article{neykov2020agnostic,
  author = {Neykov, Matey and Wang, Zhaoran and Liu, Han},
  journal = {Journal of Machine Learning Research},
  note = {<http://jmlr.org/papers/v21/18-259.html>},
  number = {121},
  openalex = {W2552938453},
  pages = {1–39},
  title = {Agnostic Estimation for Phase Retrieval},
  volume = {21},
  year = {2020}
}

@article{niazadeh2020optimal,
  author = {Niazadeh, Rad and Roughgarden, Tim and Wang, Joshua R.},
  journal = {Journal of Machine Learning Research},
  note = {<http://jmlr.org/papers/v21/18-527.html>},
  number = {125},
  openalex = {W2803199317},
  pages = {1–31},
  title = {Optimal Algorithms for Continuous Non-monotone Submodular and DR-Submodular Maximization.},
  volume = {21},
  year = {2020}
}

@article{nicholson2020high,
  author = {Nicholson, William B. and Wilms, Ines and Bien, Jacob and Matteson, David S.},
  journal = {Journal of Machine Learning Research},
  note = {<http://jmlr.org/papers/v21/19-777.html>},
  number = {166},
  openalex = {W3085120741},
  pages = {1–52},
  title = {High Dimensional Forecasting via Interpretable Vector Autoregression},
  volume = {21},
  year = {2020}
}

@article{nolan2020streamlined,
  author = {Nolan, Tui H. and Menictas, Marianne and Wand, Matt P.},
  journal = {Journal of Machine Learning Research},
  note = {<http://jmlr.org/papers/v21/19-222.html>},
  number = {157},
  openalex = {W3086756919},
  pages = {1–62},
  title = {Streamlined Variational Inference with Higher Level Random Effects},
  volume = {21},
  year = {2020}
}

@article{novikov2020tensor,
  author = {Novikov, Alexander and Izmailov, Pavel and Khrulkov, Valentin and Figurnov, Michael and Oseledets, Ivan},
  journal = {Journal of Machine Learning Research},
  note = {<http://jmlr.org/papers/v21/18-008.html>},
  number = {30},
  openalex = {W3013294074},
  pages = {1–7},
  title = {Tensor Train decomposition on TensorFlow (T3F)},
  volume = {21},
  year = {2020}
}

@article{ortelli2020adaptive,
  author = {Ortelli, Francesco and van de Geer, Sara},
  journal = {Journal of Machine Learning Research},
  note = {<http://jmlr.org/papers/v21/20-301.html>},
  number = {247},
  openalex = {W3114243412},
  pages = {1–38},
  title = {Adaptive Rates for Total Variation Image Denoising},
  volume = {21},
  year = {2020}
}

@article{papyan2020traces,
  author = {Papyan, Vardan},
  journal = {Journal of Machine Learning Research},
  note = {<http://jmlr.org/papers/v21/20-933.html>},
  number = {252},
  openalex = {W3116687755},
  pages = {1–64},
  title = {Traces of Class/Cross-Class Structure Pervade Deep Learning Spectra},
  volume = {21},
  year = {2020}
}

@article{park2020identifiability,
  author = {Park, Gunwoong},
  journal = {Journal of Machine Learning Research},
  note = {<http://jmlr.org/papers/v21/19-664.html>},
  number = {75},
  openalex = {W3026916487},
  pages = {1–34},
  title = {Identifiability of Additive Noise Models Using Conditional Variances},
  volume = {21},
  year = {2020}
}

@article{paul2020robust,
  author = {Paul, Supratik and Chatzilygeroudis, Konstantinos and Ciosek, Kamil and Mouret, Jean-Baptiste and Osborne, Michael A. and Whiteson, Shimon},
  journal = {Journal of Machine Learning Research},
  note = {<http://jmlr.org/papers/v21/18-216.html>},
  number = {151},
  openalex = {W3086586587},
  pages = {1–31},
  title = {Robust Reinforcement Learning with Bayesian Optimisation and Quadrature},
  volume = {21},
  year = {2020}
}

@article{pei2020generating,
  author = {Pei, Yan Ru and Manukian, Haik and Di Ventra, Massimiliano},
  journal = {Journal of Machine Learning Research},
  note = {<http://jmlr.org/papers/v21/19-368.html>},
  number = {159},
  openalex = {W3086762529},
  pages = {1–55},
  title = {Generating Weighted MAX-2-SAT Instances with Frustrated Loops: an RBM Case Study},
  volume = {21},
  year = {2020}
}

@article{pham2020proxsarah,
  author = {Pham, Nhan H. and Nguyen, Lam M. and Phan, Dzung T. and Tran-Dinh, Quoc},
  journal = {Journal of Machine Learning Research},
  note = {<http://jmlr.org/papers/v21/19-248.html>},
  number = {110},
  openalex = {W3039770199},
  pages = {1–48},
  title = {ProxSARAH: An Efficient Algorithmic Framework for Stochastic Composite Nonconvex Optimization},
  volume = {21},
  year = {2020}
}

@article{pircalabelu2020community,
  author = {Pircalabelu, Eugen and Claeskens, Gerda},
  journal = {Journal of Machine Learning Research},
  note = {<http://jmlr.org/papers/v21/19-181.html>},
  number = {64},
  openalex = {W3027606374},
  pages = {1–32},
  title = {Community-Based Group Graphical Lasso},
  volume = {21},
  year = {2020}
}

@article{plecko2020fair,
  author = {Plečko, Drago and Meinshausen, Nicolai},
  journal = {Journal of Machine Learning Research},
  note = {<http://jmlr.org/papers/v21/19-966.html>},
  number = {242},
  openalex = {W4288023133},
  pages = {1–44},
  title = {Fair Data Adaptation with Quantile Preservation},
  volume = {21},
  year = {2020}
}

@article{polsterl2020scikit,
  author = {Pölsterl, Sebastian},
  journal = {Journal of Machine Learning Research},
  note = {<http://jmlr.org/papers/v21/20-729.html>},
  number = {212},
  openalex = {W3097349486},
  pages = {1–6},
  title = {Scikit-Survival: A Library for Time-to-Event Analysis Built on Top of Scikit-Learn},
  volume = {21},
  year = {2020}
}

@article{probst2020harmless,
  author = {Probst, Malte and Rothlauf, Franz},
  journal = {Journal of Machine Learning Research},
  note = {<http://jmlr.org/papers/v21/16-543.html>},
  number = {78},
  openalex = {W3038317307},
  pages = {1–31},
  title = {Harmless Overfitting: Using Denoising Autoencoders in Estimation of Distribution Algorithms},
  volume = {21},
  year = {2020}
}

@article{raffel2020exploring,
  author = {Raffel, Colin and Shazeer, Noam and Roberts, Adam and Lee, Katherine and Narang, Sharan and Matena, Michael and Zhou, Yanqi and Li, Wei and Liu, Peter J.},
  journal = {Journal of Machine Learning Research},
  note = {<http://jmlr.org/papers/v21/20-074.html>},
  number = {140},
  openalex = {W4288089799},
  pages = {1–67},
  title = {Exploring the Limits of Transfer Learning with a Unified Text-to-Text Transformer},
  volume = {21},
  year = {2020}
}

@article{rainforth2020target,
  author = {Rainforth, Tom and Golinski, Adam and Wood, Frank and Zaidi, Sheheryar},
  journal = {Journal of Machine Learning Research},
  note = {<http://jmlr.org/papers/v21/19-102.html>},
  number = {88},
  openalex = {W3039470607},
  pages = {1–54},
  title = {Target–Aware Bayesian Inference: How to Beat Optimal Conventional Estimators},
  volume = {21},
  year = {2020}
}

@article{ramsey2020algcomparison,
  author = {Ramsey, Joseph D. and Malinsky, Daniel and Bui, Kevin V.},
  journal = {Journal of Machine Learning Research},
  note = {<http://jmlr.org/papers/v21/19-773.html>},
  number = {238},
  openalex = {W3116013208},
  pages = {1–6},
  title = {algcomparison: Comparing the Performance of Graphical Structure Learning Algorithms with TETRAD},
  volume = {21},
  year = {2020}
}

@article{rashid2020qmixed,
  author = {Rashid, Tabish and Samvelyan, Mikayel and de Witt, Christian Schroeder and Farquhar, Gregory and Foerster, Jakob and Whiteson, Shimon},
  journal = {Journal of Machine Learning Research},
  note = {<http://jmlr.org/papers/v21/20-081.html>},
  number = {178},
  openalex = {W4295598622},
  pages = {1–51},
  title = {QMIX: Monotonic Value Function Factorisation for Deep Multi-Agent Reinforcement Learning},
  volume = {21},
  year = {2020}
}

@article{rejchel2020rank,
  author = {Rejchel, Wojciech and Bogdan, Małgorzata},
  journal = {Journal of Machine Learning Research},
  note = {<http://jmlr.org/papers/v21/20-120.html>},
  number = {244},
  openalex = {W3081920659},
  pages = {1–47},
  title = {Rank-based Lasso – efficient methods for high-dimensional robust model selection},
  volume = {21},
  year = {2020}
}

@article{ricatte2020skill,
  author = {Ricatte, Thomas and Gilleron, Rémi and Tommasi, Marc},
  journal = {Journal of Machine Learning Research},
  note = {<http://jmlr.org/papers/v21/13-561.html>},
  number = {48},
  openalex = {W3021965653},
  pages = {1–18},
  title = {Skill Rating for Multiplayer Games Introducing Hypernode Graphs and their Spectral Theory},
  volume = {21},
  year = {2020}
}

@article{richards2020graph,
  author = {Richards, Dominic and Rebeschini, Patrick},
  journal = {Journal of Machine Learning Research},
  note = {<http://jmlr.org/papers/v21/18-638.html>},
  number = {34},
  openalex = {W3013478627},
  pages = {1–44},
  title = {Graph-Dependent Implicit Regularisation for Distributed Stochastic Subgradient Descent},
  volume = {21},
  year = {2020}
}

@article{rontsis2020distributionally,
  author = {Rontsis, Nikitas and Osborne, Michael A. and Goulart, Paul J.},
  journal = {Journal of Machine Learning Research},
  note = {<http://jmlr.org/papers/v21/18-211.html>},
  number = {149},
  openalex = {W3084595587},
  pages = {1–26},
  title = {Distributionally Ambiguous Optimization for Batch Bayesian Optimization},
  volume = {21},
  year = {2020}
}

@article{rotnitzky2020efficient,
  author = {Rotnitzky, Andrea and Smucler, Ezequiel},
  journal = {Journal of Machine Learning Research},
  note = {<http://jmlr.org/papers/v21/19-1026.html>},
  number = {188},
  openalex = {W3085944171},
  pages = {1–86},
  title = {Efficient Adjustment Sets for Population Average Causal Treatment Effect Estimation in Graphical Models},
  volume = {21},
  year = {2020}
}

@article{roy2020nonparametric,
  author = {Roy, Arkaprava and Dunson, David B.},
  journal = {Journal of Machine Learning Research},
  note = {<http://jmlr.org/papers/v21/19-362.html>},
  number = {229},
  openalex = {W2908008786},
  pages = {1–21},
  title = {Nonparametric graphical model for counts},
  volume = {21},
  year = {2020}
}

@article{salah2020cornac,
  author = {Salah, Aghiles and Truong, Quoc-Tuan and Lauw, Hady W.},
  journal = {Journal of Machine Learning Research},
  note = {<http://jmlr.org/papers/v21/19-805.html>},
  number = {95},
  pages = {1–5},
  title = {Cornac: A Comparative Framework for Multimodal Recommender Systems},
  volume = {21},
  year = {2020}
}

@article{salehkaleybar2020learning,
  author = {Salehkaleybar, Saber and Ghassami, AmirEmad and Kiyavash, Negar and Zhang, Kun},
  journal = {Journal of Machine Learning Research},
  note = {<http://jmlr.org/papers/v21/19-260.html>},
  number = {39},
  openalex = {W3014036758},
  pages = {1–24},
  title = {Learning Linear Non-Gaussian Causal Models in the Presence of Latent Variables},
  volume = {21},
  year = {2020}
}

@article{samanta2020nevae,
  author = {Samanta, Bidisha and De, Abir and Jana, Gourhari and Gómez, Vicenç and Chattaraj, Pratim and Ganguly, Niloy and Gomez-Rodriguez, Manuel},
  journal = {Journal of Machine Learning Research},
  note = {<http://jmlr.org/papers/v21/19-671.html>},
  number = {114},
  openalex = {W3039085085},
  pages = {1–33},
  title = {NeVAE: A Deep Generative Model for Molecular Graphs},
  volume = {21},
  year = {2020}
}

@article{schreiber2020apricot,
  author = {Schreiber, Jacob and Bilmes, Jeffrey and Noble, William Stafford},
  journal = {Journal of Machine Learning Research},
  note = {<http://jmlr.org/papers/v21/19-467.html>},
  number = {161},
  openalex = {W2948852427},
  pages = {1–6},
  title = {apricot: Submodular selection for data summarization in Python},
  volume = {21},
  year = {2020}
}

@article{shi2020breaking,
  author = {Shi, Chengchun and Lu, Wenbin and Song, Rui},
  journal = {Journal of Machine Learning Research},
  note = {<http://jmlr.org/papers/v21/20-066.html>},
  number = {176},
  openalex = {W3047597742},
  pages = {1–67},
  title = {Breaking the curse of nonregularity with subagging: inference of the mean outcome under optimal treatment regimes},
  volume = {21},
  year = {2020}
}

@article{shilton2020multiclass,
  author = {Shilton, Alistair and Rajasegarar, Sutharshan and Palaniswami, Marimuthu},
  journal = {Journal of Machine Learning Research},
  note = {<http://jmlr.org/papers/v21/16-122.html>},
  number = {213},
  openalex = {W3096600740},
  pages = {1–39},
  title = {Multiclass Anomaly Detector: the CS++ Support Vector Machine},
  volume = {21},
  year = {2020}
}

@article{sifaou2020high,
  author = {Sifaou, Houssem and Kammoun, Abla and Alouini, Mohamed-Slim},
  journal = {Journal of Machine Learning Research},
  note = {<http://jmlr.org/papers/v21/19-428.html>},
  number = {112},
  openalex = {W3039874824},
  pages = {1–24},
  title = {High-dimensional Linear Discriminant Analysis Classifier for Spiked Covariance Model},
  volume = {21},
  year = {2020}
}

@article{siglidis2020grakel,
  author = {Siglidis, Giannis and Nikolentzos, Giannis and Limnios, Stratis and Giatsidis, Christos and Skianis, Konstantinos and Vazirgiannis, Michalis},
  journal = {Journal of Machine Learning Research},
  note = {<http://jmlr.org/papers/v21/18-370.html>},
  number = {54},
  openalex = {W3028283557},
  pages = {1–5},
  title = {GraKeL: A Graph Kernel Library in Python},
  volume = {21},
  year = {2020}
}

@article{slawski2020two,
  author = {Slawski, Martin and Ben-David, Emanuel and Li, Ping},
  journal = {Journal of Machine Learning Research},
  note = {<http://jmlr.org/papers/v21/19-645.html>},
  number = {204},
  openalex = {W3096904619},
  pages = {1–42},
  title = {A Two-Stage Approach to Multivariate Linear Regression with Sparsely Mismatched Data},
  volume = {21},
  year = {2020}
}

@article{song2020convex,
  author = {Song, Hyebin and Dai, Ran and Raskutti, Garvesh and Foygel Barber, Rina},
  journal = {Journal of Machine Learning Research},
  note = {<http://jmlr.org/papers/v21/19-833.html>},
  number = {168},
  openalex = {W4288094968},
  pages = {1–58},
  title = {Convex and Non-convex Approaches for Statistical Inference with Class-Conditional Noisy Labels},
  volume = {21},
  year = {2020}
}

@article{spiridonoff2020robust,
  author = {Spiridonoff, Artin and Olshevsky, Alex and Paschalidis, Ioannis Ch.},
  journal = {Journal of Machine Learning Research},
  note = {<http://jmlr.org/papers/v21/18-813.html>},
  number = {58},
  openalex = {W3026733282},
  pages = {1–47},
  title = {Robust Asynchronous Stochastic Gradient-Push: Asymptotically Optimal and Network-Independent Performance for Strongly Convex Functions},
  volume = {21},
  year = {2020}
}

@article{stich2020error,
  author = {Stich, Sebastian U. and Karimireddy, Sai Praneeth},
  journal = {Journal of Machine Learning Research},
  note = {<http://jmlr.org/papers/v21/19-748.html>},
  number = {237},
  openalex = {W2973096819},
  pages = {1–36},
  title = {The Error-Feedback framework: SGD with Delayed Gradients},
  volume = {21},
  year = {2020}
}

@article{suarez2020pydml,
  author = {Suárez, Juan Luis and García, Salvador and Herrera, Francisco},
  journal = {Journal of Machine Learning Research},
  note = {<http://jmlr.org/papers/v21/19-864.html>},
  number = {96},
  openalex = {W3041284003},
  pages = {1–7},
  title = {pyDML: A Python Library for Distance Metric Learning},
  volume = {21},
  year = {2020}
}

@article{tang2020high,
  author = {Tang, Cheng Yong and Fang, Ethan X. and Dong, Yuexiao},
  journal = {Journal of Machine Learning Research},
  note = {<http://jmlr.org/papers/v21/19-071.html>},
  number = {19},
  openalex = {W3006813821},
  pages = {1–25},
  title = {High-dimensional Interactions Detection with Sparse Principal Hessian Matrix},
  volume = {21},
  year = {2020}
}

@article{tang2020sparse,
  author = {Tang, Peipei and Wang, Chengjing and Sun, Defeng and Toh, Kim-Chuan},
  journal = {Journal of Machine Learning Research},
  note = {<http://jmlr.org/papers/v21/19-247.html>},
  number = {226},
  openalex = {W2923479561},
  pages = {1–38},
  title = {A sparse semismooth Newton based proximal majorization-minimization algorithm for nonconvex square-root-loss regression problems},
  volume = {21},
  year = {2020}
}

@article{tavenard2020tslearn,
  author = {Tavenard, Romain and Faouzi, Johann and Vandewiele, Gilles and Divo, Felix and Androz, Guillaume and Holtz, Chester and Payne, Marie and Yurchak, Roman and Rußwurm, Marc},
  journal = {Journal of Machine Learning Research},
  note = {<http://jmlr.org/papers/v21/20-091.html>},
  number = {118},
  openalex = {W3039352388},
  pages = {1–6},
  title = {Tslearn, A Machine Learning Toolkit for Time Series Data},
  volume = {21},
  year = {2020}
}

@article{tenzer2020beyond,
  author = {Tenzer, Yaniv and Moscovich, Amit and Dorn, Mary Frances and Nadler, Boaz and Spiegelman, Clifford},
  journal = {Journal of Machine Learning Research},
  note = {<http://jmlr.org/papers/v21/18-348.html>},
  number = {189},
  openalex = {W3096646790},
  pages = {1–33},
  title = {Beyond Trees: Classification with Sparse Pairwise Dependencies},
  volume = {21},
  year = {2020}
}

@article{thalmeier2020adaptive,
  author = {Thalmeier, Dominik and Kappen, Hilbert J. and Totaro, Simone and Gómez, Vicenç},
  journal = {Journal of Machine Learning Research},
  note = {<http://jmlr.org/papers/v21/18-624.html>},
  number = {191},
  openalex = {W3097841524},
  pages = {1–37},
  title = {Adaptive Smoothing for Path Integral Control},
  volume = {21},
  year = {2020}
}

@article{tibo2020learning,
  author = {Tibo, Alessandro and Jaeger, Manfred and Frasconi, Paolo},
  journal = {Journal of Machine Learning Research},
  note = {<http://jmlr.org/papers/v21/18-811.html>},
  number = {193},
  openalex = {W3094896511},
  pages = {1–60},
  title = {Learning and Interpreting Multi-Multi-Instance Learning Networks},
  volume = {21},
  year = {2020}
}

@article{tino2020dynamical,
  author = {Tino, Peter},
  journal = {Journal of Machine Learning Research},
  note = {<http://jmlr.org/papers/v21/19-589.html>},
  number = {44},
  openalex = {W3011544844},
  pages = {1–42},
  title = {Dynamical Systems as Temporal Feature Spaces},
  volume = {21},
  year = {2020}
}

@article{tomita2020sparse,
  author = {Tomita, Tyler M. and Browne, James and Shen, Cencheng and Chung, Jaewon and Patsolic, Jesse L. and Falk, Benjamin and Priebe, Carey E. and Yim, Jason and Burns, Randal and Maggioni, Mauro and Vogelstein, Joshua T.},
  journal = {Journal of Machine Learning Research},
  note = {<http://jmlr.org/papers/v21/18-664.html>},
  number = {104},
  openalex = {W3038692287},
  pages = {1–39},
  title = {Sparse Projection Oblique Randomer Forests},
  volume = {21},
  year = {2020}
}

@article{tong2020neyman,
  author = {Tong, Xin and Xia, Lucy and Wang, Jiacheng and Feng, Yang},
  journal = {Journal of Machine Learning Research},
  note = {<http://jmlr.org/papers/v21/18-577.html>},
  number = {12},
  openalex = {W3009605419},
  pages = {1–48},
  title = {Neyman-Pearson classification: parametrics and sample size requirement},
  volume = {21},
  year = {2020}
}

@article{tonolini2020variational,
  author = {Tonolini, Francesco and Radford, Jack and Turpin, Alex and Faccio, Daniele and Murray-Smith, Roderick},
  journal = {Journal of Machine Learning Research},
  note = {<http://jmlr.org/papers/v21/20-151.html>},
  number = {179},
  openalex = {W4288373378},
  pages = {1–46},
  title = {Variational Inference for Computational Imaging Inverse Problems},
  volume = {21},
  year = {2020}
}

@article{tuo2020kriging,
  author = {Tuo, Rui and Wang, Wenjia},
  journal = {Journal of Machine Learning Research},
  note = {<http://jmlr.org/papers/v21/19-1045.html>},
  number = {187},
  openalex = {W3085532080},
  pages = {1–38},
  title = {Kriging Prediction with Isotropic Matern Correlations: Robustness and Experimental Designs},
  volume = {21},
  year = {2020}
}

@article{valera2020general,
  author = {Valera, Isabel and Pradier, Melanie F. and Lomeli, Maria and Ghahramani, Zoubin},
  journal = {Journal of Machine Learning Research},
  note = {<http://jmlr.org/papers/v21/17-328.html>},
  number = {100},
  openalex = {W2625683755},
  pages = {1–49},
  title = {General Latent Feature Models for Heterogeneous Datasets},
  volume = {21},
  year = {2020}
}

@article{vandaele2020mining,
  author = {Vandaele, Robin and Saeys, Yvan and De Bie, Tijl},
  journal = {Journal of Machine Learning Research},
  note = {<http://jmlr.org/papers/v21/19-1032.html>},
  number = {215},
  openalex = {W3095254395},
  pages = {1–68},
  title = {Mining Topological Structure in Graphs through Forest Representations},
  volume = {21},
  year = {2020}
}

@article{vazelhes2020metric,
  author = {de Vazelhes, William and Carey, CJ and Tang, Yuan and Vauquier, Nathalie and Bellet, Aurélien},
  journal = {Journal of Machine Learning Research},
  note = {<http://jmlr.org/papers/v21/19-678.html>},
  number = {138},
  openalex = {W3047712904},
  pages = {1–6},
  title = {metric-learn: Metric Learning Algorithms in Python},
  volume = {21},
  year = {2020}
}

@article{vehtari2020expectation,
  author = {Vehtari, Aki and Gelman, Andrew and Sivula, Tuomas and Jylänki, Pasi and Tran, Dustin and Sahai, Swupnil and Blomstedt, Paul and Cunningham, John P. and Schiminovich, David and Robert, Christian P.},
  journal = {Journal of Machine Learning Research},
  note = {<http://jmlr.org/papers/v21/18-817.html>},
  number = {17},
  openalex = {W2599969863},
  pages = {1–53},
  title = {Expectation propagation as a way of life: A framework for Bayesian inference on partitioned data},
  volume = {21},
  year = {2020}
}

@article{vipond2020multiparameter,
  author = {Vipond, Oliver},
  journal = {Journal of Machine Learning Research},
  note = {<http://jmlr.org/papers/v21/19-054.html>},
  number = {61},
  openalex = {W3026838057},
  pages = {1–38},
  title = {Multiparameter Persistence Landscapes},
  volume = {21},
  year = {2020}
}

@article{wang2020asymptotic,
  author = {Wang, Yazhen and Wu, Shang},
  journal = {Journal of Machine Learning Research},
  note = {<http://jmlr.org/papers/v21/19-245.html>},
  number = {199},
  pages = {1–103},
  title = {Asymptotic Analysis via Stochastic Differential Equations of Gradient Descent Algorithms in Statistical and Computational Paradigms},
  volume = {21},
  year = {2020}
}

@article{wang2020empirical,
  author = {Wang, Di and Gaboardi, Marco and Smith, Adam and Xu, Jinhui},
  journal = {Journal of Machine Learning Research},
  note = {<http://jmlr.org/papers/v21/19-253.html>},
  number = {200},
  openalex = {W3096794223},
  pages = {1–39},
  title = {Empirical Risk Minimization in the Non-interactive Local Model of Differential Privacy},
  volume = {21},
  year = {2020}
}

@article{wang2020learning,
  author = {Wang, Miaoyan and Li, Lexin},
  journal = {Journal of Machine Learning Research},
  note = {<http://jmlr.org/papers/v21/18-766.html>},
  number = {154},
  openalex = {W3087642357},
  pages = {1–38},
  title = {Learning from Binary Multiway Data: Probabilistic Tensor Decomposition and its Statistical Optimality},
  volume = {21},
  year = {2020}
}

@article{wang2020reinforcement,
  author = {Wang, Haoran and Zariphopoulou, Thaleia and Zhou, Xun Yu},
  journal = {Journal of Machine Learning Research},
  note = {<http://jmlr.org/papers/v21/19-144.html>},
  number = {198},
  openalex = {W3097026541},
  pages = {1–34},
  title = {Reinforcement Learning in Continuous Time and Space: A Stochastic Control Approach},
  volume = {21},
  year = {2020}
}

@article{wang2020spectral,
  author = {Wang, Zhe and Liang, Yingbin and Ji, Pengsheng},
  journal = {Journal of Machine Learning Research},
  note = {<http://jmlr.org/papers/v21/18-581.html>},
  number = {153},
  openalex = {W3047996775},
  pages = {1–45},
  title = {Spectral Algorithms for Community Detection in Directed Networks},
  volume = {21},
  year = {2020}
}

@article{wang2020unique,
  author = {Wang, Yu and Wu, Siqi and Yu, Bin},
  journal = {Journal of Machine Learning Research},
  note = {<http://jmlr.org/papers/v21/19-169.html>},
  number = {63},
  openalex = {W3027870051},
  pages = {1–52},
  title = {Unique Sharp Local Minimum in L1-minimization Complete Dictionary Learning},
  volume = {21},
  year = {2020}
}

@article{ward2020adagrad,
  author = {Ward, Rachel and Wu, Xiaoxia and Bottou, Leon},
  journal = {Journal of Machine Learning Research},
  note = {<http://jmlr.org/papers/v21/18-352.html>},
  number = {219},
  openalex = {W2946511237},
  pages = {1–30},
  title = {AdaGrad stepsizes: Sharp convergence over nonconvex landscapes},
  volume = {21},
  year = {2020}
}

@article{weinshall2020theory,
  author = {Weinshall, Daphna and Amir, Dan},
  journal = {Journal of Machine Learning Research},
  note = {<http://jmlr.org/papers/v21/18-751.html>},
  number = {222},
  openalex = {W3116940672},
  pages = {1–19},
  title = {Theory of Curriculum Learning, with Convex Loss Functions},
  volume = {21},
  year = {2020}
}

@article{wen2020thundergbm,
  author = {Wen, Zeyi and Liu, Hanfeng and Shi, Jiashuai and Li, Qinbin and He, Bingsheng and Chen, Jian},
  journal = {Journal of Machine Learning Research},
  note = {<http://jmlr.org/papers/v21/19-095.html>},
  number = {108},
  openalex = {W2912265134},
  pages = {1–5},
  title = {ThunderGBM: Fast GBDTs and Random Forests on GPUs},
  volume = {21},
  year = {2020}
}

@article{williamson2020new,
  author = {Williamson, Sinead A. and Zhang, Michael Minyi and Damien, Paul},
  journal = {Journal of Machine Learning Research},
  note = {<http://jmlr.org/papers/v21/16-639.html>},
  number = {27},
  openalex = {W3015458397},
  pages = {1–24},
  title = {A New Class of Time Dependent Latent Factor Models with Applications},
  volume = {21},
  year = {2020}
}

@article{witte2020efficient,
  author = {Witte, Janine and Henckel, Leonard and Maathuis, Marloes H. and Didelez, Vanessa},
  journal = {Journal of Machine Learning Research},
  note = {<http://jmlr.org/papers/v21/20-175.html>},
  number = {246},
  openalex = {W3006529488},
  pages = {1–45},
  title = {On Efficient Adjustment in Causal Graphs},
  volume = {21},
  year = {2020}
}

@article{wu2020regularization,
  author = {Wu, Chong and Xu, Gongjun and Shen, Xiaotong and Pan, Wei},
  journal = {Journal of Machine Learning Research},
  note = {<http://jmlr.org/papers/v21/18-807.html>},
  number = {128},
  openalex = {W3081603125},
  pages = {1–67},
  title = {A Regularization-Based Adaptive Test for High-Dimensional GLMs},
  volume = {21},
  year = {2020}
}

@article{xing2020minimax,
  author = {Xing, Xin and Liu, Meimei and Ma, Ping and Zhong, Wenxuan},
  journal = {Journal of Machine Learning Research},
  note = {<http://jmlr.org/papers/v21/19-800.html>},
  number = {94},
  openalex = {W3039540703},
  pages = {1–47},
  title = {Minimax Nonparametric Parallelism Test},
  volume = {21},
  year = {2020}
}

@article{xu2020regression,
  author = {Xu, Yichong and Balakrishnan, Sivaraman and Singh, Aarti and Dubrawski, Artur},
  journal = {Journal of Machine Learning Research},
  note = {<http://jmlr.org/papers/v21/19-505.html>},
  number = {162},
  openalex = {W3085286395},
  pages = {1–54},
  title = {Regression with Comparisons: Escaping the Curse of Dimensionality with Ordinal Information},
  volume = {21},
  year = {2020}
}

@article{xu2020semi,
  author = {Xu, Ganggang and Wang, Ming and Bian, Jiangze and Huang, Hui and Burch, Timothy R. and Andrade, Sandro C. and Zhang, Jingfei and Guan, Yongtao},
  journal = {Journal of Machine Learning Research},
  note = {<http://jmlr.org/papers/v21/18-735.html>},
  number = {192},
  openalex = {W3096034563},
  pages = {1–39},
  title = {Semi-parametric Learning of Structured Temporal Point Processes},
  volume = {21},
  year = {2020}
}

@article{yang2020greedy,
  author = {Yang, Puyudi and Chen, Jianbo and Hsieh, Cho-Jui and Wang, Jane-Ling and Jordan, Michael I.},
  journal = {Journal of Machine Learning Research},
  note = {<http://jmlr.org/papers/v21/19-569.html>},
  number = {43},
  openalex = {W3013371788},
  pages = {1–36},
  title = {Greedy Attack and Gumbel Attack: Generating Adversarial Examples for Discrete Data},
  volume = {21},
  year = {2020}
}

@article{ye2020nesterov,
  author = {Ye, Haishan and Luo, Luo and Zhang, Zhihua},
  journal = {Journal of Machine Learning Research},
  note = {<http://jmlr.org/papers/v21/19-265.html>},
  number = {142},
  openalex = {W3082625493},
  pages = {1–37},
  title = {Nesterov's Acceleration For Approximate Newton},
  volume = {21},
  year = {2020}
}

@article{younes2020diffeomorphic,
  author = {Younes, Laurent},
  journal = {Journal of Machine Learning Research},
  note = {<http://jmlr.org/papers/v21/18-415.html>},
  number = {220},
  openalex = {W2805860188},
  pages = {1–28},
  title = {Diffeomorphic Learning},
  volume = {21},
  year = {2020}
}

@article{yu2020estimation,
  author = {Yu, Ming and Gupta, Varun and Kolar, Mladen},
  journal = {Journal of Machine Learning Research},
  note = {<http://jmlr.org/papers/v21/19-496.html>},
  number = {71},
  openalex = {W2950054650},
  pages = {1–47},
  title = {Estimation of a Low-rank Topic-Based Model for Information Cascades},
  volume = {21},
  year = {2020}
}

@article{yu2020fast,
  author = {Yu, Hang and Wu, Songwei and Xin, Luyin and Dauwels, Justin},
  journal = {Journal of Machine Learning Research},
  note = {<http://jmlr.org/papers/v21/18-514.html>},
  number = {124},
  openalex = {W3082331408},
  pages = {1–54},
  title = {Fast Bayesian inference of Sparse Networks with automatic sparsity determination},
  volume = {21},
  year = {2020}
}

@article{yu2020low,
  author = {Yu, Hao and Neely, Michael J.},
  journal = {Journal of Machine Learning Research},
  note = {<http://jmlr.org/papers/v21/16-494.html>},
  number = {1},
  openalex = {W3008594870},
  pages = {1–24},
  title = {A Low Complexity Algorithm with O(√T) Regret and O(1) Constraint Violations for Online Convex Optimization with Long Term Constraints},
  volume = {21},
  year = {2020}
}

@article{yu2020simultaneous,
  author = {Yu, Ming and Gupta, Varun and Kolar, Mladen},
  journal = {Journal of Machine Learning Research},
  note = {<http://jmlr.org/papers/v21/19-383.html>},
  number = {91},
  openalex = {W2945860003},
  pages = {1–51},
  title = {Simultaneous Inference for Pairwise Graphical Models with Generalized Score Matching},
  volume = {21},
  year = {2020}
}

@article{yuan2020convergence,
  author = {Yuan, Xiao-Tong and Li, Ping},
  journal = {Journal of Machine Learning Research},
  note = {<http://jmlr.org/papers/v21/19-764.html>},
  number = {206},
  openalex = {W3096659018},
  pages = {1–51},
  title = {On Convergence of Distributed Approximate Newton Methods: Globalization, Sharper Bounds and Beyond},
  volume = {21},
  year = {2020}
}

@article{yuan2020discerning,
  author = {Yuan, Xiaoming and Zeng, Shangzhi and Zhang, Jin},
  journal = {Journal of Machine Learning Research},
  note = {<http://jmlr.org/papers/v21/18-562.html>},
  number = {83},
  openalex = {W3038675262},
  pages = {1–75},
  title = {Discerning the Linear Convergence of ADMM for Structured Convex Optimization through the Lens of Variational Analysis},
  volume = {21},
  year = {2020}
}

@article{yuan2020dual,
  author = {Yuan, Xiao-Tong and Liu, Bo and Wang, Lezi and Liu, Qingshan and Metaxas, Dimitris N.},
  journal = {Journal of Machine Learning Research},
  note = {<http://jmlr.org/papers/v21/18-487.html>},
  number = {152},
  openalex = {W2962677711},
  pages = {1–50},
  title = {Dual iterative hard thresholding},
  volume = {21},
  year = {2020}
}

@article{zhai2020complete,
  author = {Zhai, Yuexiang and Yang, Zitong and Liao, Zhenyu and Wright, John and Ma, Yi},
  journal = {Journal of Machine Learning Research},
  note = {<http://jmlr.org/papers/v21/19-755.html>},
  number = {165},
  openalex = {W3086393698},
  pages = {1–68},
  title = {Complete Dictionary Learning via L4-Norm Maximization over the Orthogonal Group},
  volume = {21},
  year = {2020}
}

@article{zhang2020maximum,
  author = {Zhang, Xin and Mai, Qing and Zou, Hui},
  journal = {Journal of Machine Learning Research},
  note = {<http://jmlr.org/papers/v21/17-788.html>},
  number = {29},
  openalex = {W3011584860},
  pages = {1–36},
  title = {The Maximum Separation Subspace in Sufficient Dimension Reduction with Categorical Response},
  volume = {21},
  year = {2020}
}

@article{zhang2020ultra,
  author = {Zhang, Yuankun and Lian, Heng and Yu, Yan},
  journal = {Journal of Machine Learning Research},
  note = {<http://jmlr.org/papers/v21/19-173.html>},
  number = {224},
  openalex = {W3118218782},
  pages = {1–25},
  title = {Ultra-High Dimensional Single-Index Quantile Regression},
  volume = {21},
  year = {2020}
}

@article{zhou2020efficient,
  author = {Zhou, Feng and Li, Zhidong and Fan, Xuhui and Wang, Yang and Sowmya, Arcot and Chen, Fang},
  journal = {Journal of Machine Learning Research},
  note = {<http://jmlr.org/papers/v21/19-930.html>},
  number = {241},
  openalex = {W3116417184},
  pages = {1–31},
  title = {Efficient Inference for Nonparametric Hawkes Processes Using Auxiliary Latent Variables},
  volume = {21},
  year = {2020}
}

@article{zhou2020learning,
  author = {Zhou, Can and Wang, Xiaofei and Guo, Jianhua},
  journal = {Journal of Machine Learning Research},
  note = {<http://jmlr.org/papers/v21/20-365.html>},
  number = {249},
  openalex = {W3113842873},
  pages = {1–35},
  title = {Learning Mixed Latent Tree Models},
  volume = {21},
  year = {2020}
}

@article{zhou2020optimal,
  author = {Zhou, Zhixin and Amini, Arash A.},
  journal = {Journal of Machine Learning Research},
  note = {<http://jmlr.org/papers/v21/19-299.html>},
  number = {40},
  openalex = {W3011766796},
  pages = {1–68},
  title = {Optimal Bipartite Network Clustering},
  volume = {21},
  year = {2020}
}

@article{zhou2020stochastic,
  author = {Zhou, Dongruo and Xu, Pan and Gu, Quanquan},
  journal = {Journal of Machine Learning Research},
  note = {<http://jmlr.org/papers/v21/18-447.html>},
  number = {103},
  openalex = {W3024230214},
  pages = {1–63},
  title = {Stochastic Nested Variance Reduction for Nonconvex Optimization},
  volume = {21},
  year = {2020}
}
