@article{abdessalem2021river,
  author =       {Montiel, Jacob and Halford, Max and Mastelini, Saulo
                  Martiello and Bolmier, Geoffrey and Sourty, Raphaël
                  and Vaysse, Robin and Zouitine, Adil and Gomes,
                  Heitor Murilo and Read, Jesse and Abdessalem, Talel
                  and Bifet, Albert},
  journal =      {Journal of Machine Learning Research},
  note =         {\url{http://jmlr.org/papers/v22/20-1380.html}},
  number =       110,
  openalex =     {W3111828510},
  pages =        {1--8},
  title =        {River: machine learning for streaming data in
                  Python},
  volume =       22,
  year =         2021
}

@article{agarwal2021on,
  author =       {Agarwal, Alekh and Kakade, Sham M. and Lee, Jason
                  D. and Mahajan, Gaurav},
  journal =      {Journal of Machine Learning Research},
  note =         {\url{http://jmlr.org/papers/v22/19-736.html}},
  number =       98,
  openalex =     {W3039845099},
  pages =        {1--76},
  title =        {On the Theory of Policy Gradient Methods:
                  Optimality, Approximation, and Distribution Shift},
  volume =       22,
  year =         2021
}

@article{agrawal2021optimal,
  author =       {Agrawal, Rohit and Horel, Thibaut},
  journal =      {Journal of Machine Learning Research},
  note =         {\url{http://jmlr.org/papers/v22/20-867.html}},
  number =       128,
  openalex =     {W3035624438},
  pages =        {1--59},
  title =        {Optimal Bounds between $f$-Divergences and Integral
                  Probability Metrics},
  volume =       22,
  year =         2021
}

@article{ahmed2021neighborhood,
  author =       {Ahmed, Imtiaz and Hu, Xia Ben and Acharya, Mithun
                  P. and Ding, Yu},
  journal =      {Journal of Machine Learning Research},
  note =         {\url{http://jmlr.org/papers/v22/19-924.html}},
  number =       34,
  pages =        {1--32},
  title =        {Neighborhood Structure Assisted Non-negative Matrix
                  Factorization and its Application in Unsupervised
                  Point-wise Anomaly Detection},
  volume =       22,
  year =         2021
}

@article{alenlov2021pseudo,
  author =       {Alenlöv, Johan and Doucet, Arnoud and Lindsten,
                  Fredrik},
  journal =      {Journal of Machine Learning Research},
  note =         {\url{http://jmlr.org/papers/v22/19-486.html}},
  number =       141,
  pages =        {1--45},
  title =        {Pseudo-Marginal Hamiltonian Monte Carlo},
  volume =       22,
  year =         2021
}

@article{ali2021pykeen,
  author =       {Ali, Mehdi and Berrendorf, Max and Hoyt, Charles
                  Tapley and Vermue, Laurent and Sharifzadeh, Sahand
                  and Tresp, Volker and Lehmann, Jens},
  journal =      {Journal of Machine Learning Research},
  note =         {\url{http://jmlr.org/papers/v22/20-825.html}},
  number =       82,
  openalex =     {W3046075728},
  pages =        {1--6},
  title =        {PyKEEN 1.0: A Python Library for Training and
                  Evaluating Knowledge Graph Embeddings},
  volume =       22,
  year =         2021
}

@article{allerbo2021non,
  author =       {Allerbo, Oskar and Jörnsten, Rebecka},
  journal =      {Journal of Machine Learning Research},
  note =         {\url{http://jmlr.org/papers/v22/21-0203.html}},
  number =       283,
  openalex =     {W4287325028},
  pages =        {1--28},
  title =        {Non-linear, Sparse Dimensionality Reduction via Path
                  Lasso Penalized Autoencoders},
  volume =       22,
  year =         2021
}

@article{altschuler2021wasserstein,
  author =       {Altschuler, Jason M. and Boix-Adserà, Enric},
  journal =      {Journal of Machine Learning Research},
  note =         {\url{http://jmlr.org/papers/v22/20-588.html}},
  number =       44,
  openalex =     {W4287757887},
  pages =        {1--19},
  title =        {Wasserstein barycenters can be computed in
                  polynomial time in fixed dimension},
  volume =       22,
  year =         2021
}

@article{arachie2021general,
  author =       {Arachie, Chidubem and Huang, Bert},
  journal =      {Journal of Machine Learning Research},
  note =         {\url{http://jmlr.org/papers/v22/20-537.html}},
  number =       118,
  openalex =     {W3166226836},
  pages =        {1--33},
  title =        {A General Framework for Adversarial Label Learning},
  volume =       22,
  year =         2021
}

@article{arous2021online,
  author =       {Arous, Gérard Ben and Gheissari, Reza and Jagannath,
                  Aukosh},
  journal =      {Journal of Machine Learning Research},
  note =         {\url{http://jmlr.org/papers/v22/20-1288.html}},
  number =       106,
  openalex =     {W4381806233},
  pages =        {1--51},
  title =        {Online stochastic gradient descent on non-convex
                  losses from high-dimensional inference},
  volume =       22,
  year =         2021
}

@article{arroyo2021inference,
  author =       {Arroyo, Jesús and Athreya, Avanti and Cape, Joshua
                  and Chen, Guodong and Priebe, Carey E. and
                  Vogelstein, Joshua T},
  journal =      {Journal of Machine Learning Research},
  note =         {\url{http://jmlr.org/papers/v22/19-558.html}},
  number =       142,
  openalex =     {W3189983173},
  pages =        {1--49},
  title =        {Inference for Multiple Heterogeneous Networks with a
                  Common Invariant Subspace},
  volume =       22,
  year =         2021
}

@article{atarashi2021factorization,
  author =       {Atarashi, Kyohei and Oyama, Satoshi and Kurihara,
                  Masahito},
  journal =      {Journal of Machine Learning Research},
  note =         {\url{http://jmlr.org/papers/v22/20-1170.html}},
  number =       153,
  openalex =     {W3093210783},
  pages =        {1--50},
  title =        {Factorization Machines with Regularization for
                  Sparse Feature Interactions},
  volume =       22,
  year =         2021
}

@article{axiotis2021sparse,
  author =       {Axiotis, Kyriakos and Sviridenko, Maxim},
  journal =      {Journal of Machine Learning Research},
  note =         {\url{http://jmlr.org/papers/v22/20-661.html}},
  number =       122,
  openalex =     {W3037792412},
  pages =        {1--47},
  title =        {Sparse Convex Optimization via Adaptively
                  Regularized Hard Thresholding},
  volume =       22,
  year =         2021
}

@article{ayed2021consistent,
  author =       {Ayed, Fadhel and Battiston, Marco and Camerlenghi,
                  Federico and Favaro, Stefano},
  journal =      {Journal of Machine Learning Research},
  note =         {\url{http://jmlr.org/papers/v22/18-534.html}},
  number =       6,
  openalex =     {W3128325655},
  pages =        {1--28},
  title =        {Consistent estimation of small masses in feature
                  sampling},
  volume =       22,
  year =         2021
}

@article{aziz2021multi,
  author =       {Aziz, Maryam and Kaufmann, Emilie and Rivière,
                  Marie-Karelle},
  journal =      {Journal of Machine Learning Research},
  note =         {\url{http://jmlr.org/papers/v22/19-228.html}},
  number =       14,
  openalex =     {W3015364209},
  pages =        {1--38},
  title =        {On Multi-Armed Bandit Designs for Dose-Finding
                  Trials},
  volume =       22,
  year =         2021
}

@article{azmi2021optimal,
  author =       {Azmi, Behzad and Kalise, Dante and Kunisch, Karl},
  journal =      {Journal of Machine Learning Research},
  note =         {\url{http://jmlr.org/papers/v22/20-755.html}},
  number =       48,
  openalex =     {W3115087407},
  pages =        {1--32},
  title =        {Optimal Feedback Law Recovery by Gradient-Augmented
                  Sparse Polynomial Regression},
  volume =       22,
  year =         2021
}

@article{bakhtin2021residual,
  author =       {Deng, Yuntian and Bakhtin, Anton and Ott, Myle and
                  Szlam, Arthur and Ranzato, Marc’Aurelio},
  journal =      {Journal of Machine Learning Research},
  note =         {\url{http://jmlr.org/papers/v22/20-326.html}},
  number =       40,
  openalex =     {W3018305985},
  pages =        {1--41},
  title =        {Residual Energy-Based Models for Text Generation},
  volume =       22,
  year =         2021
}

@article{balabdaoui2021unlinked,
  author =       {Balabdaoui, Fadoua and Doss, Charles R. and Durot,
                  Cécile},
  journal =      {Journal of Machine Learning Research},
  note =         {\url{http://jmlr.org/papers/v22/20-689.html}},
  number =       172,
  openalex =     {W3038495971},
  pages =        {1--60},
  title =        {Unlinked monotone regression},
  volume =       22,
  year =         2021
}

@article{balasubramanian2021nonparametric,
  author =       {Balasubramanian, Krishnakumar},
  journal =      {Journal of Machine Learning Research},
  note =         {\url{http://jmlr.org/papers/v22/19-941.html}},
  number =       146,
  openalex =     {W4287180059},
  pages =        {1--35},
  title =        {Nonparametric Modeling of Higher-Order Interactions
                  via Hypergraphons},
  volume =       22,
  year =         2021
}

@article{balasubramanian2021optimality,
  author =       {Balasubramanian, Krishnakumar and Li, Tong and Yuan,
                  Ming},
  journal =      {Journal of Machine Learning Research},
  note =         {\url{http://jmlr.org/papers/v22/17-570.html}},
  number =       1,
  openalex =     {W2760093735},
  pages =        {1--45},
  title =        {On the Optimality of Kernel-Embedding Based
                  Goodness-of-Fit Tests},
  volume =       22,
  year =         2021
}

@article{banerjee2021general,
  author =       {Banerjee, Trambak and Liu, Qiang and Mukherjee,
                  Gourab and Sun, Wenguang},
  journal =      {Journal of Machine Learning Research},
  note =         {\url{http://jmlr.org/papers/v22/19-873.html}},
  number =       67,
  openalex =     {W2980775349},
  pages =        {1--46},
  title =        {A General Framework for Empirical Bayes Estimation
                  in Discrete Linear Exponential Family},
  volume =       22,
  year =         2021
}

@article{banerjee2021improved,
  author =       {Banerjee, Trambak and Mukherjee, Gourab and Paul,
                  Debashis},
  journal =      {Journal of Machine Learning Research},
  note =         {\url{http://jmlr.org/papers/v22/21-0006.html}},
  number =       180,
  openalex =     {W3191141750},
  pages =        {1--40},
  title =        {Improved Shrinkage Prediction under a Spiked
                  Covariance Structure},
  volume =       22,
  year =         2021
}

@article{baniecki2021dalex,
  author =       {Baniecki, Hubert and Kretowicz, Wojciech and
                  Piątyszek, Piotr and Wiśniewski, Jakub Bożydar and
                  Biecek, Przemysław},
  journal =      {Journal of Machine Learning Research},
  note =         {\url{http://jmlr.org/papers/v22/20-1473.html}},
  number =       214,
  openalex =     {W3206100932},
  pages =        {1--7},
  title =        {dalex: Responsible Machine Learning with Interactive
                  Explainability and Fairness in Python},
  volume =       22,
  year =         2021
}

@article{bartlett2021failures,
  author =       {Bartlett, Peter L. and Long, Philip M.},
  journal =      {Journal of Machine Learning Research},
  note =         {\url{http://jmlr.org/papers/v22/20-1164.html}},
  number =       204,
  openalex =     {W3093129138},
  pages =        {1--15},
  title =        {Failures of model-dependent generalization bounds
                  for least-norm interpolation},
  volume =       22,
  year =         2021
}

@article{baskin2021cat,
  author =       {Baskin, Chaim and Chmiel, Brian and Zheltonozhskii,
                  Evgenii and Banner, Ron and Bronstein, Alex and
                  Mendelson, Avi},
  journal =      {Journal of Machine Learning Research},
  note =         {\url{http://jmlr.org/papers/v22/20-1374.html}},
  number =       269,
  openalex =     {W2976783886},
  pages =        {1--20},
  title =        {CAT: Compression-Aware Training for bandwidth
                  reduction},
  volume =       22,
  year =         2021
}

@article{bayraktar2021prediction,
  author =       {Bayraktar, Erhan and Ekren, Ibrahim and Zhang, Xin},
  journal =      {Journal of Machine Learning Research},
  note =         {\url{http://jmlr.org/papers/v22/20-1234.html}},
  number =       72,
  openalex =     {W3170338947},
  pages =        {1--33},
  title =        {Prediction against a limited adversary},
  volume =       22,
  year =         2021
}

@article{bengs2021preference,
  author =       {Bengs, Viktor and Busa‐Fekete, Róbert and
                  Mesaoudi-Paul, Adil El and Hüllermeier, Eyke},
  journal =      {Journal of Machine Learning Research},
  note =         {\url{http://jmlr.org/papers/v22/18-546.html}},
  number =       7,
  openalex =     {W2883737864},
  pages =        {1--108},
  title =        {Preference-based Online Learning with Dueling
                  Bandits: A Survey},
  volume =       22,
  year =         2021
}

@article{bhatia2021simple,
  author =       {Bhatia, Jagdeep Singh},
  journal =      {Journal of Machine Learning Research},
  note =         {\url{http://jmlr.org/papers/v22/19-372.html}},
  number =       15,
  openalex =     {W2997227286},
  pages =        {1--30},
  title =        {Simple and Fast Algorithms for Interactive Machine
                  Learning with Random Counter-examples},
  volume =       22,
  year =         2021
}

@article{biau2021theoretical,
  author =       {Biau, Gérard and Sangnier, Maxime and Tanielian,
                  Ugo},
  journal =      {Journal of Machine Learning Research},
  note =         {\url{http://jmlr.org/papers/v22/20-553.html}},
  number =       119,
  openalex =     {W3033050199},
  pages =        {1--45},
  title =        {Some Theoretical Insights into Wasserstein GANs},
  volume =       22,
  year =         2021
}

@article{bietti2021contextual,
  author =       {Bietti, Alberto and Agarwal, Alekh and Langford,
                  John},
  journal =      {Journal of Machine Learning Research},
  note =         {\url{http://jmlr.org/papers/v22/18-863.html}},
  number =       133,
  openalex =     {W2807644309},
  pages =        {1--49},
  title =        {A Contextual Bandit Bake-off},
  volume =       22,
  year =         2021
}

@article{binder2021mlr3pipelines,
  author =       {Binder, Martin and Pfisterer, Florian and Lang,
                  Michel and Schneider, Lennart and Kotthoff, Lars and
                  Bischl, Bernd},
  journal =      {Journal of Machine Learning Research},
  note =         {\url{http://jmlr.org/papers/v22/21-0281.html}},
  number =       184,
  openalex =     {W3189984135},
  pages =        {1--7},
  title =        {mlr3pipelines - Flexible Machine Learning Pipelines
                  in R},
  volume =       22,
  year =         2021
}

@article{bing2021prediction,
  author =       {Bing, Xin and Bunea, Florentina and Strimas-Mackey,
                  Seth and Wegkamp, Marten},
  journal =      {Journal of Machine Learning Research},
  note =         {\url{http://jmlr.org/papers/v22/20-768.html}},
  number =       177,
  openalex =     {W3188584319},
  pages =        {1--50},
  title =        {Prediction Under Latent Factor Regression: Adaptive
                  PCR, Interpolating Predictors and Beyond},
  volume =       22,
  year =         2021
}

@article{biscione2021convolutional,
  author =       {Biscione, Valerio and Bowers, Jeffrey S.},
  journal =      {Journal of Machine Learning Research},
  note =         {\url{http://jmlr.org/papers/v22/21-0019.html}},
  number =       229,
  openalex =     {W3205650418},
  pages =        {1--28},
  title =        {Convolutional Neural Networks Are Not Invariant to
                  Translation, but They Can Learn to Be},
  volume =       22,
  year =         2021
}

@article{blanca2021hardness,
  author =       {Blanca, Antonio and Chen, Zongchen and Štefankovič,
                  Daniel and Vigoda, Eric},
  journal =      {Journal of Machine Learning Research},
  note =         {\url{http://jmlr.org/papers/v22/20-1162.html}},
  number =       152,
  openalex =     {W4287813143},
  pages =        {1--56},
  title =        {Hardness of Identity Testing for Restricted
                  Boltzmann Machines and Potts models},
  volume =       22,
  year =         2021
}

@article{blanchard2021domain,
  author =       {Blanchard, Gilles and Deshmukh, Aniket Anand and
                  Doǧan, Ürün and Lee, Gyemin and Scott, Clayton},
  journal =      {Journal of Machine Learning Research},
  note =         {\url{http://jmlr.org/papers/v22/17-679.html}},
  number =       2,
  openalex =     {W2768783441},
  pages =        {1--55},
  title =        {Domain Generalization by Marginal Transfer Learning},
  volume =       22,
  year =         2021
}

@article{blom2021conditional,
  author =       {Blom, Tineke and Diepen, Mirthe M. van and Mooij,
                  Joris M.},
  journal =      {Journal of Machine Learning Research},
  note =         {\url{http://jmlr.org/papers/v22/20-863.html}},
  number =       178,
  openalex =     {W3043261226},
  pages =        {1--62},
  title =        {Conditional Independences and Causal Relations
                  implied by Sets of Equations},
  volume =       22,
  year =         2021
}

@article{bonnevie2021matrix,
  author =       {Bonnevie, Rasmus and Schmidt, Mikkel N.},
  journal =      {Journal of Machine Learning Research},
  note =         {\url{http://jmlr.org/papers/v22/18-431.html}},
  number =       187,
  openalex =     {W3206574577},
  pages =        {1--48},
  title =        {Matrix Product States for Inference in Discrete
                  Probabilistic Models},
  volume =       22,
  year =         2021
}

@article{bouchard2021particle,
  author =       {Bouchard‐Côté, Alexandre and Roth, Andrew},
  journal =      {Journal of Machine Learning Research},
  note =         {\url{http://jmlr.org/papers/v22/20-082.html}},
  number =       197,
  openalex =     {W3001762958},
  pages =        {1--105},
  title =        {Particle-Gibbs Sampling For Bayesian Feature
                  Allocation Models},
  volume =       22,
  year =         2021
}

@article{cai2021mode,
  author =       {Cai, HanQin and Hamm, Keaton and Huang, Longxiu and
                  Needell, Deanna},
  journal =      {Journal of Machine Learning Research},
  note =         {\url{http://jmlr.org/papers/v22/21-0287.html}},
  number =       185,
  openalex =     {W3137950938},
  pages =        {1--36},
  title =        {Mode-wise Tensor Decompositions: Multi-dimensional
                  Generalizations of CUR Decompositions},
  volume =       22,
  year =         2021
}

@article{cai2021optimal,
  author =       {Cai, Tony and Li, Hongzhe and Ma, Rong},
  journal =      {Journal of Machine Learning Research},
  note =         {\url{http://jmlr.org/papers/v22/20-610.html}},
  number =       46,
  pages =        {1--45},
  title =        {Optimal Structured Principal Subspace Estimation:
                  Metric Entropy and Minimax Rates},
  volume =       22,
  year =         2021
}

@article{campi2021theory,
  author =       {Campi, Marco C. and Garatti, Simone},
  journal =      {Journal of Machine Learning Research},
  note =         {\url{http://jmlr.org/papers/v22/21-0641.html}},
  number =       288,
  openalex =     {W4287815533},
  pages =        {1--38},
  title =        {A Theory of the Risk for Optimization with
                  Relaxation and its Application to Support Vector
                  Machines},
  volume =       22,
  year =         2021
}

@article{castera2021inertial,
  author =       {Castera, Camille and Bolte, Jérôme and Févotte,
                  Cédric and Pauwels, Edouard},
  journal =      {Journal of Machine Learning Research},
  note =         {\url{http://jmlr.org/papers/v22/19-1024.html}},
  number =       134,
  openalex =     {W2947930523},
  pages =        {1--31},
  title =        {An Inertial Newton Algorithm for Deep Learning},
  volume =       22,
  year =         2021
}

@article{cauchois2021knowing,
  author =       {Cauchois, Maxime and Gupta, Suyash and Duchi, John
                  C.},
  journal =      {Journal of Machine Learning Research},
  note =         {\url{http://jmlr.org/papers/v22/20-753.html}},
  number =       81,
  openalex =     {W3157809193},
  pages =        {1--42},
  title =        {Knowing what You Know: valid and validated
                  confidence sets in multiclass and multilabel
                  prediction},
  volume =       22,
  year =         2021
}

@article{celisse2021analyzing,
  author =       {Célisse, Alain and Wahl, Martin},
  journal =      {Journal of Machine Learning Research},
  note =         {\url{http://jmlr.org/papers/v22/20-358.html}},
  number =       76,
  openalex =     {W3017312302},
  pages =        {1--59},
  title =        {Analyzing the discrepancy principle for kernelized
                  spectral filter learning algorithms},
  volume =       22,
  year =         2021
}

@article{charlier2021kernel,
  author =       {Charlier, Benjamin and Feydy, Jean and Glaunès, Joan
                  and Collin, François-David and Durif, Ghislain},
  journal =      {Journal of Machine Learning Research},
  note =         {\url{http://jmlr.org/papers/v22/20-275.html}},
  number =       74,
  openalex =     {W3020430839},
  pages =        {1--6},
  title =        {Kernel Operations on the GPU, with Autodiff, without
                  Memory Overflows},
  volume =       22,
  year =         2021
}

@article{chatterji2021finite,
  author =       {Chatterji, Niladri S. and Long, Philip M.},
  journal =      {Journal of Machine Learning Research},
  note =         {\url{http://jmlr.org/papers/v22/20-974.html}},
  number =       129,
  openalex =     {W3168158992},
  pages =        {1--30},
  title =        {Finite-sample Analysis of Interpolating Linear
                  Classifiers in the Overparameterized Regime},
  volume =       22,
  year =         2021
}

@article{chatterji2021when,
  author =       {Chatterji, Niladri S. and Long, Philip M. and
                  Bartlett, Peter L.},
  journal =      {Journal of Machine Learning Research},
  note =         {\url{http://jmlr.org/papers/v22/20-1372.html}},
  number =       159,
  openalex =     {W3112962553},
  pages =        {1--48},
  title =        {When does gradient descent with logistic loss find
                  interpolating two-layer networks?},
  volume =       22,
  year =         2021
}

@article{chen2021domain,
  author =       {Chen, Yuansi and Bühlmann, Peter},
  journal =      {Journal of Machine Learning Research},
  note =         {\url{http://jmlr.org/papers/v22/20-1227.html}},
  number =       261,
  openalex =     {W3095575559},
  pages =        {1--80},
  title =        {Domain adaptation under structural causal models},
  volume =       22,
  year =         2021
}

@article{chen2021roots,
  author =       {Chen, Chang and Deng, Fei and Ahn, Sungjin},
  journal =      {Journal of Machine Learning Research},
  note =         {\url{http://jmlr.org/papers/v22/20-1176.html}},
  number =       259,
  pages =        {1--36},
  title =        {ROOTS: Object-Centric Representation and Rendering
                  of 3D Scenes},
  volume =       22,
  year =         2021
}

@article{chen2021shape,
  author =       {Chen, Xi and Chernozhukov, Victor and Fernández‐Val,
                  Iván and Kostyshak, Scott and Luo, Ye},
  journal =      {Journal of Machine Learning Research},
  note =         {\url{http://jmlr.org/papers/v22/20-513.html}},
  number =       220,
  openalex =     {W3206877543},
  pages =        {1--42},
  title =        {Shape-Enforcing Operators for Generic Point and
                  Interval Estimators of Functions},
  volume =       22,
  year =         2021
}

@article{chen2021unfolding,
  author =       {Chen, Yunxiao and Ying, Zhiliang and Zhang, Haoran},
  journal =      {Journal of Machine Learning Research},
  note =         {\url{http://jmlr.org/papers/v22/18-846.html}},
  number =       11,
  openalex =     {W3198819368},
  pages =        {1--51},
  title =        {Unfolding-Model-Based Visualization: Theory, Method
                  and Applications},
  volume =       22,
  year =         2021
}

@article{chretien2021learning,
  author =       {Chrétien, Stéphane and Cucuringu, Mihai and Lecué,
                  Guillaume and Neirac, Lucie},
  journal =      {Journal of Machine Learning Research},
  note =         {\url{http://jmlr.org/papers/v22/21-0021.html}},
  number =       230,
  openalex =     {W3205586389},
  pages =        {1--64},
  title =        {Learning with semi-definite programming: statistical
                  bounds based on fixed point analysis and excess risk
                  curvature},
  volume =       22,
  year =         2021
}

@article{christof2021stability,
  author =       {Christof, Constantin},
  journal =      {Journal of Machine Learning Research},
  note =         {\url{http://jmlr.org/papers/v22/20-1259.html}},
  number =       263,
  openalex =     {W3105651651},
  pages =        {1--77},
  title =        {On the Stability Properties and the Optimization
                  Landscape of Training Problems with Squared Loss for
                  Neural Networks and General Nonlinear Conic
                  Approximation Schemes},
  volume =       22,
  year =         2021
}

@article{clark2021nonparametric,
  author =       {Clark, William and Ghaffari, Maani and Bloch,
                  Anthony M.},
  journal =      {Journal of Machine Learning Research},
  note =         {\url{http://jmlr.org/papers/v22/20-1468.html}},
  number =       271,
  openalex =     {W3217193728},
  pages =        {1--50},
  title =        {Nonparametric Continuous Sensor Registration},
  volume =       22,
  year =         2021
}

@article{cockayne2021probabilistic,
  author =       {Cockayne, Jon and Ipsen, Ilse C. F. and Oates, Chris
                  J. and Reid, Tim W.},
  journal =      {Journal of Machine Learning Research},
  note =         {\url{http://jmlr.org/papers/v22/21-0031.html}},
  number =       232,
  openalex =     {W3116159773},
  pages =        {1--34},
  title =        {Probabilistic Iterative Methods for Linear Systems},
  volume =       22,
  year =         2021
}

@article{covert2021explaining,
  author =       {Covert, Ian and Lundberg, Scott and Lee, Su‐In},
  journal =      {Journal of Machine Learning Research},
  note =         {\url{http://jmlr.org/papers/v22/20-1316.html}},
  number =       209,
  openalex =     {W3107600318},
  pages =        {1--90},
  title =        {Explaining by Removing: A Unified Framework for
                  Model Explanation},
  volume =       22,
  year =         2021
}

@article{cucuringu2021regularized,
  author =       {Cucuringu, Mihai and Singh, Apoorv Vikram and Sulem,
                  Déborah and Tyagi, Hemant},
  journal =      {Journal of Machine Learning Research},
  note =         {\url{http://jmlr.org/papers/v22/20-1289.html}},
  number =       264,
  openalex =     {W3097810218},
  pages =        {1--79},
  title =        {Regularized spectral methods for clustering signed
                  networks},
  volume =       22,
  year =         2021
}

@article{curtin2021ensmallen,
  author =       {Curtin, Ryan R. and Edel, Marcus and Prabhu, Rahul
                  and Basak, Suryoday and Lou, Zhihao and Sanderson,
                  Conrad},
  journal =      {Journal of Machine Learning Research},
  note =         {\url{http://jmlr.org/papers/v22/20-416.html}},
  number =       166,
  openalex =     {W3196826520},
  pages =        {1--6},
  title =        {The ensmallen library for flexible numerical
                  optimization},
  volume =       22,
  year =         2021
}

@article{dai2021learning,
  author =       {Dai, Xiaowu and Jordan, Michael I.},
  journal =      {Journal of Machine Learning Research},
  note =         {\url{http://jmlr.org/papers/v22/20-1221.html}},
  number =       260,
  openalex =     {W3096516557},
  pages =        {1--50},
  title =        {Learning Strategies in Decentralized Matching
                  Markets under Uncertain Preferences},
  volume =       22,
  year =         2021
}

@article{dallamico2021unified,
  author =       {Dall’Amico, Lorenzo and Couillet, Romain and
                  Tremblay, Nicolas},
  journal =      {Journal of Machine Learning Research},
  note =         {\url{http://jmlr.org/papers/v22/20-261.html}},
  number =       217,
  openalex =     {W3012795134},
  pages =        {1--56},
  title =        {A unified framework for spectral clustering in
                  sparse graphs},
  volume =       22,
  year =         2021
}

@article{damianou2021multi,
  author =       {Damianou, Andreas and Lawrence, Neil D. and Ek, Carl
                  Henrik},
  journal =      {Journal of Machine Learning Research},
  note =         {\url{http://jmlr.org/papers/v22/16-179.html}},
  number =       86,
  openalex =     {W4293549471},
  pages =        {1--51},
  title =        {Multi-view Learning as a Nonparametric Nonlinear
                  Inter-Battery Factor Analysis},
  volume =       22,
  year =         2021
}

@article{dantas2021expanding,
  author =       {Dantas, Cássio F. and Soubies, Emmanuel and Févotte,
                  Cédric},
  journal =      {Journal of Machine Learning Research},
  note =         {\url{http://jmlr.org/papers/v22/21-0179.html}},
  number =       236,
  openalex =     {W3129377187},
  pages =        {1--57},
  title =        {Expanding boundaries of Gap Safe screening},
  volume =       22,
  year =         2021
}

@article{daspremont2021ranking,
  author =       {d’Aspremont, Alexandre and Cucuringu, Mihai and
                  Tyagi, Hemant},
  journal =      {Journal of Machine Learning Research},
  note =         {\url{http://jmlr.org/papers/v22/19-542.html}},
  number =       19,
  openalex =     {W2948065064},
  pages =        {1--63},
  title =        {Ranking and synchronization from pairwise
                  measurements via SVD},
  volume =       22,
  year =         2021
}

@article{davis2021from,
  author =       {Davis, Damek and Drusvyatskiy, Dmitriy and Xiao, Lin
                  and Zhang, Junyu},
  journal =      {Journal of Machine Learning Research},
  note =         {\url{http://jmlr.org/papers/v22/20-821.html}},
  number =       49,
  openalex =     {W2980686465},
  pages =        {1--38},
  title =        {From low probability to high confidence in
                  stochastic convex optimization},
  volume =       22,
  year =         2021
}

@article{dedieu2021learning,
  author =       {Dedieu, Antoine and Hazimeh, Hussein and Mazumder,
                  Rahul},
  journal =      {Journal of Machine Learning Research},
  note =         {\url{http://jmlr.org/papers/v22/19-1049.html}},
  number =       135,
  openalex =     {W4287903375},
  pages =        {1--47},
  title =        {Learning Sparse Classifiers: Continuous and Mixed
                  Integer Optimization Perspectives},
  volume =       22,
  year =         2021
}

@article{deng2021strong,
  author =       {Deng, Shaofeng and Ling, Shuyang and Strohmer,
                  Thomas},
  journal =      {Journal of Machine Learning Research},
  note =         {\url{http://jmlr.org/papers/v22/20-391.html}},
  number =       117,
  openalex =     {W3168808485},
  pages =        {1--44},
  title =        {Strong Consistency, Graph Laplacians, and the
                  Stochastic Block Model},
  volume =       22,
  year =         2021
}

@article{deramo2021gaussian,
  author =       {D’Eramo, Carlo and Cini, Andrea and Nuara,
                  Alessandro and Pirotta, Matteo and Alippi, Cesare
                  and Peters, Jan and Restelli, Marcello},
  journal =      {Journal of Machine Learning Research},
  note =         {\url{http://jmlr.org/papers/v22/20-633.html}},
  number =       277,
  openalex =     {W3215753636},
  pages =        {1--51},
  title =        {Gaussian Approximation for Bias Reduction in
                  Q-Learning},
  volume =       22,
  year =         2021
}

@article{deramo2021mushroomrl,
  author =       {D’Eramo, Carlo and Tateo, Davide and Bonarini,
                  Andrea and Restelli, Marcello and Peters, Jan},
  journal =      {Journal of Machine Learning Research},
  note =         {\url{http://jmlr.org/papers/v22/18-056.html}},
  number =       131,
  openalex =     {W2998544442},
  pages =        {1--5},
  title =        {MushroomRL: Simplifying Reinforcement Learning
                  Research},
  volume =       22,
  year =         2021
}

@article{devilmarest2021stochastic,
  author =       {Vilmarest, Joseph de and Wintenberger, Olivier},
  journal =      {Journal of Machine Learning Research},
  note =         {\url{http://jmlr.org/papers/v22/20-618.html}},
  number =       223,
  openalex =     {W3005440362},
  pages =        {1--55},
  title =        {Stochastic Online Optimization using Kalman
                  Recursion},
  volume =       22,
  year =         2021
}

@article{ding2021langevin,
  author =       {Ding, Zhiyan and Li, Qin},
  journal =      {Journal of Machine Learning Research},
  note =         {\url{http://jmlr.org/papers/v22/20-1205.html}},
  number =       205,
  openalex =     {W3045501363},
  pages =        {1--51},
  title =        {Langevin Monte Carlo: random coordinate descent and
                  variance reduction},
  volume =       22,
  year =         2021
}

@article{dong2021replica,
  author =       {Dong, Jing and Tong, Xin T.},
  journal =      {Journal of Machine Learning Research},
  note =         {\url{http://jmlr.org/papers/v22/20-697.html}},
  number =       173,
  openalex =     {W3002186431},
  pages =        {1--59},
  title =        {Replica Exchange for Non-Convex Optimization},
  volume =       22,
  year =         2021
}

@article{duan2021bayesian,
  author =       {Duan, Leo L. and Dunson, David B.},
  journal =      {Journal of Machine Learning Research},
  note =         {\url{http://jmlr.org/papers/v22/20-688.html}},
  number =       224,
  openalex =     {W2897573629},
  pages =        {1--27},
  title =        {Bayesian Distance Clustering.},
  volume =       22,
  year =         2021
}

@article{dudeja2021statistical,
  author =       {Dudeja, Rishabh and Hsu, Daniel},
  journal =      {Journal of Machine Learning Research},
  note =         {\url{http://jmlr.org/papers/v22/20-837.html}},
  number =       83,
  openalex =     {W3162233198},
  pages =        {1--51},
  title =        {Statistical Query Lower Bounds for Tensor PCA},
  volume =       22,
  year =         2021
}

@article{eftekhari2021inference,
  author =       {Eftekhari, Hamid and Banerjee, Moulinath and Ritov,
                  Ya’acov},
  journal =      {Journal of Machine Learning Research},
  note =         {\url{http://jmlr.org/papers/v22/19-744.html}},
  number =       27,
  openalex =     {W3127194541},
  pages =        {1--63},
  title =        {Inference In High-dimensional Single-Index Models
                  Under Symmetric Designs},
  volume =       22,
  year =         2021
}

@article{ergen2021convex,
  author =       {Ergen, Tolga and Pilancı, Mert},
  journal =      {Journal of Machine Learning Research},
  note =         {\url{http://jmlr.org/papers/v22/20-1447.html}},
  number =       212,
  openalex =     {W3006926186},
  pages =        {1--63},
  title =        {Convex Geometry and Duality of Over-parameterized
                  Neural Networks},
  volume =       22,
  year =         2021
}

@article{fan2021beyond,
  author =       {Fan, Angela and Bhosale, Shruti and Schwenk, Holger
                  and Ma, Zhiyi and El-Kishky, Ahmed and Goyal,
                  Siddharth and Baines, Mandeep and Çelebi, Onur and
                  Wenzek, Guillaume and Chaudhary, Vishrav and Goyal,
                  Naman and Birch, Tom and Liptchinsky, Vitaliy and
                  Edunov, Sergey and Grave, Édouard and Auli, Michael
                  and Joulin, Armand},
  journal =      {Journal of Machine Learning Research},
  note =         {\url{http://jmlr.org/papers/v22/20-1307.html}},
  number =       107,
  openalex =     {W3093871477},
  pages =        {1--48},
  title =        {Beyond English-Centric Multilingual Machine
                  Translation},
  volume =       22,
  year =         2021
}

@article{fei2021estimation,
  author =       {Fei, Zhe and Li, Yi},
  journal =      {Journal of Machine Learning Research},
  note =         {\url{http://jmlr.org/papers/v22/19-132.html}},
  number =       58,
  openalex =     {W3150539639},
  pages =        {1--32},
  title =        {Estimation and Inference for High Dimensional
                  Generalized Linear Models: A Splitting and Smoothing
                  Approach},
  volume =       22,
  year =         2021
}

@article{feurer2021openml,
  author =       {Feurer, Matthias and Rijn, Jan N. van and Kadra,
                  Arlind and Gijsbers, Pieter and Mallik, Neeratyoy
                  and Ravi, Sahithya and Mueller, Andreas and
                  Vanschoren, Joaquin and Hutter, Frank},
  journal =      {Journal of Machine Learning Research},
  note =         {\url{http://jmlr.org/papers/v22/19-920.html}},
  number =       100,
  openalex =     {W2999543921},
  pages =        {1--5},
  title =        {OpenML-Python: an extensible Python API for OpenML},
  volume =       22,
  year =         2021
}

@article{flamary2021pot,
  author =       {Flamary, Rémi and Courty, Nicolas and Gramfort,
                  Alexandre and Alaya, Mokhtar Z. and Boisbunon,
                  Aurélie and Chambon, Stanislas and Chapel, Laëtitia
                  and Corenflos, Adrien and Fatras, Kilian and
                  Fournier, Nemo and Gautheron, Léo and Gayraud,
                  Nathalie and Janati, Hicham and Rakotomamonjy, Alain
                  and Redko, Ievgen and Rolet, Antoine and Schutz,
                  Antony and Seguy, Vivien and Sutherland, Danica
                  J. and Tavenard, Romain and Tong, Alexander and
                  Vayer, Titouan},
  journal =      {Journal of Machine Learning Research},
  note =         {\url{http://jmlr.org/papers/v22/20-451.html}},
  number =       78,
  openalex =     {W3157901108},
  pages =        {1--8},
  title =        {POT : Python Optimal Transport},
  volume =       22,
  year =         2021
}

@article{fornasier2021consensus,
  author =       {Fornasier, Massimo and Huang, Hui and Pareschi,
                  Lorenzo and Sünnen, Philippe},
  journal =      {Journal of Machine Learning Research},
  note =         {\url{http://jmlr.org/papers/v22/21-0259.html}},
  number =       237,
  openalex =     {W3004185045},
  pages =        {1--55},
  title =        {Consensus-Based Optimization on the Sphere:
                  Convergence to Global Minimizers and Machine
                  Learning},
  volume =       22,
  year =         2021
}

@article{frogner2021incorporating,
  author =       {Frogner, Charlie and Claici, Sebastian and Chien,
                  Edward and Solomon, Justin},
  journal =      {Journal of Machine Learning Research},
  note =         {\url{http://jmlr.org/papers/v22/19-1023.html}},
  number =       56,
  openalex =     {W2995472116},
  pages =        {1--46},
  title =        {Incorporating Unlabeled Data into Distributionally
                  Robust Learning},
  volume =       22,
  year =         2021
}

@article{fujisawa2021multilevel,
  author =       {Fujisawa, Masahiro and Sato, Issei},
  journal =      {Journal of Machine Learning Research},
  note =         {\url{http://jmlr.org/papers/v22/20-653.html}},
  number =       278,
  openalex =     {W2914683866},
  pages =        {1--44},
  title =        {Multilevel Monte Carlo Variational Inference},
  volume =       22,
  year =         2021
}

@article{fujita2021chainerrl,
  author =       {Fujita, Yasuhiro and Nagarajan, Prabhat and Kataoka,
                  Toshiki and Ishikawa, Takahiro},
  journal =      {Journal of Machine Learning Research},
  note =         {\url{http://jmlr.org/papers/v22/20-376.html}},
  number =       77,
  openalex =     {W2994240296},
  pages =        {1--14},
  title =        {ChainerRL: A Deep Reinforcement Learning Library},
  volume =       22,
  year =         2021
}

@article{galanti2021risk,
  author =       {Galanti, Tomer and Benaim, Sagie and Wolf, Lior},
  journal =      {Journal of Machine Learning Research},
  note =         {\url{http://jmlr.org/papers/v22/18-489.html}},
  number =       90,
  openalex =     {W3095888939},
  pages =        {1--42},
  title =        {Risk Bounds for Unsupervised Cross-Domain Mapping
                  with IPMs},
  volume =       22,
  year =         2021
}

@article{galvan2021two,
  author =       {Galvan, Giulio and Lapucci, Matteo and Lin, Chih‐Jen
                  and Sciandrone, Marco},
  journal =      {Journal of Machine Learning Research},
  note =         {\url{http://jmlr.org/papers/v22/19-632.html}},
  number =       23,
  openalex =     {W3128312899},
  pages =        {1--38},
  title =        {A Two-Level Decomposition Framework Exploiting First
                  and Second Order Information for SVM Training
                  Problems},
  volume =       22,
  year =         2021
}

@article{garcia2021geometric,
  author =       {Trillos, Nicolás García and Hoffmann, Franca and
                  Hosseini, Bamdad},
  journal =      {Journal of Machine Learning Research},
  note =         {\url{http://jmlr.org/papers/v22/19-683.html}},
  number =       63,
  openalex =     {W2935826133},
  pages =        {1--55},
  title =        {Geometric structure of graph Laplacian embeddings},
  volume =       22,
  year =         2021
}

@article{gomez2021decoupled,
  author =       {Gomez-Uribe, Carlos A. and Karrer, Brian},
  journal =      {Journal of Machine Learning Research},
  note =         {\url{http://jmlr.org/papers/v22/18-417.html}},
  number =       5,
  pages =        {1--25},
  title =        {The decoupled extended Kalman filter for dynamic
                  exponential-family factorization models},
  volume =       22,
  year =         2021
}

@article{goulet2021tractable,
  author =       {Goulet, James A. and Nguyen, Luong Ha and Amiri,
                  Saeid},
  journal =      {Journal of Machine Learning Research},
  note =         {\url{http://jmlr.org/papers/v22/20-1009.html}},
  number =       251,
  openalex =     {W4287813746},
  pages =        {1--23},
  title =        {Tractable Approximate Gaussian Inference for
                  Bayesian Neural Networks},
  volume =       22,
  year =         2021
}

@article{gourdeau2021hardness,
  author =       {Gourdeau, Pascale and Kanade, Varun and Kwiatkowska,
                  Marta and Worrell, James},
  journal =      {Journal of Machine Learning Research},
  note =         {\url{http://jmlr.org/papers/v22/20-285.html}},
  number =       273,
  openalex =     {W2970273067},
  pages =        {1--29},
  title =        {On the Hardness of Robust Classification},
  volume =       22,
  year =         2021
}

@article{green2021statistical,
  author =       {Green, Alden and Balakrishnan, Sivaraman and
                  Tibshirani, Ryan J.},
  journal =      {Journal of Machine Learning Research},
  note =         {\url{http://jmlr.org/papers/v22/19-1016.html}},
  number =       247,
  openalex =     {W4288020404},
  pages =        {1--71},
  title =        {Statistical Guarantees for Local Spectral Clustering
                  on Random Neighborhood Graphs},
  volume =       22,
  year =         2021
}

@article{grosnit2021are,
  author =       {Grosnit, Antoine and Cowen-Rivers, Alexander I. and
                  Tutunov, Rasul and Griffiths, Ryan‐Rhys and Wang,
                  Jun and Bou-Ammar, Haitham},
  journal =      {Journal of Machine Learning Research},
  note =         {\url{http://jmlr.org/papers/v22/20-1422.html}},
  number =       160,
  openalex =     {W3112604776},
  pages =        {1--78},
  title =        {Are we Forgetting about Compositional Optimisers in
                  Bayesian Optimisation?},
  volume =       22,
  year =         2021
}

@article{grünewälder2021oblivious,
  author =       {Grünewälder, Steffen and Khaleghi, Azadeh},
  journal =      {Journal of Machine Learning Research},
  note =         {\url{http://jmlr.org/papers/v22/20-1311.html}},
  number =       208,
  openalex =     {W3005529192},
  pages =        {1--36},
  title =        {Oblivious Data for Fairness with Kernels},
  volume =       22,
  year =         2021
}

@article{gu2021blackbox,
  author =       {Gu, Bin and Wei, Xiyuan and Gao, Shangqian and
                  Xiong, Ziran and Deng, Cheng and Huang, Heng},
  journal =      {Journal of Machine Learning Research},
  note =         {\url{http://jmlr.org/papers/v22/20-611.html}},
  number =       170,
  openalex =     {W3188875283},
  pages =        {1--47},
  title =        {Black-Box Reductions for Zeroth-Order Gradient
                  Algorithms to Achieve Lower Query Complexity},
  volume =       22,
  year =         2021
}

@article{guo2021inference,
  author =       {Guo, Zijian and Rakshit, Prabrisha and Herman,
                  Daniel S. and Chen, Jinbo},
  journal =      {Journal of Machine Learning Research},
  note =         {\url{http://jmlr.org/papers/v22/20-1050.html}},
  number =       254,
  openalex =     {W3215156956},
  pages =        {1--54},
  title =        {Inference for the Case Probability in
                  High-dimensional Logistic Regression},
  volume =       22,
  year =         2021
}

@article{gupta2021individual,
  author =       {Gupta, Swati and Kamble, Vijay},
  journal =      {Journal of Machine Learning Research},
  note =         {\url{http://jmlr.org/papers/v22/19-658.html}},
  number =       144,
  openalex =     {W2911749777},
  pages =        {1--35},
  title =        {Individual Fairness in Hindsight},
  volume =       22,
  year =         2021
}

@article{gupta2021path,
  author =       {Gupta, Chirag and Balakrishnan, Sivaraman and
                  Ramdas, Aaditya},
  journal =      {Journal of Machine Learning Research},
  note =         {\url{http://jmlr.org/papers/v22/19-979.html}},
  number =       68,
  openalex =     {W2964467559},
  pages =        {1--63},
  title =        {Path Length Bounds for Gradient Descent and Flow},
  volume =       22,
  year =         2021
}

@article{gurbuzbalaban2021decentralized,
  author =       {Gürbüzbalaban, Mert and Gao, Xuefeng and Hu, Yuanhan
                  and Zhu, Lingjiong},
  journal =      {Journal of Machine Learning Research},
  note =         {\url{http://jmlr.org/papers/v22/21-0307.html}},
  number =       239,
  openalex =     {W3206384338},
  pages =        {1--69},
  title =        {Decentralized Stochastic Gradient Langevin Dynamics
                  and Hamiltonian Monte Carlo},
  volume =       22,
  year =         2021
}

@article{györfi2021universal,
  author =       {Györfi, László and Weiss, Roi},
  journal =      {Journal of Machine Learning Research},
  note =         {\url{http://jmlr.org/papers/v22/20-1081.html}},
  number =       151,
  openalex =     {W3091238722},
  pages =        {1--25},
  title =        {Universal consistency and rates of convergence of
                  multiclass prototype algorithms in metric spaces},
  volume =       22,
  year =         2021
}

@article{ha2021statistical,
  author =       {Ha, Wooseok and Fountoulakis, Kimon and Mahoney,
                  Michael W.},
  journal =      {Journal of Machine Learning Research},
  note =         {\url{http://jmlr.org/papers/v22/20-029.html}},
  number =       148,
  openalex =     {W3196102972},
  pages =        {1--54},
  title =        {Statistical guarantees for local graph clustering},
  volume =       22,
  year =         2021
}

@article{hamer2021importance,
  author =       {Hamer, Victor and Dupont, Pierre},
  journal =      {Journal of Machine Learning Research},
  note =         {\url{http://jmlr.org/papers/v22/20-366.html}},
  number =       116,
  openalex =     {W3169682108},
  pages =        {1--57},
  title =        {An Importance Weighted Feature Selection Stability
                  Measure},
  volume =       22,
  year =         2021
}

@article{hang2021histogram,
  author =       {Hang, Hanyuan and Lin, Zhouchen and Liu, Xiaoyu and
                  Wen, Hongwei},
  journal =      {Journal of Machine Learning Research},
  note =         {\url{http://jmlr.org/papers/v22/19-1004.html}},
  number =       95,
  openalex =     {W2996691907},
  pages =        {1--87},
  title =        {Histogram Transform Ensembles for Large-scale
                  Regression},
  volume =       22,
  year =         2021
}

@article{hanneke2021learning,
  author =       {Hanneke, Steve},
  journal =      {Journal of Machine Learning Research},
  note =         {\url{http://jmlr.org/papers/v22/17-298.html}},
  number =       130,
  openalex =     {W2623739609},
  pages =        {1--116},
  title =        {Learning Whenever Learning is Possible: Universal
                  Learning under General Stochastic Processes},
  volume =       22,
  year =         2021
}

@article{hao2021optimal,
  author =       {Hao, Meiling and Qu, Lianqiang and Kong, Dehan and
                  Sun, Liuquan and Zhu, Hongtu},
  journal =      {Journal of Machine Learning Research},
  note =         {\url{http://jmlr.org/papers/v22/19-969.html}},
  number =       147,
  openalex =     {W3189021302},
  pages =        {1--39},
  title =        {Optimal Minimax Variable Selection for Large-Scale
                  Matrix Linear Regression Model},
  volume =       22,
  year =         2021
}

@article{hao2021sparse,
  author =       {Hao, Botao and Wang, Boxiang and Wang, Pengyuan and
                  Zhang, Jingfei and Yang, Jian and Sun, Will Wei},
  journal =      {Journal of Machine Learning Research},
  note =         {\url{http://jmlr.org/papers/v22/19-769.html}},
  number =       64,
  openalex =     {W3128411150},
  pages =        {1--43},
  title =        {Sparse Tensor Additive Regression},
  volume =       22,
  year =         2021
}

@article{hashimoto2021reproducing,
  author =       {Hashimoto, Yuka and Ishikawa, Isao and Ikeda,
                  Masahiro and Komura, Fuyuta and Katsura, Takeshi and
                  Kawahara, Yoshinobu},
  journal =      {Journal of Machine Learning Research},
  note =         {\url{http://jmlr.org/papers/v22/20-1346.html}},
  number =       267,
  openalex =     {W3217442333},
  pages =        {1--56},
  title =        {Reproducing kernel Hilbert C*-module and kernel mean
                  embeddings},
  volume =       22,
  year =         2021
}

@article{ho2021partial,
  author =       {Ho, Chin Pang and Petrik, Marek and Wiesemann,
                  Wolfram},
  journal =      {Journal of Machine Learning Research},
  note =         {\url{http://jmlr.org/papers/v22/20-445.html}},
  number =       275,
  openalex =     {W3036165382},
  pages =        {1--46},
  title =        {Partial Policy Iteration for L1-Robust Markov
                  Decision Processes},
  volume =       22,
  year =         2021
}

@article{hodgkinson2021implicit,
  author =       {Hodgkinson, Liam and Salomone, Robert and Roosta,
                  Fred},
  journal =      {Journal of Machine Learning Research},
  note =         {\url{http://jmlr.org/papers/v22/19-292.html}},
  number =       136,
  openalex =     {W2930583881},
  pages =        {1--30},
  title =        {Implicit Langevin Algorithms for Sampling From
                  Log-concave Densities},
  volume =       22,
  year =         2021
}

@article{hoefler2021sparsity,
  author =       {Hoefler, Torsten and Alistarh, Dan and Ben‐Nun, Tal
                  and Dryden, Nikoli and Peşte, Alexandra},
  journal =      {Journal of Machine Learning Research},
  note =         {\url{http://jmlr.org/papers/v22/21-0366.html}},
  number =       241,
  openalex =     {W4287363917},
  pages =        {1--124},
  title =        {Sparsity in Deep Learning: Pruning and growth for
                  efficient inference and training in neural networks},
  volume =       22,
  year =         2021
}

@article{huang2021communication,
  author =       {Huang, Zengfeng and Lin, Xuemin and Zhang, Wenjie
                  and Zhang, Ying},
  journal =      {Journal of Machine Learning Research},
  note =         {\url{http://jmlr.org/papers/v22/20-705.html}},
  number =       80,
  openalex =     {W3157873772},
  pages =        {1--38},
  title =        {Communication-Efficient Distributed Covariance
                  Sketch, with Application to Distributed PCA},
  volume =       22,
  year =         2021
}

@article{hue2021structure,
  author =       {Hue, Nguyen Thi Kim and Chiogna, Monica},
  journal =      {Journal of Machine Learning Research},
  note =         {\url{http://jmlr.org/papers/v22/18-401.html}},
  number =       50,
  openalex =     {W3163178818},
  pages =        {1--53},
  title =        {Structure learning of undirected graphical models
                  for count data},
  volume =       22,
  year =         2021
}

@article{humbert2021learning,
  author =       {Humbert, Pierre and Bars, Batiste Le and Oudre,
                  Laurent and Kalogeratos, Argyris and Vayatis,
                  Nicolas},
  journal =      {Journal of Machine Learning Research},
  note =         {\url{http://jmlr.org/papers/v22/19-944.html}},
  number =       195,
  openalex =     {W3205137593},
  pages =        {1--47},
  title =        {Learning Laplacian Matrix from Graph Signals with
                  Sparse Spectral Representation},
  volume =       22,
  year =         2021
}

@article{huusari2021entangled,
  author =       {Huusari, Riikka and Kadri, Hachem},
  journal =      {Journal of Machine Learning Research},
  note =         {\url{http://jmlr.org/papers/v22/19-665.html}},
  number =       24,
  openalex =     {W4300003842},
  pages =        {1--40},
  title =        {Entangled Kernels -- Beyond Separability},
  volume =       22,
  year =         2021
}

@article{huynh2021on,
  author =       {Huynh, Viet and Ho, Nhat and Dam, Nhan and Nguyen,
                  XuanLong and Yurochkin, Mikhail and Bui, Hung and
                  Phung, Dinh},
  journal =      {Journal of Machine Learning Research},
  note =         {\url{http://jmlr.org/papers/v22/19-782.html}},
  number =       145,
  openalex =     {W3192466798},
  pages =        {1--43},
  title =        {On Efficient Multilevel Clustering via Wasserstein
                  Distances},
  volume =       22,
  year =         2021
}

@article{issartel2021on,
  author =       {Issartel, Yann},
  journal =      {Journal of Machine Learning Research},
  note =         {\url{http://jmlr.org/papers/v22/19-747.html}},
  number =       191,
  openalex =     {W3206766348},
  pages =        {1--62},
  title =        {On the Estimation of Network Complexity: Dimension
                  of Graphons},
  volume =       22,
  year =         2021
}

@article{jagalur2021batch,
  author =       {Jagalur‐Mohan, Jayanth and Marzouk, Youssef},
  journal =      {Journal of Machine Learning Research},
  note =         {\url{http://jmlr.org/papers/v22/20-1023.html}},
  number =       252,
  openalex =     {W3033289058},
  pages =        {1--62},
  title =        {Batch greedy maximization of non-submodular
                  functions: Guarantees and applications to
                  experimental design},
  volume =       22,
  year =         2021
}

@article{janizek2021explaining,
  author =       {Janizek, Joseph D. and Sturmfels, Pascal and Lee,
                  Su‐In},
  journal =      {Journal of Machine Learning Research},
  note =         {\url{http://jmlr.org/papers/v22/20-1223.html}},
  number =       104,
  openalex =     {W4287869422},
  pages =        {1--54},
  title =        {Explaining Explanations: Axiomatic Feature
                  Interactions for Deep Networks},
  volume =       22,
  year =         2021
}

@article{jiang2021unified,
  author =       {Jiang, Gaoxia and Wang, Wenjian and Qian, Yuhua and
                  Liang, Jiye},
  journal =      {Journal of Machine Learning Research},
  note =         {\url{http://jmlr.org/papers/v22/19-498.html}},
  number =       18,
  openalex =     {W3126316690},
  pages =        {1--66},
  title =        {A Unified Sample Selection Framework for Output
                  Noise Filtering: An Error-Bound Perspective},
  volume =       22,
  year =         2021
}

@article{kaufmann2021mixture,
  author =       {Kaufmann, Emilie and Koolen, Wouter M.},
  journal =      {Journal of Machine Learning Research},
  note =         {\url{http://jmlr.org/papers/v22/18-798.html}},
  number =       246,
  openalex =     {W3215133059},
  pages =        {1--44},
  title =        {Mixture Martingales Revisited with Applications to
                  Sequential Tests and Confidence Intervals},
  volume =       22,
  year =         2021
}

@article{kerdreux2021linear,
  author =       {Kerdreux, Thomas and Roux, Christophe and
                  d’Aspremont, Alexandre and Pokutta, Sebastian},
  journal =      {Journal of Machine Learning Research},
  note =         {\url{http://jmlr.org/papers/v22/21-0277.html}},
  number =       284,
  openalex =     {W3134739396},
  pages =        {1--23},
  title =        {Linear Bandits on Uniformly Convex Sets},
  volume =       22,
  year =         2021
}

@article{khalife2021further,
  author =       {Khalife, Sammy and Gonçalves, Douglas S. and
                  Allouah, Youssef and Liberti, Leo},
  journal =      {Journal of Machine Learning Research},
  note =         {\url{http://jmlr.org/papers/v22/20-1413.html}},
  number =       270,
  openalex =     {W3217414905},
  pages =        {1--36},
  title =        {Further results on latent discourse models and word
                  embeddings},
  volume =       22,
  year =         2021
}

@article{kim2021hamilton,
  author =       {Kim, Jeongho and Shin, Jae-Uk and Yang, Insoon},
  journal =      {Journal of Machine Learning Research},
  note =         {\url{http://jmlr.org/papers/v22/20-1235.html}},
  number =       206,
  openalex =     {W3096740192},
  pages =        {1--34},
  title =        {Hamilton-Jacobi Deep Q-Learning for Deterministic
                  Continuous-Time Systems with Lipschitz Continuous
                  Controls},
  volume =       22,
  year =         2021
}

@article{klaise2021alibi,
  author =       {Klaise, Janis and Looveren, Arnaud Van and Vacanti,
                  Giovanni and Coca, Alexandru},
  journal =      {Journal of Machine Learning Research},
  note =         {\url{http://jmlr.org/papers/v22/21-0017.html}},
  number =       181,
  openalex =     {W3190528386},
  pages =        {1--7},
  title =        {Alibi Explain: Algorithms for Explaining Machine
                  Learning Models},
  volume =       22,
  year =         2021
}

@article{klink2021probabilistic,
  author =       {Klink, Pascal and Abdulsamad, Hany and Belousov,
                  Boris and D’Eramo, Carlo and Peters, Jan and
                  Pajarinen, Joni},
  journal =      {Journal of Machine Learning Research},
  note =         {\url{http://jmlr.org/papers/v22/21-0112.html}},
  number =       182,
  openalex =     {W4287323065},
  pages =        {1--52},
  title =        {A Probabilistic Interpretation of Self-Paced
                  Learning with Applications to Reinforcement
                  Learning},
  volume =       22,
  year =         2021
}

@article{koepernik2021consistency,
  author =       {Koepernik, Peter and Pfaff, Florian},
  journal =      {Journal of Machine Learning Research},
  note =         {\url{http://jmlr.org/papers/v22/21-0853.html}},
  number =       244,
  openalex =     {W3206194323},
  pages =        {1--27},
  title =        {Consistency of Gaussian Process Regression in Metric
                  Spaces},
  volume =       22,
  year =         2021
}

@article{kohli2021ldle,
  author =       {Kohli, Dhruv and Cloninger, Alexander and Mishne,
                  Gal},
  journal =      {Journal of Machine Learning Research},
  note =         {\url{http://jmlr.org/papers/v22/21-0131.html}},
  number =       282,
  openalex =     {W3122222197},
  pages =        {1--64},
  title =        {LDLE: Low Distortion Local Eigenmaps},
  volume =       22,
  year =         2021
}

@article{kovachki2021continuous,
  author =       {Kovachki, Nikola B. and Stuart, Andrew M.},
  journal =      {Journal of Machine Learning Research},
  note =         {\url{http://jmlr.org/papers/v22/19-466.html}},
  number =       17,
  openalex =     {W3129088206},
  pages =        {1--40},
  title =        {Continuous Time Analysis of Momentum Methods},
  volume =       22,
  year =         2021
}

@article{kovachki2021universal,
  author =       {Kovachki, Nikola B. and Lanthaler, Samuel and
                  Mishra, Siddhartha},
  journal =      {Journal of Machine Learning Research},
  note =         {\url{http://jmlr.org/papers/v22/21-0806.html}},
  number =       290,
  openalex =     {W4287077061},
  pages =        {1--76},
  title =        {On universal approximation and error bounds for
                  Fourier Neural Operators},
  volume =       22,
  year =         2021
}

@article{kratsios2021neu,
  author =       {Kratsios, Anastasis and Hyndman, Cody},
  journal =      {Journal of Machine Learning Research},
  note =         {\url{http://jmlr.org/papers/v22/18-803.html}},
  number =       92,
  openalex =     {W3172967783},
  pages =        {1--51},
  title =        {NEU: A Meta-Algorithm for Universal UAP-Invariant
                  Feature Representation},
  volume =       22,
  year =         2021
}

@article{kreitzberg2021solving,
  author =       {Kreitzberg, Patrick and Serang, Oliver},
  journal =      {Journal of Machine Learning Research},
  note =         {\url{http://jmlr.org/papers/v22/17-474.html}},
  number =       87,
  openalex =     {W3165937638},
  pages =        {1--24},
  title =        {On Solving Probabilistic Linear Diophantine
                  Equations},
  volume =       22,
  year =         2021
}

@article{krishnamurthy2021langevin,
  author =       {Krishnamurthy, Vikram and Yin, George},
  journal =      {Journal of Machine Learning Research},
  note =         {\url{http://jmlr.org/papers/v22/20-625.html}},
  number =       121,
  openalex =     {W3166190477},
  pages =        {1--49},
  title =        {Langevin Dynamics for Adaptive Inverse Reinforcement
                  Learning of Stochastic Gradient Algorithms},
  volume =       22,
  year =         2021
}

@article{kroemer2021review,
  author =       {Kroemer, Oliver and Niekum, Scott and Konidaris,
                  George},
  journal =      {Journal of Machine Learning Research},
  note =         {\url{http://jmlr.org/papers/v22/19-804.html}},
  number =       30,
  openalex =     {W3127352841},
  pages =        {1--82},
  title =        {A Review of Robot Learning for Manipulation:
                  Challenges, Representations, and Algorithms},
  volume =       22,
  year =         2021
}

@article{kubkowski2021how,
  author =       {Kubkowski, Mariusz and Mielniczuk, Jan and
                  Teisseyre, Paweł},
  journal =      {Journal of Machine Learning Research},
  note =         {\url{http://jmlr.org/papers/v22/19-600.html}},
  number =       62,
  openalex =     {W3144981492},
  pages =        {1--57},
  title =        {How to Gain on Power: Novel Conditional Independence
                  Tests Based on Short Expansion of Conditional Mutual
                  Information},
  volume =       22,
  year =         2021
}

@article{kwon2021refined,
  author =       {Kwon, Joon},
  journal =      {Journal of Machine Learning Research},
  note =         {\url{http://jmlr.org/papers/v22/20-1019.html}},
  number =       200,
  openalex =     {W3084208336},
  pages =        {1--38},
  title =        {Refined approachability algorithms and application
                  to regret minimization with global costs},
  volume =       22,
  year =         2021
}

@article{köse2021risk,
  author =       {Köse, Ümit and Ruszczyński, Andrzej},
  journal =      {Journal of Machine Learning Research},
  note =         {\url{http://jmlr.org/papers/v22/20-168.html}},
  number =       38,
  openalex =     {W3128949466},
  pages =        {1--34},
  title =        {Risk-Averse Learning by Temporal Difference Methods
                  with Markov Risk Measures},
  volume =       22,
  year =         2021
}

@article{lange2021from,
  author =       {Lange, Henning and Brunton, Steven L. and Kutz,
                  Nathan},
  journal =      {Journal of Machine Learning Research},
  note =         {\url{http://jmlr.org/papers/v22/20-406.html}},
  number =       41,
  openalex =     {W3015146375},
  pages =        {1--38},
  title =        {From Fourier to Koopman: Spectral Methods for
                  Long-term Time Series Prediction},
  volume =       22,
  year =         2021
}

@article{le2021edge,
  author =       {Le, Can M.},
  journal =      {Journal of Machine Learning Research},
  note =         {\url{http://jmlr.org/papers/v22/18-240.html}},
  number =       88,
  openalex =     {W3165893786},
  pages =        {1--29},
  title =        {Edge Sampling Using Local Network Information},
  volume =       22,
  year =         2021
}

@article{lederer2021estimating,
  author =       {Lederer, Johannes and Vogt, Michael},
  journal =      {Journal of Machine Learning Research},
  note =         {\url{http://jmlr.org/papers/v22/20-539.html}},
  number =       276,
  openalex =     {W4285687721},
  pages =        {1--32},
  title =        {Estimating the Lasso's Effective Noise},
  volume =       22,
  year =         2021
}

@article{lei2021generalization,
  author =       {Lei, Yunwen and Hu, Ting and Tang, Ke},
  journal =      {Journal of Machine Learning Research},
  note =         {\url{http://jmlr.org/papers/v22/19-716.html}},
  number =       25,
  openalex =     {W3128680160},
  pages =        {1--41},
  title =        {Generalization Performance of Multi-pass Stochastic
                  Gradient Descent with Convex Loss Functions},
  volume =       22,
  year =         2021
}

@article{lei2021stochastic,
  author =       {Lei, Yunwen and Ying, Yiming},
  journal =      {Journal of Machine Learning Research},
  note =         {\url{http://jmlr.org/papers/v22/19-418.html}},
  number =       61,
  openalex =     {W3148827437},
  pages =        {1--45},
  title =        {Stochastic Proximal AUC Maximization},
  volume =       22,
  year =         2021
}

@article{lemhadri2021lassonet,
  author =       {Lemhadri, Ismael and Ruan, Feng and Abraham, Louis
                  and Tibshirani, Robert},
  journal =      {Journal of Machine Learning Research},
  note =         {\url{http://jmlr.org/papers/v22/20-848.html}},
  number =       127,
  openalex =     {W3004752032},
  pages =        {1--29},
  title =        {LassoNet: A Neural Network with Feature Sparsity},
  volume =       22,
  year =         2021
}

@article{levie2021transferability,
  author =       {Levie, Ron and Huang, Wei and Bucci, Lorenzo and
                  Bronstein, Michael M. and Kutyniok, Gitta},
  journal =      {Journal of Machine Learning Research},
  note =         {\url{http://jmlr.org/papers/v22/20-213.html}},
  number =       272,
  openalex =     {W2966121357},
  pages =        {1--59},
  title =        {Transferability of Spectral Graph Convolutional
                  Neural Networks},
  volume =       22,
  year =         2021
}

@article{levin2021limit,
  author =       {Levin, Keith and Roosta, Fred and Tang, Minh and
                  Mahoney, Michael W. and Priebe, Carey E.},
  journal =      {Journal of Machine Learning Research},
  note =         {\url{http://jmlr.org/papers/v22/19-852.html}},
  number =       194,
  openalex =     {W2978057828},
  pages =        {1--59},
  title =        {Limit theorems for out-of-sample extensions of the
                  adjacency and Laplacian spectral embeddings.},
  volume =       22,
  year =         2021
}

@article{li2021flexible,
  author =       {Li, Jingyi Jessica and Chen, Yiling Elaine and Tong,
                  Xin},
  journal =      {Journal of Machine Learning Research},
  note =         {\url{http://jmlr.org/papers/v22/20-673.html}},
  number =       124,
  openalex =     {W3172098162},
  pages =        {1--54},
  title =        {A flexible model-free prediction-based framework for
                  feature ranking.},
  volume =       22,
  year =         2021
}

@article{li2021integrative,
  author =       {Liu, Molei and Xia, Yin and Cho, Kelly and Cai,
                  Tianxi},
  journal =      {Journal of Machine Learning Research},
  note =         {\url{http://jmlr.org/papers/v22/20-774.html}},
  number =       126,
  pages =        {1--26},
  title =        {Integrative High Dimensional Multiple Testing with
                  Heterogeneity under Data Sharing Constraints},
  volume =       22,
  year =         2021
}

@article{li2021subspace,
  author =       {Li, Weiwei and Hannig, Jan and Mukherjee, Sayan},
  journal =      {Journal of Machine Learning Research},
  note =         {\url{http://jmlr.org/papers/v22/18-780.html}},
  number =       53,
  openalex =     {W3140866867},
  pages =        {1--37},
  title =        {Subspace Clustering through Sub-Clusters},
  volume =       22,
  year =         2021
}

@article{li2021towards,
  author =       {Li, Zhu and Ton, Jean-François and Oglić, Dino and
                  Sejdinović, Dino},
  journal =      {Journal of Machine Learning Research},
  note =         {\url{http://jmlr.org/papers/v22/20-1369.html}},
  number =       108,
  openalex =     {W2953256123},
  pages =        {1--51},
  title =        {Towards A Unified Analysis of Random Fourier
                  Features},
  volume =       22,
  year =         2021
}

@article{liang2021how,
  author =       {Liang, Tengyuan},
  journal =      {Journal of Machine Learning Research},
  note =         {\url{http://jmlr.org/papers/v22/20-911.html}},
  number =       228,
  openalex =     {W3081116588},
  pages =        {1--41},
  title =        {How Well Generative Adversarial Networks Learn
                  Distributions},
  volume =       22,
  year =         2021
}

@article{lim2021understanding,
  author =       {Lim, Soon Hoe},
  journal =      {Journal of Machine Learning Research},
  note =         {\url{http://jmlr.org/papers/v22/20-620.html}},
  number =       47,
  openalex =     {W3035804453},
  pages =        {1--48},
  title =        {Understanding Recurrent Neural Networks Using
                  Nonequilibrium Response Theory},
  volume =       22,
  year =         2021
}

@article{lin2021what,
  author =       {Lin, Licong and Dobriban, Edgar},
  journal =      {Journal of Machine Learning Research},
  note =         {\url{http://jmlr.org/papers/v22/20-1211.html}},
  number =       155,
  openalex =     {W3092477403},
  pages =        {1--82},
  title =        {What causes the test error? Going beyond
                  bias-variance via ANOVA},
  volume =       22,
  year =         2021
}

@article{liu2021adaptive,
  author =       {Liu, Lin and Mukherjee, Rajarshi and Robins, James
                  M. and Tchetgen, Eric Tchetgen},
  journal =      {Journal of Machine Learning Research},
  note =         {\url{http://jmlr.org/papers/v22/19-892.html}},
  number =       99,
  openalex =     {W2496371581},
  pages =        {1--66},
  title =        {Adaptive Estimation of Nonparametric Functionals},
  volume =       22,
  year =         2021
}

@article{liu2021bandit,
  author =       {Liu, Lydia T. and Ruan, Feng and Mania, Horia and
                  Jordan, Michael I.},
  journal =      {Journal of Machine Learning Research},
  note =         {\url{http://jmlr.org/papers/v22/20-1429.html}},
  number =       211,
  openalex =     {W3110807238},
  pages =        {1--34},
  title =        {Bandit Learning in Decentralized Matching Markets},
  volume =       22,
  year =         2021
}

@article{liu2021dig,
  author =       {Liu, Meng and Luo, Youzhi and Wang, Limei and Xie,
                  Yaochen and Yuan, Hao and Gui, Shurui and Yu,
                  Haiyang and Zhao, Xu and Zhang, Jingtun and Liu, Yi
                  and Yan, Keqiang and Liu, Haoran and Fu, Cong and
                  Oztekin, Bora and Zhang, Xuan and Ji, Shuiwang},
  journal =      {Journal of Machine Learning Research},
  note =         {\url{http://jmlr.org/papers/v22/21-0343.html}},
  number =       240,
  openalex =     {W3136465512},
  pages =        {1--9},
  title =        {DIG: A Turnkey Library for Diving into Graph Deep
                  Learning Research},
  volume =       22,
  year =         2021
}

@article{liu2021fate,
  author =       {Liu, Yang and Fan, Tao and Chen, Tianjian and Xu,
                  Qian and Yang, Qiang},
  journal =      {Journal of Machine Learning Research},
  note =         {\url{http://jmlr.org/papers/v22/20-815.html}},
  number =       226,
  openalex =     {W3206887799},
  pages =        {1--6},
  title =        {FATE: An Industrial Grade Platform for Collaborative
                  Learning With Data Protection},
  volume =       22,
  year =         2021
}

@article{liu2021firstorder,
  author =       {Liu, Mingrui and Rafique, Hassan and Lin, Qihang and
                  Yang, Tianbao},
  journal =      {Journal of Machine Learning Research},
  note =         {\url{http://jmlr.org/papers/v22/20-533.html}},
  number =       169,
  openalex =     {W3029957720},
  pages =        {1--34},
  title =        {First-order Convergence Theory for
                  Weakly-Convex-Weakly-Concave Min-max Problems},
  volume =       22,
  year =         2021
}

@article{liu2021generalization,
  author =       {Liu, Fanghui and Shi, Lei and Huang, Xiaolin and
                  Yang, Jie and Suykens, Johan A. K.},
  journal =      {Journal of Machine Learning Research},
  note =         {\url{http://jmlr.org/papers/v22/19-482.html}},
  number =       140,
  openalex =     {W3193015206},
  pages =        {1--38},
  title =        {Generalization Properties of hyper-RKHS and its
                  Applications},
  volume =       22,
  year =         2021
}

@article{liu2021interpretable,
  author =       {Liu, Huafeng and Jing, Liping and Wen, Jingxuan and
                  Xu, Pengyu and Wang, Jiaqi and Yu, Jian and Ng,
                  Michael K.},
  journal =      {Journal of Machine Learning Research},
  note =         {\url{http://jmlr.org/papers/v22/20-1098.html}},
  number =       202,
  openalex =     {W3206596835},
  pages =        {1--54},
  title =        {Interpretable Deep Generative Recommendation Models},
  volume =       22,
  year =         2021
}

@article{liu2021quasi,
  author =       {Liu, Sifan and Owen, Art B.},
  journal =      {Journal of Machine Learning Research},
  note =         {\url{http://jmlr.org/papers/v22/21-0498.html}},
  number =       243,
  openalex =     {W3205048900},
  pages =        {1--23},
  title =        {Quasi-Monte Carlo Quasi-Newton in Variational Bayes},
  volume =       22,
  year =         2021
}

@article{liu2021revisiting,
  author =       {Liu, Chong and Zhu, Yuqing and Chaudhuri, Kamalika
                  and Wang, Yuxiang},
  journal =      {Journal of Machine Learning Research},
  note =         {\url{http://jmlr.org/papers/v22/20-1251.html}},
  number =       262,
  openalex =     {W3157430537},
  pages =        {1--44},
  title =        {Revisiting Model-Agnostic Private Learning: Faster
                  Rates and Active Learning},
  volume =       22,
  year =         2021
}

@article{liu2021simultaneous,
  author =       {Liu, Bin and Zhang, Xinsheng and Liu, Yufeng},
  journal =      {Journal of Machine Learning Research},
  note =         {\url{http://jmlr.org/papers/v22/20-327.html}},
  number =       274,
  openalex =     {W3216166990},
  pages =        {1--62},
  title =        {Simultaneous Change Point Inference and Structure
                  Recovery for High Dimensional Gaussian Graphical
                  Models},
  volume =       22,
  year =         2021
}

@article{loper2021general,
  author =       {Loper, Jackson and Blei, David M. and Cunningham,
                  John P. and Paninski, Liam},
  journal =      {Journal of Machine Learning Research},
  note =         {\url{http://jmlr.org/papers/v22/21-0072.html}},
  number =       234,
  openalex =     {W3206818852},
  pages =        {1--36},
  title =        {A general linear-time inference method for Gaussian
                  Processes on one dimension},
  volume =       22,
  year =         2021
}

@article{lu2021learning,
  author =       {Lu, Fei and Maggioni, Mauro and Tang, Sui},
  journal =      {Journal of Machine Learning Research},
  note =         {\url{http://jmlr.org/papers/v22/19-861.html}},
  number =       32,
  openalex =     {W3128929428},
  pages =        {1--67},
  title =        {Learning interaction kernels in heterogeneous
                  systems of agents from multiple trajectories},
  volume =       22,
  year =         2021
}

@article{lu2021unified,
  author =       {Lu, Benjamin and Hardin, Johanna},
  journal =      {Journal of Machine Learning Research},
  note =         {\url{http://jmlr.org/papers/v22/18-558.html}},
  number =       8,
  openalex =     {W3126852964},
  pages =        {1--41},
  title =        {A Unified Framework for Random Forest Prediction
                  Error Estimation},
  volume =       22,
  year =         2021
}

@article{luckett2021estimation,
  author =       {Luckett, Daniel J. and Laber, Eric B. and Kim,
                  Siyeon and Kosorok, Michael R.},
  journal =      {Journal of Machine Learning Research},
  note =         {\url{http://jmlr.org/papers/v22/20-429.html}},
  number =       167,
  openalex =     {W4287434650},
  pages =        {1--40},
  title =        {Estimation and Optimization of Composite Outcomes},
  volume =       22,
  year =         2021
}

@article{luedtke2021adversarial,
  author =       {Luedtke, Alex and Chung, Incheoul and Sofrygin,
                  Oleg},
  journal =      {Journal of Machine Learning Research},
  note =         {\url{http://jmlr.org/papers/v22/20-1065.html}},
  number =       255,
  openalex =     {W3007361404},
  pages =        {1--67},
  title =        {Adversarial Monte Carlo Meta-Learning of Optimal
                  Prediction Procedures.},
  volume =       22,
  year =         2021
}

@article{lugosi2021learning,
  author =       {Lugosi, Gábor and Truszkowski, Jakub and Velona,
                  Vasiliki and Zwiernik, Piotr},
  journal =      {Journal of Machine Learning Research},
  note =         {\url{http://jmlr.org/papers/v22/20-1137.html}},
  number =       203,
  openalex =     {W3206351840},
  pages =        {1--41},
  title =        {Learning partial correlation graphs and graphical
                  models by covariance queries},
  volume =       22,
  year =         2021
}

@article{luo2021bayesian,
  author =       {Luo, Zhao Tang and Sang, Huiyan and Mallick, Bani
                  K.},
  journal =      {Journal of Machine Learning Research},
  note =         {\url{http://jmlr.org/papers/v22/20-136.html}},
  number =       37,
  openalex =     {W3127218335},
  pages =        {1--52},
  title =        {A Bayesian Contiguous Partitioning Method for
                  Learning Clustered Latent Variables},
  volume =       22,
  year =         2021
}

@article{luo2021learning,
  author =       {Luo, Xiang Ge and Moffa, Giusi and Kuipers, Jack},
  journal =      {Journal of Machine Learning Research},
  note =         {\url{http://jmlr.org/papers/v22/20-1338.html}},
  number =       266,
  openalex =     {W4287627215},
  pages =        {1--44},
  title =        {Learning Bayesian Networks from Ordinal Data},
  volume =       22,
  year =         2021
}

@article{luo2021phase,
  author =       {Luo, Tao and Xu, Zhi‐Qin John and Ma, Zheng and
                  Zhang, Yaoyu},
  journal =      {Journal of Machine Learning Research},
  note =         {\url{http://jmlr.org/papers/v22/20-1123.html}},
  number =       71,
  openalex =     {W3043000634},
  pages =        {1--47},
  title =        {Phase diagram for two-layer ReLU neural networks at
                  infinite-width limit},
  volume =       22,
  year =         2021
}

@article{luo2021sharp,
  author =       {Luo, Yuetian and Raskutti, Garvesh and Yuan, Ming
                  and Zhang, Anru},
  journal =      {Journal of Machine Learning Research},
  note =         {\url{http://jmlr.org/papers/v22/20-919.html}},
  number =       179,
  openalex =     {W3047116450},
  pages =        {1--48},
  title =        {A Sharp Blockwise Tensor Perturbation Bound for
                  Orthogonal Iteration},
  volume =       22,
  year =         2021
}

@article{lybrand2021greedy,
  author =       {Lybrand, Eric and Saab, Rayan},
  journal =      {Journal of Machine Learning Research},
  note =         {\url{http://jmlr.org/papers/v22/20-1233.html}},
  number =       156,
  openalex =     {W4287627788},
  pages =        {1--38},
  title =        {A Greedy Algorithm for Quantizing Neural Networks},
  volume =       22,
  year =         2021
}

@article{ma2021determining,
  author =       {Ma, Shujie and Su, Liangjun and Zhang, Yichong},
  journal =      {Journal of Machine Learning Research},
  note =         {\url{http://jmlr.org/papers/v22/20-037.html}},
  number =       69,
  openalex =     {W3163028856},
  pages =        {1--63},
  title =        {Determining the number of communities in
                  degree-corrected stochastic block models},
  volume =       22,
  year =         2021
}

@article{mai2021consistent,
  author =       {Mai, Xiaoyi and Couillet, Romain},
  journal =      {Journal of Machine Learning Research},
  note =         {\url{http://jmlr.org/papers/v22/19-081.html}},
  number =       94,
  openalex =     {W3034785407},
  pages =        {1--48},
  title =        {Consistent Semi-Supervised Graph Regularization for
                  High Dimensional Data},
  volume =       22,
  year =         2021
}

@article{maillard2021aggregated,
  author =       {Maillard, Guillaume and Arlot, Sylvain and Lerasle,
                  Matthieu},
  journal =      {Journal of Machine Learning Research},
  note =         {\url{http://jmlr.org/papers/v22/19-624.html}},
  number =       20,
  openalex =     {W3127360146},
  pages =        {1--55},
  title =        {Aggregated Hold-Out},
  volume =       22,
  year =         2021
}

@article{martin2021implicit,
  author =       {Martin, Charles H. and Mahoney, Michael W.},
  journal =      {Journal of Machine Learning Research},
  note =         {\url{http://jmlr.org/papers/v22/20-410.html}},
  number =       165,
  openalex =     {W2895616758},
  pages =        {1--73},
  title =        {Implicit Self-Regularization in Deep Neural
                  Networks: Evidence from Random Matrix Theory and
                  Implications for Learning},
  volume =       22,
  year =         2021
}

@article{massimino2021as,
  author =       {Massimino, Andrew K. and Davenport, Mark A.},
  journal =      {Journal of Machine Learning Research},
  note =         {\url{http://jmlr.org/papers/v22/18-105.html}},
  number =       186,
  openalex =     {W2789169447},
  pages =        {1--39},
  title =        {As you like it: Localization via paired comparisons},
  volume =       22,
  year =         2021
}

@article{matsubara2021ridgelet,
  author =       {Matsubara, Takuo and Oates, Chris J. and Briol,
                  François‐Xavier},
  journal =      {Journal of Machine Learning Research},
  note =         {\url{http://jmlr.org/papers/v22/20-1300.html}},
  number =       157,
  openalex =     {W3093463114},
  pages =        {1--57},
  title =        {The Ridgelet Prior: A Covariance Function Approach
                  to Prior Specification for Bayesian Neural Networks},
  volume =       22,
  year =         2021
}

@article{matsuda2021information,
  author =       {Matsuda, Takeru and Uehara, Masatoshi and Hyvärinen,
                  Aapo},
  journal =      {Journal of Machine Learning Research},
  note =         {\url{http://jmlr.org/papers/v22/20-1366.html}},
  number =       158,
  openalex =     {W2946769454},
  pages =        {1--33},
  title =        {Information criteria for non-normalized models},
  volume =       22,
  year =         2021
}

@article{merrill2021empirical,
  author =       {Merrill, Erich and Fern, Alan and Fern, Xiaoli
                  Z. and Dolatnia, Nima},
  journal =      {Journal of Machine Learning Research},
  note =         {\url{http://jmlr.org/papers/v22/18-220.html}},
  number =       4,
  openalex =     {W3128458662},
  pages =        {1--25},
  title =        {An Empirical Study of Bayesian Optimization:
                  Acquisition Versus Partition},
  volume =       22,
  year =         2021
}

@article{metel2021stochastic,
  author =       {Metel, Michael R. and Takeda, Akiko},
  journal =      {Journal of Machine Learning Research},
  note =         {\url{http://jmlr.org/papers/v22/20-287.html}},
  number =       115,
  openalex =     {W3167742250},
  pages =        {1--36},
  title =        {Stochastic Proximal Methods for Non-Smooth
                  Non-Convex Constrained Sparse Optimization},
  volume =       22,
  year =         2021
}

@article{metelli2021safe,
  author =       {Metelli, Alberto Maria and Pirotta, Matteo and
                  Calandriello, Daniele and Restelli, Marcello},
  journal =      {Journal of Machine Learning Research},
  note =         {\url{http://jmlr.org/papers/v22/19-707.html}},
  number =       97,
  openalex =     {W3104139512},
  pages =        {1--83},
  title =        {Safe Policy Iteration: A Monotonically Improving
                  Approximate Policy Iteration Approach},
  volume =       22,
  year =         2021
}

@article{miller2021asymptotic,
  author =       {Miller, Jeffrey W.},
  journal =      {Journal of Machine Learning Research},
  note =         {\url{http://jmlr.org/papers/v22/20-469.html}},
  number =       168,
  openalex =     {W2963520603},
  pages =        {1--53},
  title =        {Asymptotic normality, concentration, and coverage of
                  generalized posteriors},
  volume =       22,
  year =         2021
}

@article{mingard2021sgd,
  author =       {Mingard, Chris and Valle-Pérez, Guillermo and
                  Skalse, Joar and Louis, Ard A.},
  journal =      {Journal of Machine Learning Research},
  note =         {\url{http://jmlr.org/papers/v22/20-676.html}},
  number =       79,
  openalex =     {W3037797629},
  pages =        {1--64},
  title =        {Is SGD a Bayesian sampler? Well, almost},
  volume =       22,
  year =         2021
}

@article{moss2021gibbon,
  author =       {Moss, Henry B. and Leslie, David S. and González,
                  Javier and Rayson, Paul},
  journal =      {Journal of Machine Learning Research},
  note =         {\url{http://jmlr.org/papers/v22/21-0120.html}},
  number =       235,
  openalex =     {W3127003427},
  pages =        {1--49},
  title =        {GIBBON: General-purpose Information-Based Bayesian
                  OptimisatioN},
  volume =       22,
  year =         2021
}

@article{mou2021highorder,
  author =       {Mou, Wenlong and Ma, Yi-An and Wainwright, Martin
                  J. and Bartlett, Peter L. and Jordan, Michael I.},
  journal =      {Journal of Machine Learning Research},
  note =         {\url{http://jmlr.org/papers/v22/20-576.html}},
  number =       42,
  openalex =     {W3128089927},
  pages =        {1--41},
  title =        {High-Order Langevin Diffusion Yields an Accelerated
                  MCMC Algorithm},
  volume =       22,
  year =         2021
}

@article{muandet2021counterfactual,
  author =       {Muandet, Krikamol and Kanagawa, Motonobu and
                  Saengkyongam, Sorawit and Marukatat, Sanparith},
  journal =      {Journal of Machine Learning Research},
  note =         {\url{http://jmlr.org/papers/v22/20-185.html}},
  number =       162,
  openalex =     {W3006957101},
  pages =        {1--71},
  title =        {Counterfactual Mean Embeddings},
  volume =       22,
  year =         2021
}

@article{muehlebach2021optimization,
  author =       {Muehlebach, Michael and Jordan, Michael I.},
  journal =      {Journal of Machine Learning Research},
  note =         {\url{http://jmlr.org/papers/v22/20-207.html}},
  number =       73,
  openalex =     {W4287863640},
  pages =        {1--50},
  title =        {Optimization with Momentum: Dynamical,
                  Control-Theoretic, and Symplectic Perspectives},
  volume =       22,
  year =         2021
}

@article{muthukumar2021classification,
  author =       {Muthukumar, V. Sai and Narang, Adhyyan and
                  Subramanian, Vignesh and Belkin, Mikhail and Hsu,
                  Daniel and Sahai, Anant},
  journal =      {Journal of Machine Learning Research},
  note =         {\url{http://jmlr.org/papers/v22/20-603.html}},
  number =       222,
  openalex =     {W3025991882},
  pages =        {1--69},
  title =        {Classification vs regression in overparameterized
                  regimes: Does the loss function matter?},
  volume =       22,
  year =         2021
}

@article{neely2021fast,
  author =       {Neely, Michael J.},
  journal =      {Journal of Machine Learning Research},
  note =         {\url{http://jmlr.org/papers/v22/20-813.html}},
  number =       279,
  openalex =     {W3043199428},
  pages =        {1--44},
  title =        {Fast Learning for Renewal Optimization in Online
                  Task Scheduling},
  volume =       22,
  year =         2021
}

@article{nguyen2021unified,
  author =       {Nguyen, Lam M. and Tran-Dinh, Quoc and Phan, Dzung
                  T. and Nguyen, Phuong Ha and Dijk, Marten van},
  journal =      {Journal of Machine Learning Research},
  note =         {\url{http://jmlr.org/papers/v22/20-1238.html}},
  number =       207,
  openalex =     {W3008438679},
  pages =        {1--44},
  title =        {A Unified Convergence Analysis for Shuffling-Type
                  Gradient Methods},
  volume =       22,
  year =         2021
}

@article{nikolakakis2021predictive,
  author =       {Nikolakakis, Konstantinos E. and Kalogerias,
                  Dionysios S. and Sarwate, Anand D.},
  journal =      {Journal of Machine Learning Research},
  note =         {\url{http://jmlr.org/papers/v22/19-149.html}},
  number =       59,
  openalex =     {W3158548902},
  pages =        {1--82},
  title =        {Predictive Learning on Hidden Tree-Structured Ising
                  Models},
  volume =       22,
  year =         2021
}

@article{noroozi2021sparse,
  author =       {Noroozi, Majid and Pensky, Marianna and Rimal,
                  Ramchandra},
  journal =      {Journal of Machine Learning Research},
  note =         {\url{http://jmlr.org/papers/v22/19-835.html}},
  number =       193,
  openalex =     {W2977642958},
  pages =        {1--36},
  title =        {Sparse Popularity Adjusted Stochastic Block Model},
  volume =       22,
  year =         2021
}

@article{okuno2021lp,
  author =       {Okuno, Takayuki and Takeda, Akiko and Kawana,
                  Akihiro and Watanabe, Motokazu},
  journal =      {Journal of Machine Learning Research},
  note =         {\url{http://jmlr.org/papers/v22/18-485.html}},
  number =       245,
  openalex =     {W3215151450},
  pages =        {1--47},
  title =        {On lp-hyperparameter Learning via Bilevel Nonsmooth
                  Optimization},
  volume =       22,
  year =         2021
}

@article{ornik2021learning,
  author =       {Ornik, Melkior and Topcu, Ufuk},
  journal =      {Journal of Machine Learning Research},
  note =         {\url{http://jmlr.org/papers/v22/20-006.html}},
  number =       35,
  openalex =     {W3126940024},
  pages =        {1--40},
  title =        {Learning and Planning for Time-Varying MDPs Using
                  Maximum Likelihood Estimation},
  volume =       22,
  year =         2021
}

@article{papadogeorgou2021soft,
  author =       {Papadogeorgou, Georgia and Zhang, Zhengwu and
                  Dunson, David B.},
  journal =      {Journal of Machine Learning Research},
  note =         {\url{http://jmlr.org/papers/v22/20-476.html}},
  number =       219,
  openalex =     {W4285746385},
  pages =        {1--53},
  title =        {Soft Tensor Regression},
  volume =       22,
  year =         2021
}

@article{papamakarios2021normalizing,
  author =       {Papamakarios, George and Nalisnick, Eric and
                  Rezende, Danilo Jimenez and Mohamed, Shakir and
                  Lakshminarayanan, Balaji},
  journal =      {Journal of Machine Learning Research},
  note =         {\url{http://jmlr.org/papers/v22/19-1028.html}},
  number =       57,
  openalex =     {W3150807214},
  pages =        {1--64},
  title =        {Normalizing Flows for Probabilistic Modeling and
                  Inference},
  volume =       22,
  year =         2021
}

@article{parhi2021banach,
  author =       {Parhi, Rahul and Nowak, Robert D.},
  journal =      {Journal of Machine Learning Research},
  note =         {\url{http://jmlr.org/papers/v22/20-583.html}},
  number =       43,
  openalex =     {W3108216709},
  pages =        {1--40},
  title =        {Banach Space Representer Theorems for Neural
                  Networks and Ridge Splines},
  volume =       22,
  year =         2021
}

@article{park2021learning,
  author =       {Park, Gunwoong and Moon, Sang Jun and Park, Sion and
                  Jeon, Jong‐June},
  journal =      {Journal of Machine Learning Research},
  note =         {\url{http://jmlr.org/papers/v22/20-1005.html}},
  number =       102,
  openalex =     {W3169180353},
  pages =        {1--41},
  title =        {Learning a High-dimensional Linear Structural
                  Equation Model via l1-Regularized Regression},
  volume =       22,
  year =         2021
}

@article{pastore2021locally,
  author =       {Pastore, Adriano and Gastpar, Michael},
  journal =      {Journal of Machine Learning Research},
  note =         {\url{http://jmlr.org/papers/v22/18-726.html}},
  number =       132,
  openalex =     {W3191400578},
  pages =        {1--56},
  title =        {Locally Differentially-Private Randomized Response
                  for Discrete Distribution Learning},
  volume =       22,
  year =         2021
}

@article{patil2021achieving,
  author =       {Patil, Vishakha and Ghalme, Ganesh and Nair, Vineet
                  and Narahari, Y.},
  journal =      {Journal of Machine Learning Research},
  note =         {\url{http://jmlr.org/papers/v22/20-704.html}},
  number =       174,
  openalex =     {W2996787464},
  pages =        {1--31},
  title =        {Achieving Fairness in the Stochastic Multi-Armed
                  Bandit Problem},
  volume =       22,
  year =         2021
}

@article{peluchetti2021doubly,
  author =       {Peluchetti, Stefano and Favaro, Stefano},
  journal =      {Journal of Machine Learning Research},
  note =         {\url{http://jmlr.org/papers/v22/20-706.html}},
  number =       175,
  openalex =     {W4287726622},
  pages =        {1--48},
  title =        {Doubly infinite residual neural networks: a
                  diffusion process approach},
  volume =       22,
  year =         2021
}

@article{perez2021attention,
  author =       {Pérez, Jorge and Barceló, Pablo and Marinković,
                  Javier},
  journal =      {Journal of Machine Learning Research},
  note =         {\url{http://jmlr.org/papers/v22/20-302.html}},
  number =       75,
  openalex =     {W3149261839},
  pages =        {1--35},
  title =        {Attention is Turing-Complete},
  volume =       22,
  year =         2021
}

@article{perezortiz2021tighter,
  author =       {Pérez‐Ortiz, María and Rivasplata, Omar and
                  Shawe‐Taylor, John and Szepesvári, Csaba},
  journal =      {Journal of Machine Learning Research},
  note =         {\url{http://jmlr.org/papers/v22/20-879.html}},
  number =       227,
  openalex =     {W3044132587},
  pages =        {1--40},
  title =        {Tighter risk certificates for neural networks},
  volume =       22,
  year =         2021
}

@article{perry2021mvlearn,
  author =       {Perry, Ronan and Mischler, Gavin and Guo, Richard
                  and Lee, Theodore and Chang, Alexander and Koul,
                  Arman and Franz, Cameron and Richard, Hugo and
                  Carmichael, Iain and Ablin, Pierre and Gramfort,
                  Alexandre and Vogelstein, Joshua T},
  journal =      {Journal of Machine Learning Research},
  note =         {\url{http://jmlr.org/papers/v22/20-1370.html}},
  number =       109,
  openalex =     {W3028559891},
  pages =        {1--7},
  title =        {mvlearn: Multiview Machine Learning in Python},
  volume =       22,
  year =         2021
}

@article{petersen2021testing,
  author =       {Petersen, Lasse and Hansen, Niels Richard},
  journal =      {Journal of Machine Learning Research},
  note =         {\url{http://jmlr.org/papers/v22/20-1074.html}},
  number =       70,
  openalex =     {W3013422023},
  pages =        {1--47},
  title =        {Testing Conditional Independence via Quantile
                  Regression Based Partial Copulas},
  volume =       22,
  year =         2021
}

@article{petzka2021non,
  author =       {Petzka, Henning and Sminchisescu, Cristian},
  journal =      {Journal of Machine Learning Research},
  note =         {\url{http://jmlr.org/papers/v22/19-586.html}},
  number =       143,
  openalex =     {W2904130053},
  pages =        {1--34},
  title =        {Non-attracting Regions of Local Minima in Deep and
                  Wide Neural Networks},
  volume =       22,
  year =         2021
}

@article{pineau2021improving,
  author =       {Pineau, Joëlle and Vincent‐Lamarre, Philippe and
                  Sinha, Koustuv and Larivière, Vincent and
                  Beygelzimer, Alina and d’Alché–Buc, Florence and
                  Fox, Emily B. and Larochelle, Hugo},
  journal =      {Journal of Machine Learning Research},
  note =         {\url{http://jmlr.org/papers/v22/20-303.html}},
  number =       164,
  openalex =     {W3013688454},
  pages =        {1--20},
  title =        {Improving Reproducibility in Machine Learning
                  Research (A Report from the NeurIPS 2019
                  Reproducibility Program)},
  volume =       22,
  year =         2021
}

@article{puolamaki2021guided,
  author =       {Puolamäki, Kai and Oikarinen, Emilia and Henelius,
                  Andreas},
  journal =      {Journal of Machine Learning Research},
  note =         {\url{http://jmlr.org/papers/v22/19-364.html}},
  number =       96,
  openalex =     {W3167423243},
  pages =        {1--32},
  title =        {Guided Visual Exploration of Relations in Data Sets},
  volume =       22,
  year =         2021
}

@article{qian2021l,
  author =       {Qian, Xun and Qu, Zheng and Richtárik, Peter},
  journal =      {Journal of Machine Learning Research},
  note =         {\url{http://jmlr.org/papers/v22/20-156.html}},
  number =       112,
  openalex =     {W2948628224},
  pages =        {1--47},
  title =        {L-SVRG and L-Katyusha with Arbitrary Sampling},
  volume =       22,
  year =         2021
}

@article{raffin2021stable,
  author =       {Raffin, Antonin and Hill, Ashley and Gleave, Adam
                  and Kanervisto, Anssi and Ernestus, Maximilian and
                  Dormann, Noah},
  journal =      {Journal of Machine Learning Research},
  note =         {\url{http://jmlr.org/papers/v22/20-1364.html}},
  number =       268,
  openalex =     {W3216772467},
  pages =        {1--8},
  title =        {Stable-Baselines3: Reliable Reinforcement Learning
                  Implementations},
  volume =       22,
  year =         2021
}

@article{rakhsha2021policy,
  author =       {Rakhsha, Amin and Radanović, Goran and Devidze, Rati
                  and Zhu, Xiaojin and Singla, Adish},
  journal =      {Journal of Machine Learning Research},
  note =         {\url{http://jmlr.org/papers/v22/20-1329.html}},
  number =       210,
  openalex =     {W3109594330},
  pages =        {1--45},
  title =        {Policy Teaching in Reinforcement Learning via
                  Environment Poisoning Attacks},
  volume =       22,
  year =         2021
}

@article{ramezanikebrya2021nuqsgd,
  author =       {Ramezani-Kebrya, Ali and Faghri, Fartash and Markov,
                  Ilya and Aksenov, Vitalii and Alistarh, Dan-Adrian
                  and Roy, Daniel M.},
  journal =      {Journal of Machine Learning Research},
  note =         {\url{http://jmlr.org/papers/v22/20-255.html}},
  number =       114,
  openalex =     {W3168853077},
  pages =        {1--43},
  title =        {NUQSGD: Provably Communication-efficient
                  Data-parallel SGD via Nonuniform Quantization},
  volume =       22,
  year =         2021
}

@article{richardson2021bayes,
  author =       {Richardson, Eitan and Weiss, Yair},
  journal =      {Journal of Machine Learning Research},
  note =         {\url{http://jmlr.org/papers/v22/20-567.html}},
  number =       221,
  openalex =     {W2995592330},
  pages =        {1--28},
  title =        {A Bayes-Optimal View on Adversarial Examples},
  volume =       22,
  year =         2021
}

@article{roy2021bayesian,
  author =       {Roy, Arkaprava and Borg, Jana Schaich and Dunson,
                  David B.},
  journal =      {Journal of Machine Learning Research},
  note =         {\url{http://jmlr.org/papers/v22/20-048.html}},
  number =       250,
  openalex =     {W2941738790},
  pages =        {1--27},
  title =        {Bayesian time-aligned factor analysis of paired
                  multivariate time series},
  volume =       22,
  year =         2021
}

@article{rościszewski2021tensorhive,
  author =       {Rościszewski, Paweł and Martyniak, Michał and
                  Schodowski, Filip},
  journal =      {Journal of Machine Learning Research},
  note =         {\url{http://jmlr.org/papers/v22/20-225.html}},
  number =       215,
  openalex =     {W3205622964},
  pages =        {1--5},
  title =        {TensorHive: Management of Exclusive GPU Access for
                  Distributed Machine Learning Workloads},
  volume =       22,
  year =         2021
}

@article{salehkaleybar2021one,
  author =       {Salehkaleybar, Saber and Sharifnassab, Arsalan and
                  Golestani, S. Jamaloddin},
  journal =      {Journal of Machine Learning Research},
  note =         {\url{http://jmlr.org/papers/v22/19-1048.html}},
  number =       189,
  openalex =     {W3207236107},
  pages =        {1--47},
  title =        {One-Shot Federated Learning: Theoretical Limits and
                  Algorithms to Achieve Them},
  volume =       22,
  year =         2021
}

@article{sanzserna2021wasserstein,
  author =       {Sanz-Serna, Jesus Maria and Zygalakis, Konstantinos
                  C.},
  journal =      {Journal of Machine Learning Research},
  note =         {\url{http://jmlr.org/papers/v22/21-0453.html}},
  number =       242,
  pages =        {1--37},
  title =        {Wasserstein distance estimates for the distributions
                  of numerical approximations to ergodic stochastic
                  differential equations},
  volume =       22,
  year =         2021
}

@article{sarkar2021finite,
  author =       {Sarkar, Tuhin and Rakhlin, Alexander and Dahleh,
                  Munther A.},
  journal =      {Journal of Machine Learning Research},
  note =         {\url{http://jmlr.org/papers/v22/19-725.html}},
  number =       26,
  openalex =     {W3128922944},
  pages =        {1--61},
  title =        {Finite Time LTI System Identification.},
  volume =       22,
  year =         2021
}

@article{sarkar2021when,
  author =       {Sarkar, Purnamrita and Wang, Y. X. Rachel and
                  Mukherjee, Soumendu S.},
  journal =      {Journal of Machine Learning Research},
  note =         {\url{http://jmlr.org/papers/v22/19-630.html}},
  number =       22,
  pages =        {1--46},
  title =        {When random initializations help: a study of
                  variational inference for community detection},
  volume =       22,
  year =         2021
}

@article{shamir2021gradient,
  author =       {Shamir, Ohad},
  journal =      {Journal of Machine Learning Research},
  note =         {\url{http://jmlr.org/papers/v22/20-997.html}},
  number =       85,
  openalex =     {W3155726402},
  pages =        {1--20},
  title =        {Gradient Methods Never Overfit On Separable Data},
  volume =       22,
  year =         2021
}

@article{shi2021double,
  author =       {Shi, Chengchun and Xu, Tianlin and Bergsma, Wicher
                  and Li, Lexin},
  journal =      {Journal of Machine Learning Research},
  note =         {\url{http://jmlr.org/papers/v22/21-0294.html}},
  number =       285,
  openalex =     {W3213558745},
  pages =        {1--32},
  title =        {Double Generative Adversarial Networks for
                  Conditional Independence Testing},
  volume =       22,
  year =         2021
}

@article{shi2021online,
  author =       {Shi, Chengchun and Luo, Shikai and Zhu, Hongtu and
                  Song, Rui},
  journal =      {Journal of Machine Learning Research},
  note =         {\url{http://jmlr.org/papers/v22/21-0383.html}},
  number =       286,
  openalex =     {W3214177370},
  pages =        {1--51},
  title =        {An Online Sequential Test for Qualitative Treatment
                  Effects},
  volume =       22,
  year =         2021
}

@article{sicks2021generalised,
  author =       {Sicks, Robert and Korn, Ralf and Schwaar, Stefanie},
  journal =      {Journal of Machine Learning Research},
  note =         {\url{http://jmlr.org/papers/v22/21-0037.html}},
  number =       233,
  openalex =     {W4287758851},
  pages =        {1--41},
  title =        {A Generalised Linear Model Framework for
                  $β$-Variational Autoencoders based on Exponential
                  Dispersion Families},
  volume =       22,
  year =         2021
}

@article{smith2021differentially,
  author =       {Smith, Michael Thomas and Álvarez, Mauricio A. and
                  Lawrence, Neil D.},
  journal =      {Journal of Machine Learning Research},
  note =         {\url{http://jmlr.org/papers/v22/19-017.html}},
  number =       188,
  openalex =     {W2974658117},
  pages =        {1--41},
  title =        {Differentially Private Regression and Classification
                  with Sparse Gaussian Processes},
  volume =       22,
  year =         2021
}

@article{song2021collusion,
  author =       {Song, Changyue and Liu, Kaibo and Zhang, Xi},
  journal =      {Journal of Machine Learning Research},
  note =         {\url{http://jmlr.org/papers/v22/19-373.html}},
  number =       190,
  openalex =     {W3205711048},
  pages =        {1--45},
  title =        {Collusion Detection and Ground Truth Inference in
                  Crowdsourcing for Labeling Tasks},
  volume =       22,
  year =         2021
}

@article{stelmakh2021peerreview4all,
  author =       {Stelmakh, Ivan and Shah, Nihar B. and Singh, Aarti},
  journal =      {Journal of Machine Learning Research},
  note =         {\url{http://jmlr.org/papers/v22/20-190.html}},
  number =       163,
  openalex =     {W2808674837},
  pages =        {1--66},
  title =        {PeerReview4All: Fair and Accurate Reviewer
                  Assignment in Peer Review.},
  volume =       22,
  year =         2021
}

@article{stemmer2021locally,
  author =       {Stemmer, Uri},
  journal =      {Journal of Machine Learning Research},
  note =         {\url{http://jmlr.org/papers/v22/20-721.html}},
  number =       176,
  openalex =     {W4288287721},
  pages =        {1--30},
  title =        {Locally Private k-Means Clustering},
  volume =       22,
  year =         2021
}

@article{sun2021convex,
  author =       {Sun, Defeng and Toh, Kim Chuan and Yuan, Yancheng},
  journal =      {Journal of Machine Learning Research},
  note =         {\url{http://jmlr.org/papers/v22/18-694.html}},
  number =       9,
  openalex =     {W3127907562},
  pages =        {1--32},
  title =        {Convex Clustering: Model, Theoretical Guarantee and
                  Efficient Algorithm},
  volume =       22,
  year =         2021
}

@article{sun2021optimal,
  author =       {Sun, Hongwei and Wu, Qiang},
  journal =      {Journal of Machine Learning Research},
  note =         {\url{http://jmlr.org/papers/v22/20-627.html}},
  number =       171,
  openalex =     {W3039270669},
  pages =        {1--34},
  title =        {Optimal Rates of Distributed Regression with
                  Imperfect Kernels},
  volume =       22,
  year =         2021
}

@article{tang2021integrated,
  author =       {Tang, Tiffany M. and Allen, Genevera I.},
  journal =      {Journal of Machine Learning Research},
  note =         {\url{http://jmlr.org/papers/v22/20-084.html}},
  number =       198,
  openalex =     {W2893691638},
  pages =        {1--71},
  title =        {Integrated Principal Components Analysis},
  volume =       22,
  year =         2021
}

@article{tauzin2021giotto,
  author =       {Tauzin, Guillaume and Lupo, Umberto and Tunstall,
                  Lewis and Pérez, Julián Burella and Caorsi, Matteo
                  and Reise, Wojciech and Medina-Mardones, Anibal
                  M. and Dassatti, Alberto and Hess, Kathryn},
  journal =      {Journal of Machine Learning Research},
  note =         {\url{http://jmlr.org/papers/v22/20-325.html}},
  number =       39,
  openalex =     {W4287817216},
  pages =        {1--6},
  title =        {giotto-tda: A Topological Data Analysis Toolkit for
                  Machine Learning and Data Exploration},
  volume =       22,
  year =         2021
}

@article{tian2021rase,
  author =       {Tian, Ye and Feng, Yang},
  journal =      {Journal of Machine Learning Research},
  note =         {\url{http://jmlr.org/papers/v22/20-600.html}},
  number =       45,
  openalex =     {W3128403374},
  pages =        {1--93},
  title =        {RaSE: Random Subspace Ensemble Classification},
  volume =       22,
  year =         2021
}

@article{tong2021accelerating,
  author =       {Tong, Tian and Ma, Cong and Chi, Yuejie},
  journal =      {Journal of Machine Learning Research},
  note =         {\url{http://jmlr.org/papers/v22/20-1067.html}},
  number =       150,
  openalex =     {W3192692954},
  pages =        {1--63},
  title =        {Accelerating Ill-Conditioned Low-Rank Matrix
                  Estimation via Scaled Gradient Descent},
  volume =       22,
  year =         2021
}

@article{tosh2021contrastive,
  author =       {Tosh, Christopher and Krishnamurthy, Akshay and Hsu,
                  Daniel},
  journal =      {Journal of Machine Learning Research},
  note =         {\url{http://jmlr.org/papers/v22/21-0089.html}},
  number =       281,
  openalex =     {W3009571263},
  pages =        {1--31},
  title =        {Contrastive estimation reveals topic posterior
                  information to linear models},
  volume =       22,
  year =         2021
}

@article{traca2021regulating,
  author =       {Tracà, Stefano and Rudin, Cynthia and Yan, Weiyu},
  journal =      {Journal of Machine Learning Research},
  note =         {\url{http://jmlr.org/papers/v22/17-720.html}},
  number =       3,
  openalex =     {W3126427931},
  pages =        {1--99},
  title =        {Regulating Greed Over Time in Multi-Armed Bandits},
  volume =       22,
  year =         2021
}

@article{tu2021variance,
  author =       {Tu, Jiyuan and Liu, Weidong and Mao, Xiaojun and
                  Chen, Xi},
  journal =      {Journal of Machine Learning Research},
  note =         {\url{http://jmlr.org/papers/v22/20-950.html}},
  number =       84,
  openalex =     {W3133700352},
  pages =        {1--67},
  title =        {Variance Reduced Median-of-Means Estimator for
                  Byzantine-Robust Distributed Inference},
  volume =       22,
  year =         2021
}

@article{tuck2021distributed,
  author =       {Tuck, Jonathan and Barratt, Shane and Boyd, Stephen},
  journal =      {Journal of Machine Learning Research},
  note =         {\url{http://jmlr.org/papers/v22/19-345.html}},
  number =       60,
  openalex =     {W3145959995},
  pages =        {1--37},
  title =        {A Distributed Method for Fitting Laplacian
                  Regularized Stratified Models},
  volume =       22,
  year =         2021
}

@article{vanerven2021metagrad,
  author =       {Erven, Tim van and Koolen, Wouter M. and Hoeven,
                  Dirk van der},
  journal =      {Journal of Machine Learning Research},
  note =         {\url{http://jmlr.org/papers/v22/20-1444.html}},
  number =       161,
  openalex =     {W3131719325},
  pages =        {1--61},
  title =        {MetaGrad: Adaptation using Multiple Learning Rates
                  in Online Learning},
  volume =       22,
  year =         2021
}

@article{veen2021sklvq,
  author =       {Veen, Rick van and Biehl, Michael and Vries,
                  Gert-Jan de},
  journal =      {Journal of Machine Learning Research},
  note =         {\url{http://jmlr.org/papers/v22/21-0029.html}},
  number =       231,
  openalex =     {W3206436985},
  pages =        {1--6},
  title =        {sklvq : Scikit Learning Vector Quantization},
  volume =       22,
  year =         2021
}

@article{villacampa2021multi,
  author =       {Villacampa-Calvo, Carlos and Zaldívar, Bryan and
                  Garrido-Merchán, Eduardo C. and Hernández-Lobato,
                  Daniel},
  journal =      {Journal of Machine Learning Research},
  note =         {\url{http://jmlr.org/papers/v22/20-107.html}},
  number =       36,
  openalex =     {W3003254083},
  pages =        {1--52},
  title =        {Multi-class Gaussian Process Classification with
                  Noisy Inputs},
  volume =       22,
  year =         2021
}

@article{wang2021bayesian,
  author =       {Wang, Feifei and Zhang, Junni L. and Li, Yichao and
                  Deng, Ke and Liu, Jun S.},
  journal =      {Journal of Machine Learning Research},
  note =         {\url{http://jmlr.org/papers/v22/18-332.html}},
  number =       89,
  openalex =     {W3166374891},
  pages =        {1--48},
  title =        {Bayesian Text Classification and Summarization via A
                  Class-Specified Topic Model},
  volume =       22,
  year =         2021
}

@article{wang2021cooperative,
  author =       {Wang, Jianyu and Joshi, Gauri},
  journal =      {Journal of Machine Learning Research},
  note =         {\url{http://jmlr.org/papers/v22/20-147.html}},
  number =       213,
  openalex =     {W3205564238},
  pages =        {1--50},
  title =        {Cooperative SGD: A Unified Framework for the Design
                  and Analysis of Local-Update SGD Algorithms},
  volume =       22,
  year =         2021
}

@article{wang2021empirical,
  author =       {Wang, Wei and Stephens, Matthew},
  journal =      {Journal of Machine Learning Research},
  note =         {\url{http://jmlr.org/papers/v22/20-589.html}},
  number =       120,
  openalex =     {W3172786606},
  pages =        {1--40},
  title =        {Empirical Bayes Matrix Factorization},
  volume =       22,
  year =         2021
}

@article{wang2021exact,
  author =       {Wang, Feicheng and Janson, Lucas},
  journal =      {Journal of Machine Learning Research},
  note =         {\url{http://jmlr.org/papers/v22/20-1292.html}},
  number =       265,
  openalex =     {W3215639537},
  pages =        {1--112},
  title =        {Exact Asymptotics for Linear Quadratic Adaptive
                  Control},
  volume =       22,
  year =         2021
}

@article{wang2021flame,
  author =       {Wang, Tianyu and Morucci, Marco and Awan, M. Usaid
                  and Liu, Yameng and Roy, Sudeepa and Rudin, Cynthia
                  and Volfovsky, Alexander},
  journal =      {Journal of Machine Learning Research},
  note =         {\url{http://jmlr.org/papers/v22/19-853.html}},
  number =       31,
  openalex =     {W3127868551},
  pages =        {1--41},
  title =        {FLAME: A Fast Large-scale Almost Matching Exactly
                  Approach to Causal Inference},
  volume =       22,
  year =         2021
}

@article{wang2021hybrid,
  author =       {Wang, Tong and Lin, Qihang},
  journal =      {Journal of Machine Learning Research},
  note =         {\url{http://jmlr.org/papers/v22/19-325.html}},
  number =       137,
  openalex =     {W3188561931},
  pages =        {1--38},
  title =        {Hybrid Predictive Models: When an Interpretable
                  Model Collaborates with a Black-box Model},
  volume =       22,
  year =         2021
}

@article{wang2021integrative,
  author =       {Wang, Minjie and Allen, Genevera I.},
  journal =      {Journal of Machine Learning Research},
  note =         {\url{http://jmlr.org/papers/v22/19-1012.html}},
  number =       55,
  openalex =     {W3148595015},
  pages =        {1--73},
  title =        {Integrative Generalized Convex Clustering
                  Optimization and Feature Selection for Mixed
                  Multi-View Data},
  volume =       22,
  year =         2021
}

@article{wang2021localgan,
  author =       {Wang, Baoxun and Xu, Zhen and Zhang, Huan and Qiu,
                  Kexin and Zhang, Deyuan and Sun, Chengjie},
  journal =      {Journal of Machine Learning Research},
  note =         {\url{http://jmlr.org/papers/v22/20-052.html}},
  number =       101,
  openalex =     {W2998590008},
  pages =        {1--29},
  title =        {LocalGAN: Modeling Local Distributions for
                  Adversarial Response Generation},
  volume =       22,
  year =         2021
}

@article{wang2021method,
  author =       {Wang, Fei and Zhou, Ling and Tang, Lu and Song,
                  Peter X.‐K.},
  journal =      {Journal of Machine Learning Research},
  note =         {\url{http://jmlr.org/papers/v22/19-776.html}},
  number =       192,
  openalex =     {W3206411490},
  pages =        {1--32},
  title =        {Method of Contraction-Expansion (MOCE) for
                  Simultaneous Inference in Linear Models},
  volume =       22,
  year =         2021
}

@article{wang2021representer,
  author =       {Wang, Rui and Xu, Yuesheng},
  journal =      {Journal of Machine Learning Research},
  note =         {\url{http://jmlr.org/papers/v22/20-751.html}},
  number =       225,
  openalex =     {W3205761825},
  pages =        {1--65},
  title =        {Representer Theorems in Banach Spaces: Minimum Norm
                  Interpolation, Regularized Learning and
                  Semi-Discrete Inverse Problems},
  volume =       22,
  year =         2021
}

@article{wang2021statistically,
  author =       {Wang, Daren and Zhao, Zifeng and Lin, Kevin Z. and
                  Willett, Rebecca},
  journal =      {Journal of Machine Learning Research},
  note =         {\url{http://jmlr.org/papers/v22/19-531.html}},
  number =       248,
  pages =        {1--46},
  title =        {Statistically and Computationally Efficient Change
                  Point Localization in Regression Settings},
  volume =       22,
  year =         2021
}

@article{wang2021understanding,
  author =       {Wang, Yingfan and Huang, Haiyang and Rudin, Cynthia
                  and Shaposhnik, Yaron},
  journal =      {Journal of Machine Learning Research},
  note =         {\url{http://jmlr.org/papers/v22/20-1061.html}},
  number =       201,
  openalex =     {W3111307227},
  pages =        {1--73},
  title =        {Understanding How Dimension Reduction Tools Work: An
                  Empirical Approach to Deciphering t-SNE, UMAP,
                  TriMAP, and PaCMAP for Data Visualization},
  volume =       22,
  year =         2021
}

@article{wei2021optimized,
  author =       {Wei, Dennis and Ramamurthy, Karthikeyan Natesan and
                  Calmon, Flávio P.},
  journal =      {Journal of Machine Learning Research},
  note =         {\url{http://jmlr.org/papers/v22/20-1143.html}},
  number =       258,
  openalex =     {W3216389579},
  pages =        {1--78},
  title =        {Optimized Score Transformation for Consistent Fair
                  Classification},
  volume =       22,
  year =         2021
}

@article{weis2021benchmarking,
  author =       {Weis, Marissa A. and Chitta, Kashyap and Sharma,
                  Yash and Brendel, Wieland and Bethge, Matthias and
                  Geiger, Andreas and Ecker, Alexander S.},
  journal =      {Journal of Machine Learning Research},
  note =         {\url{http://jmlr.org/papers/v22/21-0199.html}},
  number =       183,
  openalex =     {W4287758375},
  pages =        {1--61},
  title =        {Benchmarking Unsupervised Object Representations for
                  Video Sequences},
  volume =       22,
  year =         2021
}

@article{wilson2021lyapunov,
  author =       {Wilson, Ashia C. and Recht, Ben and Jordan, Michael
                  I.},
  journal =      {Journal of Machine Learning Research},
  note =         {\url{http://jmlr.org/papers/v22/20-195.html}},
  number =       113,
  openalex =     {W3171123992},
  pages =        {1--34},
  title =        {A Lyapunov Analysis of Accelerated Methods in
                  Optimization},
  volume =       22,
  year =         2021
}

@article{wilson2021pathwise,
  author =       {Wilson, James T. and Borovitskiy, Viacheslav and
                  Terenin, Alexander and Mostowsky, Peter and
                  Deisenroth, Marc Peter},
  journal =      {Journal of Machine Learning Research},
  note =         {\url{http://jmlr.org/papers/v22/20-1260.html}},
  number =       105,
  openalex =     {W4287603018},
  pages =        {1--47},
  title =        {Pathwise Conditioning of Gaussian Processes},
  volume =       22,
  year =         2021
}

@article{wynne2021convergence,
  author =       {Wynne, George and Briol, François‐Xavier and
                  Girolami, Mark},
  journal =      {Journal of Machine Learning Research},
  note =         {\url{http://jmlr.org/papers/v22/20-662.html}},
  number =       123,
  openalex =     {W3035032733},
  pages =        {1--40},
  title =        {Convergence Guarantees for Gaussian Process Means
                  With Misspecified Likelihoods and Smoothness},
  volume =       22,
  year =         2021
}

@article{xiao2021homogeneity,
  author =       {Xiao, Di and Ke, Yuan and Li, Runze},
  journal =      {Journal of Machine Learning Research},
  note =         {\url{http://jmlr.org/papers/v22/19-1018.html}},
  number =       13,
  openalex =     {W3127128442},
  pages =        {1--42},
  title =        {Homogeneity Structure Learning in Large-scale Panel
                  Data with Heavy-tailed Errors},
  volume =       22,
  year =         2021
}

@article{xing2021flexible,
  author =       {Xing, Zhengrong and Carbonetto, Peter and Stephens,
                  Matthew},
  journal =      {Journal of Machine Learning Research},
  note =         {\url{http://jmlr.org/papers/v22/19-042.html}},
  number =       93,
  openalex =     {W2914760527},
  pages =        {1--28},
  title =        {Flexible signal denoising via flexible empirical
                  Bayes shrinkage},
  volume =       22,
  year =         2021
}

@article{xu2021coke,
  author =       {Xu, Ping and Wang, Yue and Chen, Xiang and Tian,
                  Zhi},
  journal =      {Journal of Machine Learning Research},
  note =         {\url{http://jmlr.org/papers/v22/20-070.html}},
  number =       196,
  openalex =     {W3205776668},
  pages =        {1--35},
  title =        {COKE: Communication-Censored Decentralized Kernel
                  Learning},
  volume =       22,
  year =         2021
}

@article{xu2021on,
  author =       {Xu, Zhiqiang and Li, Ping},
  journal =      {Journal of Machine Learning Research},
  note =         {\url{http://jmlr.org/papers/v22/20-033.html}},
  number =       249,
  openalex =     {W3216249545},
  pages =        {1--46},
  title =        {On the Riemannian Search for Eigenvector
                  Computation},
  volume =       22,
  year =         2021
}

@article{yang2021fast,
  author =       {Yang, Lei and Li, Jia and Sun, Defeng and Toh,
                  Kim-Chuan},
  journal =      {Journal of Machine Learning Research},
  note =         {\url{http://jmlr.org/papers/v22/19-629.html}},
  number =       21,
  pages =        {1--37},
  title =        {A Fast Globally Linearly Convergent Algorithm for
                  the Computation of Wasserstein Barycenters},
  volume =       22,
  year =         2021
}

@article{yang2021gembag,
  author =       {Yang, Xinming and Gan, Lingrui and Narisetty, Naveen
                  N. and Liang, Feng},
  journal =      {Journal of Machine Learning Research},
  note =         {\url{http://jmlr.org/papers/v22/19-1006.html}},
  number =       54,
  pages =        {1--48},
  title =        {GemBag: Group Estimation of Multiple Bayesian
                  Graphical Models},
  volume =       22,
  year =         2021
}

@article{yang2021hyperparameter,
  author =       {Yang, Zebin and Zhang, Aijun},
  journal =      {Journal of Machine Learning Research},
  note =         {\url{http://jmlr.org/papers/v22/20-058.html}},
  number =       149,
  openalex =     {W3084079134},
  pages =        {1--47},
  title =        {Hyperparameter Optimization via Sequential Uniform
                  Designs},
  volume =       22,
  year =         2021
}

@article{ye2021deepca,
  author =       {Ye, Haishan and Zhang, Tong},
  journal =      {Journal of Machine Learning Research},
  note =         {\url{http://jmlr.org/papers/v22/21-0298.html}},
  number =       238,
  openalex =     {W3127956932},
  pages =        {1--27},
  title =        {DeEPCA: Decentralized Exact PCA with Linear
                  Convergence Rate},
  volume =       22,
  year =         2021
}

@article{ye2021global,
  author =       {Ye, Haishan and Luo, Luo and Zhang, Zhihua},
  journal =      {Journal of Machine Learning Research},
  note =         {\url{http://jmlr.org/papers/v22/19-870.html}},
  number =       66,
  pages =        {1--41},
  title =        {Global approximate Newton methods},
  volume =       22,
  year =         2021
}

@article{ye2021nonparametric,
  author =       {Ye, Steven Siwei and Padilla, Oscar Hernán Madrid},
  journal =      {Journal of Machine Learning Research},
  note =         {\url{http://jmlr.org/papers/v22/20-1462.html}},
  number =       111,
  openalex =     {W3110271943},
  pages =        {1--38},
  title =        {Non-parametric Quantile Regression via the K-NN
                  Fused Lasso},
  volume =       22,
  year =         2021
}

@article{yu2021graph,
  author =       {Yu, Liren and Xu, Jiaming and Lin, Xiaojun},
  journal =      {Journal of Machine Learning Research},
  note =         {\url{http://jmlr.org/papers/v22/21-0020.html}},
  number =       280,
  openalex =     {W3015883877},
  pages =        {1--54},
  title =        {Graph Matching with Partially-Correct Seeds},
  volume =       22,
  year =         2021
}

@article{yu2021pykg2vec,
  author =       {Yu, Shih Yuan and Chhetri, Sujit Rokka and Canedo,
                  Arquimedes and Goyal, Palash and Faruque, Mohammad
                  Abdullah Al},
  journal =      {Journal of Machine Learning Research},
  note =         {\url{http://jmlr.org/papers/v22/19-433.html}},
  number =       16,
  openalex =     {W2952737206},
  pages =        {1--6},
  title =        {Pykg2vec: A Python Library for Knowledge Graph
                  Embedding.},
  volume =       22,
  year =         2021
}

@article{zeng2021on,
  author =       {Zeng, Jinshan and Lin, Shao-Bo and Yao, Yuan and
                  Zhou, Ding‐Xuan},
  journal =      {Journal of Machine Learning Research},
  note =         {\url{http://jmlr.org/papers/v22/20-1006.html}},
  number =       199,
  openalex =     {W3083491356},
  pages =        {1--67},
  title =        {On ADMM in Deep Learning: Convergence and
                  Saturation-Avoidance},
  volume =       22,
  year =         2021
}

@article{zhang2021bifurcation,
  author =       {Zhang, Shao-Qun and Zhang, Zhaoyu and Zhou, Zhi‐Hua},
  journal =      {Journal of Machine Learning Research},
  note =         {\url{http://jmlr.org/papers/v22/20-1031.html}},
  number =       253,
  openalex =     {W3214991241},
  pages =        {1--21},
  title =        {Bifurcation Spiking Neural Network},
  volume =       22,
  year =         2021
}

@article{zhang2021dynamic,
  author =       {Zhang, Yanqing and Bi, Xuan and Tang, Niansheng and
                  Qu, Annie},
  journal =      {Journal of Machine Learning Research},
  note =         {\url{http://jmlr.org/papers/v22/19-792.html}},
  number =       65,
  openalex =     {W3011248981},
  pages =        {1--35},
  title =        {Dynamic Tensor Recommender Systems},
  volume =       22,
  year =         2021
}

@article{zhang2021kernel,
  author =       {Zhang, Yikun and Chen, Yen‐Chi},
  journal =      {Journal of Machine Learning Research},
  note =         {\url{http://jmlr.org/papers/v22/20-1194.html}},
  number =       154,
  openalex =     {W3094565554},
  pages =        {1--92},
  title =        {Kernel Smoothing, Mean Shift, and Their Learning
                  Theory with Directional Data},
  volume =       22,
  year =         2021
}

@article{zhang2021single,
  author =       {Zhang, Wanrong and Krehbiel, Sara and Tuo, Rui and
                  Mei, Yajun and Cummings, Rachel},
  journal =      {Journal of Machine Learning Research},
  note =         {\url{http://jmlr.org/papers/v22/19-770.html}},
  number =       29,
  openalex =     {W3127214541},
  pages =        {1--36},
  title =        {Single and Multiple Change-Point Detection with
                  Differential Privacy},
  volume =       22,
  year =         2021
}

@article{zhang2021unified,
  author =       {Zhang, Guodong and Bao, Xuchan and Lessard, Laurent
                  and Grosse, Roger},
  journal =      {Journal of Machine Learning Research},
  note =         {\url{http://jmlr.org/papers/v22/20-1068.html}},
  number =       103,
  openalex =     {W3089190316},
  pages =        {1--39},
  title =        {A Unified Analysis of First-Order Methods for Smooth
                  Games via Integral Quadratic Constraints},
  volume =       22,
  year =         2021
}

@article{zhao2021analysis,
  author =       {Zhao, Tingting and Bouchard‐Côté, Alexandre},
  journal =      {Journal of Machine Learning Research},
  note =         {\url{http://jmlr.org/papers/v22/18-651.html}},
  number =       91,
  openalex =     {W2947115254},
  pages =        {1--41},
  title =        {Analysis of high-dimensional Continuous Time Markov
                  Chains using the Local Bouncy Particle Sampler},
  volume =       22,
  year =         2021
}

@article{zhao2021bandit,
  author =       {Zhao, Peng and Wang, Guanghui and Zhang, Lijun and
                  Zhou, Zhi‐Hua},
  journal =      {Journal of Machine Learning Research},
  note =         {\url{http://jmlr.org/papers/v22/20-763.html}},
  number =       125,
  openalex =     {W2964596703},
  pages =        {1--45},
  title =        {Bandit Convex Optimization in Non-stationary
                  Environments},
  volume =       22,
  year =         2021
}

@article{zheng2021context,
  author =       {Zheng, Lili and Raskutti, Garvesh and Willett,
                  Rebecca and Mark, Benjamin},
  journal =      {Journal of Machine Learning Research},
  note =         {\url{http://jmlr.org/papers/v22/20-244.html}},
  number =       216,
  openalex =     {W3205298872},
  pages =        {1--88},
  title =        {Context-dependent Networks in Multivariate Time
                  Series: Models, Methods, and Risk Bounds in High
                  Dimensions},
  volume =       22,
  year =         2021
}

@article{zhong2021thompson,
  author =       {Cheung, Wang Chi and Tan, Vincent Y. F. and Zhong,
                  Zixin},
  journal =      {Journal of Machine Learning Research},
  note =         {\url{http://jmlr.org/papers/v22/20-447.html}},
  number =       218,
  openalex =     {W2921465029},
  pages =        {1--66},
  title =        {A Thompson Sampling Algorithm for Cascading Bandits},
  volume =       22,
  year =         2021
}

@article{zhou2021estimating,
  author =       {Zhou, Tianhui and Li, Yitong and Wu, Yuan and
                  Carlson, David},
  journal =      {Journal of Machine Learning Research},
  note =         {\url{http://jmlr.org/papers/v22/20-1100.html}},
  number =       257,
  openalex =     {W3005789139},
  pages =        {1--47},
  title =        {Estimating Uncertainty Intervals from Collaborating
                  Networks.},
  volume =       22,
  year =         2021
}

@article{zhou2021global,
  author =       {Zhou, Shenglong and Xiu, Naihua and Qi, Houduo},
  journal =      {Journal of Machine Learning Research},
  note =         {\url{http://jmlr.org/papers/v22/19-026.html}},
  number =       12,
  openalex =     {W3126727012},
  pages =        {1--45},
  title =        {Global and Quadratic Convergence of Newton
                  Hard-Thresholding Pursuit},
  volume =       22,
  year =         2021
}

@article{zhou2021model,
  author =       {Zhou, Jiaying and Ding, Jie and Tan, Kean Ming and
                  Tarokh, Vahid},
  journal =      {Journal of Machine Learning Research},
  note =         {\url{http://jmlr.org/papers/v22/20-1078.html}},
  number =       256,
  openalex =     {W3215921142},
  pages =        {1--44},
  title =        {Model Linkage Selection for Cooperative Learning},
  volume =       22,
  year =         2021
}

@article{zhou2021vstatistics,
  author =       {Zhou, Zhengze and Mentch, Lucas and Hooker, Giles},
  journal =      {Journal of Machine Learning Research},
  note =         {\url{http://jmlr.org/papers/v22/21-0575.html}},
  number =       287,
  openalex =     {W3021226561},
  pages =        {1--48},
  title =        {$V$-statistics and Variance Estimation},
  volume =       22,
  year =         2021
}

@article{zhu2021algorithmic,
  author =       {Zhu, Yunzhang and Liu, Renxiong},
  journal =      {Journal of Machine Learning Research},
  note =         {\url{http://jmlr.org/papers/v22/19-477.html}},
  number =       138,
  openalex =     {W3187404668},
  pages =        {1--62},
  title =        {An algorithmic view of L2 regularization and some
                  path-following algorithms},
  volume =       22,
  year =         2021
}

@article{zhu2021projection,
  author =       {Zhu, Junlong and Wu, Qingtao and Zhang, Mingchuan
                  and Zheng, Ruijuan and Li, Keqin},
  journal =      {Journal of Machine Learning Research},
  note =         {\url{http://jmlr.org/papers/v22/18-407.html}},
  number =       51,
  openalex =     {W3157756024},
  pages =        {1--42},
  title =        {Projection-free Decentralized Online Learning for
                  Submodular Maximization over Time-Varying Networks},
  volume =       22,
  year =         2021
}

@article{zhuo2021mixing,
  author =       {Zhuo, Bumeng and Gao, Chao},
  journal =      {Journal of Machine Learning Research},
  note =         {\url{http://jmlr.org/papers/v22/18-770.html}},
  number =       10,
  openalex =     {W2899626244},
  pages =        {1--89},
  title =        {Mixing Time of Metropolis-Hastings for Bayesian
                  Community Detection},
  volume =       22,
  year =         2021
}

@article{zintgraf2021varibad,
  author =       {Zintgraf, Luisa and Schulze, Sebastian and Lu, Cong
                  and Feng, Leo and Igl, Maximilian and Shiarlis,
                  Kyriacos and Gal, Yarin and Hofmann, Katja and
                  Whiteson, Shimon},
  journal =      {Journal of Machine Learning Research},
  note =         {\url{http://jmlr.org/papers/v22/21-0657.html}},
  number =       289,
  openalex =     {W3215905638},
  pages =        {1--39},
  title =        {VariBAD: Variational Bayes-Adaptive Deep RL via
                  Meta-Learning},
  volume =       22,
  year =         2021
}

@article{zrnic2021asynchronous,
  author =       {Zrnic, Tijana and Ramdas, Aaditya and Jordan,
                  Michael I.},
  journal =      {Journal of Machine Learning Research},
  note =         {\url{http://jmlr.org/papers/v22/19-910.html}},
  number =       33,
  openalex =     {W3128529018},
  pages =        {1--39},
  title =        {Asynchronous Online Testing of Multiple Hypotheses},
  volume =       22,
  year =         2021
}
