@article{abraham2022testing,
  author =       {Abraham, Kweku and Castillo, Ismaël and Gassiat,
                  Élisabeth},
  journal =      {Journal of Machine Learning Research},
  note =         {\url{http://jmlr.org/papers/v23/21-0054.html}},
  number =       94,
  openalex =     {W3118812687},
  pages =        {1--57},
  title =        {Multiple Testing in Nonparametric Hidden Markov
                  Models: An Empirical Bayes Approach},
  volume =       23,
  year =         2022
}

@article{achour2022existence,
  author =       {Achour, El Mehdi and Malgouyres, François and
                  Mamalet, Franck},
  journal =      {Journal of Machine Learning Research},
  note =         {\url{\url{http://jmlr.org/papers/v23/22-0026.html}}},
  number =       347,
  openalex =     {W4289358680},
  pages =        {1--56},
  title =        {Existence, Stability and Scalability of Orthogonal
                  Convolutional Neural Networks},
  volume =       23,
  year =         2022
}

@article{adiga2022using,
  author =       {Adiga, Abhijin and Kuhlman, Chris J. and Marathe,
                  Madhav V. and Ravi, S. S. and Rosenkrantz, Daniel
                  J. and Stearns, Richard E.},
  journal =      {Journal of Machine Learning Research},
  note =         {\url{http://jmlr.org/papers/v23/21-0409.html}},
  number =       251,
  pages =        {1--43},
  title =        {Using Active Queries to Infer Symmetric Node
                  Functions of Graph Dynamical Systems},
  volume =       23,
  year =         2022
}

@article{agarwal2022multi,
  author =       {Agarwal, Mridul and Aggarwal, Vaneet and
                  Azizzadenesheli, Kamyar},
  journal =      {Journal of Machine Learning Research},
  note =         {\url{http://jmlr.org/papers/v23/21-138.html}},
  number =       212,
  openalex =     {W3130730560},
  pages =        {1--24},
  title =        {Multi-Agent Multi-Armed Bandits with Limited
                  Communication},
  volume =       23,
  year =         2022
}

@article{allouche2022ev,
  author =       {Allouche, Michaël and Girard, Stéphane and Gobet,
                  Emmanuel},
  journal =      {Journal of Machine Learning Research},
  note =         {\url{http://jmlr.org/papers/v23/21-0663.html}},
  number =       150,
  openalex =     {W3179706846},
  pages =        {1--39},
  title =        {EV-GAN: Simulation of extreme events with ReLU
                  neural networks},
  volume =       23,
  year =         2022
}

@article{anderson2022expected,
  author =       {Anderson, Daron and Leith, Douglas J.},
  journal =      {Journal of Machine Learning Research},
  note =         {\url{http://jmlr.org/papers/v23/20-1339.html}},
  number =       293,
  pages =        {1--12},
  title =        {Expected Regret and Pseudo-Regret are Equivalent
                  When the Optimal Arm is Unique},
  volume =       23,
  year =         2022
}

@article{arrietai2022metrics,
  author =       {Arrieta-Ibarra, Imanol and Gujral, Paman and Tannen,
                  Jonathan and Tygert, Mark and Xu, Cherie},
  journal =      {Journal of Machine Learning Research},
  note =         {\url{\url{http://jmlr.org/papers/v23/22-0658.html}}},
  number =       351,
  openalex =     {W4281250079},
  pages =        {1--54},
  title =        {Metrics of calibration for probabilistic
                  predictions},
  volume =       23,
  year =         2022
}

@article{ataee2022regularized,
  author =       {Tarzanagh, Davoud Ataee and Michailidis, George},
  journal =      {Journal of Machine Learning Research},
  note =         {\url{http://jmlr.org/papers/v23/20-1002.html}},
  number =       290,
  openalex =     {W2991313168},
  pages =        {1--49},
  title =        {Regularized and Smooth Double Core Tensor
                  Factorization for Heterogeneous Data.},
  volume =       23,
  year =         2022
}

@article{attias2022improved,
  author =       {Attias, Idan and Kontorovich, Aryeh and Mansour,
                  Yishay},
  journal =      {Journal of Machine Learning Research},
  note =         {\url{http://jmlr.org/papers/v23/20-1353.html}},
  number =       175,
  openalex =     {W4289436939},
  pages =        {1--31},
  title =        {Improved Generalization Bounds for Adversarially
                  Robust Learning},
  volume =       23,
  year =         2022
}

@article{aubinfrankowski2022handling,
  author =       {Aubin-Frankowski, Pierre-Cyril and Szabó, Zoltán},
  journal =      {Journal of Machine Learning Research},
  note =         {\url{http://jmlr.org/papers/v23/21-0007.html}},
  number =       297,
  openalex =     {W3119171360},
  pages =        {1--54},
  title =        {Handling Hard Affine SDP Shape Constraints in RKHSs},
  volume =       23,
  year =         2022
}

@article{ausset2022empirical,
  author =       {Ausset, Guillaume and Clémençon, Stephan and
                  Portier, François},
  journal =      {Journal of Machine Learning Research},
  note =         {\url{http://jmlr.org/papers/v23/19-450.html}},
  number =       5,
  openalex =     {W2948633840},
  pages =        {1--59},
  title =        {Empirical Risk Minimization under Random Censorship:
                  Theory and Practice.},
  volume =       23,
  year =         2022
}

@article{aveline2022deep,
  author =       {Avelin, Benny and Karlsson, Anders},
  journal =      {Journal of Machine Learning Research},
  note =         {\url{http://jmlr.org/papers/v23/21-0431.html}},
  number =       191,
  pages =        {1--29},
  title =        {Deep Limits and a Cut-Off Phenomenon for Neural
                  Networks},
  volume =       23,
  year =         2022
}

@article{avella2022robustness,
  author =       {Medina, Marco Avella and Olea, José Luis Montiel and
                  Rush, Cynthia and Velez, Amilcar},
  journal =      {Journal of Machine Learning Research},
  note =         {\url{http://jmlr.org/papers/v23/21-0386.html}},
  number =       147,
  openalex =     {W3152897955},
  pages =        {1--51},
  title =        {On the Robustness to Misspecification of
                  $α$-Posteriors and Their Variational Approximations},
  volume =       23,
  year =         2022
}

@article{bach2022doubleml,
  author =       {Bach, Philipp and Chernozhukov, Victor and Kurz,
                  Malte S. and Spindler, Martin},
  journal =      {Journal of Machine Learning Research},
  note =         {\url{http://jmlr.org/papers/v23/21-0862.html}},
  number =       53,
  openalex =     {W4287237145},
  pages =        {1--6},
  title =        {DoubleML -- An Object-Oriented Implementation of
                  Double Machine Learning in Python},
  volume =       23,
  year =         2022
}

@article{basei2022logarithmic,
  author =       {Basei, Matteo and Guo, Xin and Hu, Anran and Zhang,
                  Yufei},
  journal =      {Journal of Machine Learning Research},
  note =         {\url{http://jmlr.org/papers/v23/20-664.html}},
  number =       178,
  openalex =     {W3161401909},
  pages =        {1--34},
  title =        {Logarithmic regret for episodic continuous-time
                  linear-quadratic reinforcement learning over a
                  finite-time horizon},
  volume =       23,
  year =         2022
}

@article{bendavid2022active,
  author =       {Ben-David, Noa and Sabato, Sivan},
  journal =      {Journal of Machine Learning Research},
  note =         {\url{http://jmlr.org/papers/v23/21-0296.html}},
  number =       188,
  openalex =     {W4320343081},
  pages =        {1--38},
  title =        {Active Structure Learning of Bayesian Networks in an
                  Observational Setting},
  volume =       23,
  year =         2022
}

@article{benielli2022toolbox,
  author =       {Benielli, Dominique and Capponi, Cécile and Koço,
                  Sokol and Kadri, Hachem and Huusari, Riikka and
                  Bauvin, Baptiste and Laviolette, François},
  journal =      {Journal of Machine Learning Research},
  note =         {\url{http://jmlr.org/papers/v23/21-0791.html}},
  number =       51,
  openalex =     {W4226092505},
  pages =        {1--7},
  title =        {Toolbox for Multimodal Learn
                  (scikit-multimodallearn)},
  volume =       23,
  year =         2022
}

@article{bertrand2022implicit,
  author =       {Bertrand, Quentin and Klopfenstein, Quentin and
                  Massias, Mathurin and Blondel, Mathieu and Vaiter,
                  Samuel and Gramfort, Alexandre and Salmon, Joseph},
  journal =      {Journal of Machine Learning Research},
  note =         {\url{http://jmlr.org/papers/v23/21-0486.html}},
  number =       149,
  openalex =     {W3157908369},
  pages =        {1--43},
  title =        {Implicit differentiation for fast hyperparameter
                  selection in non-smooth convex learning},
  volume =       23,
  year =         2022
}

@article{bertsimas2022solving,
  author =       {Bertsimas, Dimitris and Cory-Wright, Ryan and
                  Pauphilet, Jean},
  journal =      {Journal of Machine Learning Research},
  note =         {\url{http://jmlr.org/papers/v23/20-1188.html}},
  number =       13,
  openalex =     {W3023550848},
  pages =        {1--35},
  title =        {Solving Large-Scale Sparse PCA to Certifiable (Near)
                  Optimality},
  volume =       23,
  year =         2022
}

@article{bertsimas2022stable,
  author =       {Bertsimas, Dimitris and Dunn, Jack and Paskov, Ivan},
  journal =      {Journal of Machine Learning Research},
  note =         {\url{http://jmlr.org/papers/v23/20-667.html}},
  number =       296,
  pages =        {1--53},
  title =        {Stable Classification},
  volume =       23,
  year =         2022
}

@article{besson2022detection,
  author =       {Besson, Lilian and Kaufmann, Emilie and Maillard,
                  Odalric-Ambrym and Seznec, Julien},
  journal =      {Journal of Machine Learning Research},
  note =         {\url{http://jmlr.org/papers/v23/20-1384.html}},
  number =       77,
  openalex =     {W3112895936},
  pages =        {1--40},
  title =        {Efficient Change-Point Detection for Tackling
                  Piecewise-Stationary Bandits},
  volume =       23,
  year =         2022
}

@article{bhattacharya2022semiparametric,
  author =       {Bhattacharya, Rohit and Nabi, Razieh and Shpitser,
                  Ilya},
  journal =      {Journal of Machine Learning Research},
  note =         {\url{http://jmlr.org/papers/v23/20-296.html}},
  number =       295,
  openalex =     {W4287823456},
  pages =        {1--76},
  title =        {Semiparametric Inference For Causal Effects In
                  Graphical Models With Hidden Variables},
  volume =       23,
  year =         2022
}

@article{bird2022multi,
  author =       {Bird, Alex and Williams, Christopher K. I. and
                  Hawthorne, Christopher},
  journal =      {Journal of Machine Learning Research},
  note =         {\url{http://jmlr.org/papers/v23/20-1446.html}},
  number =       230,
  pages =        {1--52},
  title =        {Multi-Task Dynamical Systems},
  volume =       23,
  year =         2022
}

@article{birrell2022f,
  author =       {Birrell, Jeremiah and Dupuis, Paul and Katsoulakis,
                  Markos A. and Pantazis, Yannis and Rey-Bellet, Luc},
  journal =      {Journal of Machine Learning Research},
  note =         {\url{http://jmlr.org/papers/v23/21-0100.html}},
  number =       39,
  pages =        {1--70},
  title =        {(f, Gamma)-Divergences: Interpolating Between
                  f-Divergences and Integral Probability Metrics},
  volume =       23,
  year =         2022
}

@article{bistritz2022no,
  author =       {Bistritz, Ilai and Zhou, Zhengyuan and Chen, Xi and
                  Bambos, Nicholas and Blanchet, José},
  journal =      {Journal of Machine Learning Research},
  note =         {\url{http://jmlr.org/papers/v23/20-411.html}},
  number =       139,
  openalex =     {W4287280714},
  pages =        {1--43},
  title =        {No Weighted-Regret Learning in Adversarial Bandits
                  with Delays},
  volume =       23,
  year =         2022
}

@article{blaschzyk2022improved,
  author =       {Blaschzyk, Ingrid and Steinwart, Ingo},
  journal =      {Journal of Machine Learning Research},
  note =         {\url{http://jmlr.org/papers/v23/19-350.html}},
  number =       165,
  openalex =     {W2942902807},
  pages =        {1--59},
  title =        {Improved Classification Rates for Localized SVMs},
  volume =       23,
  year =         2022
}

@article{block2022intrinsic,
  author =       {Block, Adam and Jia, Zeyu and Polyanskiy, Yury and
                  Rakhlin, Alexander},
  journal =      {Journal of Machine Learning Research},
  note =         {\url{http://jmlr.org/papers/v23/21-1483.html}},
  number =       313,
  openalex =     {W4287124125},
  pages =        {1--37},
  title =        {Intrinsic Dimension Estimation Using Wasserstein
                  Distances},
  volume =       23,
  year =         2022
}

@article{boffi2022nonparametric,
  author =       {Boffi, Nicholas M. and Tu, Stephen and Slotine,
                  Jean-Jacques},
  journal =      {Journal of Machine Learning Research},
  note =         {\url{http://jmlr.org/papers/v23/22-0022.html}},
  number =       281,
  openalex =     {W4210636308},
  pages =        {1--46},
  title =        {Nonparametric Adaptive Control and Prediction:
                  Theory and Randomized Algorithms},
  volume =       23,
  year =         2022
}

@article{bohm2022spectrum,
  author =       {Böhm, Jan Niklas and Berens, Philipp and Kobak,
                  Dmitry},
  journal =      {Journal of Machine Learning Research},
  note =         {\url{http://jmlr.org/papers/v23/21-0055.html}},
  number =       95,
  openalex =     {W4287714414},
  pages =        {1--32},
  title =        {Attraction-Repulsion Spectrum in Neighbor
                  Embeddings},
  volume =       23,
  year =         2022
}

@article{bonnet2022uniform,
  author =       {Bonnet, Anna and Lacour, Claire and Picard, Franck
                  and Rivoirard, Vincent},
  journal =      {Journal of Machine Learning Research},
  note =         {\url{http://jmlr.org/papers/v23/21-0577.html}},
  number =       194,
  openalex =     {W3091803514},
  pages =        {1--36},
  title =        {Uniform Deconvolution for Poisson Point Processes},
  volume =       23,
  year =         2022
}

@article{boullé2022learning,
  author =       {Boullé, Nicolas and Kim, Seick and Shi, Tianyi and
                  Townsend, Alex},
  journal =      {Journal of Machine Learning Research},
  note =         {\url{http://jmlr.org/papers/v23/22-0433.html}},
  number =       218,
  openalex =     {W4290065558},
  pages =        {1--34},
  title =        {Learning Green's functions associated with
                  time-dependent partial differential equations},
  volume =       23,
  year =         2022
}

@article{brogatmotte2022vector,
  author =       {Brogat-Motte, Luc and Rudi, Alessandro and Brouard,
                  Céline and Rousu, Juho and d’Alché–Buc, Florence},
  journal =      {Journal of Machine Learning Research},
  note =         {\url{\url{http://jmlr.org/papers/v23/21-1357.html}}},
  number =       344,
  openalex =     {W4310893973},
  pages =        {1--50},
  title =        {Vector-Valued Least-Squares Regression under Output
                  Regularity Assumptions},
  volume =       23,
  year =         2022
}

@article{bunea2022interpolating,
  author =       {Bunea, Florentina and Strimas-Mackey, Seth and
                  Wegkamp, Marten},
  journal =      {Journal of Machine Learning Research},
  note =         {\url{http://jmlr.org/papers/v23/20-112.html}},
  number =       10,
  openalex =     {W3136235366},
  pages =        {1--60},
  title =        {Interpolating Predictors in High-Dimensional Factor
                  Regression},
  volume =       23,
  year =         2022
}

@article{bungert2022bregman,
  author =       {Bungert, Leon and Roith, Tim and Tenbrinck, Daniel
                  and Burger, Martin},
  journal =      {Journal of Machine Learning Research},
  note =         {\url{http://jmlr.org/papers/v23/21-0545.html}},
  number =       192,
  openalex =     {W4287183389},
  pages =        {1--43},
  title =        {A Bregman Learning Framework for Sparse Neural
                  Networks},
  volume =       23,
  year =         2022
}

@article{bunton2022joint,
  author =       {Bunton, Jonathan and Tabuada, Paulo},
  journal =      {Journal of Machine Learning Research},
  note =         {\url{\url{http://jmlr.org/papers/v23/21-0166.html}}},
  number =       329,
  openalex =     {W4287326812},
  pages =        {1--42},
  title =        {Joint Continuous and Discrete Model Selection via
                  Submodularity},
  volume =       23,
  year =         2022
}

@article{bura2022reductions,
  author =       {Bura, Efstathia and Forzani, Liliana and Arancibia,
                  Rodrigo García and Llop, Pamela and Tomassi, Diego},
  journal =      {Journal of Machine Learning Research},
  note =         {\url{http://jmlr.org/papers/v23/21-0175.html}},
  number =       102,
  openalex =     {W4286894523},
  pages =        {1--47},
  title =        {Sufficient reductions in regression with mixed
                  predictors},
  volume =       23,
  year =         2022
}

@article{cai2022completion,
  author =       {Cai, Jian-Feng and Li, Jing-Yang and Xia, Dong},
  journal =      {Journal of Machine Learning Research},
  note =         {\url{http://jmlr.org/papers/v23/21-1138.html}},
  number =       123,
  openalex =     {W3196385563},
  pages =        {1--77},
  title =        {Provable Tensor-Train Format Tensor Completion by
                  Riemannian Optimization},
  volume =       23,
  year =         2022
}

@article{cai2022independence,
  author =       {Cai, Zhanrui and Li, Runze and Zhang, Yaowu},
  journal =      {Journal of Machine Learning Research},
  note =         {\url{http://jmlr.org/papers/v23/20-682.html}},
  number =       85,
  pages =        {1--41},
  title =        {A Distribution Free Conditional Independence Test
                  with Applications to Causal Discovery},
  volume =       23,
  year =         2022
}

@article{cai2022kopa,
  author =       {Cai, Chencheng and Chen, Rong and Xiao, Han},
  journal =      {Journal of Machine Learning Research},
  note =         {\url{http://jmlr.org/papers/v23/20-931.html}},
  number =       236,
  pages =        {1--44},
  title =        {KoPA: Automated Kronecker Product Approximation},
  volume =       23,
  year =         2022
}

@article{cai2022theoretical,
  author =       {Cai, T. Tony and Ma, Rong},
  journal =      {Journal of Machine Learning Research},
  note =         {\url{http://jmlr.org/papers/v23/21-0524.html}},
  number =       301,
  openalex =     {W3162435556},
  pages =        {1--54},
  title =        {Theoretical Foundations of t-SNE for Visualizing
                  High-Dimensional Clustered Data},
  volume =       23,
  year =         2022
}

@article{calder2022hamilton,
  author =       {Calder, Jeff and Ettehad, Mahmood},
  journal =      {Journal of Machine Learning Research},
  note =         {\url{\url{http://jmlr.org/papers/v23/22-0293.html}}},
  number =       318,
  openalex =     {W4221150445},
  pages =        {1--62},
  title =        {Hamilton-Jacobi equations on graphs with
                  applications to semi-supervised learning and data
                  depth},
  volume =       23,
  year =         2022
}

@article{cannings2022correlation,
  author =       {Cannings, Timothy I. and Fan, Yingying},
  journal =      {Journal of Machine Learning Research},
  note =         {\url{http://jmlr.org/papers/v23/21-0345.html}},
  number =       41,
  openalex =     {W2984797301},
  pages =        {1--49},
  title =        {The correlation-assisted missing data estimator},
  volume =       23,
  year =         2022
}

@article{cao2022scalable,
  author =       {Cao, Jian and Guinness, Joseph and Genton, Marc
                  G. and Katzfuß, Matthias},
  journal =      {Journal of Machine Learning Research},
  note =         {\url{\url{http://jmlr.org/papers/v23/22-0204.html}}},
  number =       348,
  openalex =     {W4225669927},
  pages =        {1--30},
  title =        {Scalable Gaussian-process regression and variable
                  selection using Vecchia approximations},
  volume =       23,
  year =         2022
}

@article{carratino2022mixup,
  author =       {Carratino, Luigi and Cissé, Moustapha and Jenatton,
                  Rodolphe and Vert, Jean‐Philippe},
  journal =      {Journal of Machine Learning Research},
  note =         {\url{\url{http://jmlr.org/papers/v23/20-1385.html}}},
  number =       325,
  openalex =     {W3035364336},
  pages =        {1--31},
  title =        {On Mixup Regularization},
  volume =       23,
  year =         2022
}

@article{catalano2022asymptotics,
  author =       {Catalano, Marta and De Blasi, Pierpaolo and Lijoi,
                  Antonio and Pruenster, Igor},
  journal =      {Journal of Machine Learning Research},
  note =         {\url{http://jmlr.org/papers/v23/20-1474.html}},
  number =       80,
  pages =        {1--23},
  title =        {Posterior Asymptotics for Boosted Hierarchical
                  Dirichlet Process Mixtures},
  volume =       23,
  year =         2022
}

@article{ceccon2022omlt,
  author =       {Ceccon, Francesco and Jalving, Jordan and Haddad,
                  Joshua and Thebelt, Alexander and Tsay, Calvin and
                  Laird, Carl D. and Misener, Ruth},
  journal =      {Journal of Machine Learning Research},
  note =         {\url{\url{http://jmlr.org/papers/v23/22-0277.html}}},
  number =       349,
  openalex =     {W4226523564},
  pages =        {1--8},
  title =        {OMLT: Optimization &amp; Machine Learning Toolkit},
  volume =       23,
  year =         2022
}

@article{cesabianchi2022nonstochastic,
  author =       {Cesa‐Bianchi, Nicolò and Cesari, Tommaso and
                  Colomboni, Roberto and Gentile, Claudio and Mansour,
                  Yishay},
  journal =      {Journal of Machine Learning Research},
  note =         {\url{http://jmlr.org/papers/v23/21-1443.html}},
  number =       277,
  openalex =     {W2808053666},
  pages =        {1--24},
  title =        {Nonstochastic Bandits with Composite Anonymous
                  Feedback},
  volume =       23,
  year =         2022
}

@article{cevid2022distributional,
  author =       {Ćevid, Domagoj and Michel, Loris and Näf, Jeffrey
                  and Meinshausen, Nicolai and Bühlmann, Peter},
  journal =      {Journal of Machine Learning Research},
  note =         {\url{\url{http://jmlr.org/papers/v23/21-0585.html}}},
  number =       333,
  openalex =     {W4306175317},
  pages =        {1--79},
  title =        {Distributional Random Forests: Heterogeneity
                  Adjustment and Multivariate Distributional
                  Regression},
  volume =       23,
  year =         2022
}

@article{chami2022graphs,
  author =       {Chami, Ines and Abu-El-Haija, Sami and Perozzi,
                  Bryan and Ré, Christopher and Murphy, Kevin},
  journal =      {Journal of Machine Learning Research},
  note =         {\url{http://jmlr.org/papers/v23/20-852.html}},
  number =       89,
  openalex =     {W4287780403},
  pages =        {1--64},
  title =        {Machine Learning on Graphs: A Model and
                  Comprehensive Taxonomy},
  volume =       23,
  year =         2022
}

@article{chan2022computationally,
  author =       {Chan, Kit C and Islambekov, Umar and Luchinsky,
                  Alexey and Sanders, Rebecca},
  journal =      {Journal of Machine Learning Research},
  note =         {\url{http://jmlr.org/papers/v23/21-1129.html}},
  number =       268,
  pages =        {1--33},
  title =        {A Computationally Efficient Framework for Vector
                  Representation of Persistence Diagrams},
  volume =       23,
  year =         2022
}

@article{chan2022greedification,
  author =       {Chan, Alan and Silva, Hugo and Lim, Sungsu and
                  Kozuno, Tadashi and Mahmood, A. Rupam and White,
                  Martha},
  journal =      {Journal of Machine Learning Research},
  note =         {\url{http://jmlr.org/papers/v23/21-054.html}},
  number =       253,
  openalex =     {W3168986090},
  pages =        {1--79},
  title =        {Greedification Operators for Policy Optimization:
                  Investigating Forward and Reverse KL Divergences},
  volume =       23,
  year =         2022
}

@article{chan2022redunet,
  author =       {Chan, Kwan Ho Ryan and Yu, Yaodong and You, Chong
                  and Qi, Haozhi and Wright, John and Ma, Yi},
  journal =      {Journal of Machine Learning Research},
  note =         {\url{http://jmlr.org/papers/v23/21-0631.html}},
  number =       114,
  openalex =     {W3165462110},
  pages =        {1--103},
  title =        {ReduNet: A White-box Deep Network from the Principle
                  of Maximizing Rate Reduction},
  volume =       23,
  year =         2022
}

@article{chatterji2022crowds,
  author =       {Chatterji, Niladri S. and Long, Philip M.},
  journal =      {Journal of Machine Learning Research},
  note =         {\url{http://jmlr.org/papers/v23/21-1199.html}},
  number =       125,
  openalex =     {W4286909710},
  pages =        {1--12},
  title =        {Foolish Crowds Support Benign Overfitting},
  volume =       23,
  year =         2022
}

@article{chatterji2022interplay,
  author =       {Chatterji, Niladri S. and Long, Philip M. and
                  Bartlett, Peter L.},
  journal =      {Journal of Machine Learning Research},
  note =         {\url{http://jmlr.org/papers/v23/21-1011.html}},
  number =       263,
  openalex =     {W4287020687},
  pages =        {1--48},
  title =        {The Interplay Between Implicit Bias and Benign
                  Overfitting in Two-Layer Linear Networks},
  volume =       23,
  year =         2022
}

@article{chen2022fast,
  author =       {Chen, Kun and Dong, Ruipeng and Xu, Wanwan and
                  Zheng, Zemin},
  journal =      {Journal of Machine Learning Research},
  note =         {\url{http://jmlr.org/papers/v23/21-1265.html}},
  number =       271,
  pages =        {1--45},
  title =        {Fast Stagewise Sparse Factor Regression},
  volume =       23,
  year =         2022
}

@article{chen2022gaussian,
  author =       {Chen, Hao and Zheng, Lili and Al Kontar, Raed and
                  Raskutti, Garvesh},
  journal =      {Journal of Machine Learning Research},
  note =         {\url{http://jmlr.org/papers/v23/20-1365.html}},
  number =       227,
  pages =        {1--59},
  title =        {Gaussian Process Parameter Estimation Using
                  Mini-Batch Stochastic Gradient Descent: Convergence
                  Guarantees and Empirical Benefits},
  volume =       23,
  year =         2022
}

@article{chen2022learning,
  author =       {Chen, Tianlong and Chen, Xiaohan and Chen, Wuyang
                  and Heaton, Howard and Liu, Jialin and Wang,
                  Zhangyang and Yin, Wotao},
  journal =      {Journal of Machine Learning Research},
  note =         {\url{http://jmlr.org/papers/v23/21-0308.html}},
  number =       189,
  openalex =     {W3137965023},
  pages =        {1--59},
  title =        {Learning to Optimize: A Primer and A Benchmark},
  volume =       23,
  year =         2022
}

@article{chen2022nonconvex,
  author =       {Chen, Ji and Li, Xiaodong and Ma, Zongming},
  journal =      {Journal of Machine Learning Research},
  note =         {\url{http://jmlr.org/papers/v23/21-1148.html}},
  number =       207,
  openalex =     {W3014005838},
  pages =        {1--35},
  title =        {Nonconvex Matrix Completion with Linearly
                  Parameterized Factors},
  volume =       23,
  year =         2022
}

@article{chen2022on,
  author =       {Chen, Yutian and Xu, Liyuan and Gülçehre, Çaǧlar and
                  Paine, Tom Le and Gretton, Arthur and Freitas, Nando
                  de and Doucet, Arnaud},
  journal =      {Journal of Machine Learning Research},
  note =         {\url{http://jmlr.org/papers/v23/21-0614.html}},
  number =       302,
  openalex =     {W3163990682},
  pages =        {1--40},
  title =        {On Instrumental Variable Regression for Deep Offline
                  Policy Evaluation},
  volume =       23,
  year =         2022
}

@article{chen2022packet,
  author =       {Chen, Haoyuan and Ding, Liang and Tuo, Rui},
  journal =      {Journal of Machine Learning Research},
  note =         {\url{http://jmlr.org/papers/v23/21-1232.html}},
  number =       127,
  openalex =     {W4226254240},
  pages =        {1--32},
  title =        {Kernel Packet: An Exact and Scalable Algorithm for
                  Gaussian Process Regression with Matérn
                  Correlations},
  volume =       23,
  year =         2022
}

@article{chen2022sampling,
  author =       {Chen, Xi and Jiang, Bo and Lin, Tianyi and Zhang,
                  Shuzhong},
  journal =      {Journal of Machine Learning Research},
  note =         {\url{http://jmlr.org/papers/v23/20-910.html}},
  number =       90,
  openalex =     {W4294808055},
  pages =        {1--38},
  title =        {Accelerating Adaptive Cubic Regularization of
                  Newton's Method via Random Sampling},
  volume =       23,
  year =         2022
}

@article{chen2022selfhealing,
  author =       {Chen, Zhuotong and Li, Qianxiao and Zhang, Zheng},
  journal =      {Journal of Machine Learning Research},
  note =         {\url{\url{http://jmlr.org/papers/v23/22-0529.html}}},
  number =       319,
  openalex =     {W4283703485},
  pages =        {1--54},
  title =        {Self-Healing Robust Neural Networks via Closed-Loop
                  Control},
  volume =       23,
  year =         2022
}

@article{chen2022towards,
  author =       {Chen, Congliang and Shen, Li and Zou, Fangyu and
                  Liu, Wei},
  journal =      {Journal of Machine Learning Research},
  note =         {\url{http://jmlr.org/papers/v23/20-1438.html}},
  number =       229,
  openalex =     {W3120855041},
  pages =        {1--47},
  title =        {Towards Practical Adam: Non-Convexity, Convergence
                  Theory, and Mini-Batch Acceleration},
  volume =       23,
  year =         2022
}

@article{chen2022transfer,
  author =       {Chen, Shaohan and Sahinidis, Nikolaos V. and Gao,
                  Chuanhou},
  journal =      {Journal of Machine Learning Research},
  note =         {\url{http://jmlr.org/papers/v23/19-816.html}},
  number =       134,
  openalex =     {W3179602987},
  pages =        {1--105},
  title =        {Transfer Learning in Information Criteria-based
                  Feature Selection},
  volume =       23,
  year =         2022
}

@article{chevyrev2022signature,
  author =       {Chevyrev, Ilya and Oberhauser, Harald},
  journal =      {Journal of Machine Learning Research},
  note =         {\url{http://jmlr.org/papers/v23/20-1466.html}},
  number =       176,
  openalex =     {W2898407550},
  pages =        {1--42},
  title =        {Signature moments to characterize laws of stochastic
                  processes},
  volume =       23,
  year =         2022
}

@article{chorev2022deepchecks,
  author =       {Chorev, Shir and Tannor, Philip and Israel, Dan Ben
                  and Bressler, Noam and Gabbay, Itay and Hutnik, Nir
                  and Liberman, Jonatan and Perlmutter, Matan and
                  Romanyshyn, Yurii and Rokach, Lior},
  journal =      {Journal of Machine Learning Research},
  note =         {\url{http://jmlr.org/papers/v23/22-0281.html}},
  number =       285,
  openalex =     {W4221145303},
  pages =        {1--6},
  title =        {Deepchecks: A Library for Testing and Validating
                  Machine Learning Models and Data},
  volume =       23,
  year =         2022
}

@article{chowdhury2022faster,
  author =       {Chowdhury, Agniva and Dexter, Gregory and London,
                  Palma and Avron, Haim and Drineas, Petros},
  journal =      {Journal of Machine Learning Research},
  note =         {\url{\url{http://jmlr.org/papers/v23/21-0709.html}}},
  number =       336,
  openalex =     {W4296541012},
  pages =        {1--48},
  title =        {Faster Randomized Interior Point Methods for
                  Tall/Wide Linear Programs},
  volume =       23,
  year =         2022
}

@article{chu2022on,
  author =       {Chu, Hong T. M. and Toh, Kim-Chuan and Zhang,
                  Yangjing},
  journal =      {Journal of Machine Learning Research},
  note =         {\url{http://jmlr.org/papers/v23/21-1070.html}},
  number =       308,
  openalex =     {W3197657182},
  pages =        {1--39},
  title =        {On Regularized Square-root Regression Problems:
                  Distributionally Robust Interpretation and Fast
                  Computations},
  volume =       23,
  year =         2022
}

@article{cockayne2022testing,
  author =       {Cockayne, Jon and Graham, Matthew M. and Oates,
                  Chris J. and Sullivan, T. J. and Teymur, Onur},
  journal =      {Journal of Machine Learning Research},
  note =         {\url{http://jmlr.org/papers/v23/21-1065.html}},
  number =       203,
  openalex =     {W3114689771},
  pages =        {1--36},
  title =        {Testing whether a Learning Procedure is Calibrated},
  volume =       23,
  year =         2022
}

@article{cohen2022fully,
  author =       {Cohen, Michael K. and Hütter, Marcus and Nanda,
                  Neel},
  journal =      {Journal of Machine Learning Research},
  note =         {\url{\url{http://jmlr.org/papers/v23/21-0618.html}}},
  number =       334,
  openalex =     {W4302308048},
  pages =        {1--30},
  title =        {Fully General Online Imitation Learning},
  volume =       23,
  year =         2022
}

@article{coleman2022scalable,
  author =       {Coleman, Tim and Peng, Wei and Mentch, Lucas},
  journal =      {Journal of Machine Learning Research},
  note =         {\url{http://jmlr.org/papers/v23/20-1060.html}},
  number =       170,
  openalex =     {W2936487972},
  pages =        {1--35},
  title =        {Scalable and Efficient Hypothesis Testing with
                  Random Forests},
  volume =       23,
  year =         2022
}

@article{corenflos2022de,
  author =       {Corenflos, Adrien and Chopin, Nicolás and Särkkä,
                  Simo},
  journal =      {Journal of Machine Learning Research},
  note =         {\url{http://jmlr.org/papers/v23/22-0140.html}},
  number =       283,
  openalex =     {W4221145666},
  pages =        {1--39},
  title =        {De-Sequentialized Monte Carlo: a parallel-in-time
                  particle smoother},
  volume =       23,
  year =         2022
}

@article{correa2022game,
  author =       {Correa, José and Cristi, Andrés and Epstein, Boris
                  and Soto, José},
  journal =      {Journal of Machine Learning Research},
  note =         {\url{http://jmlr.org/papers/v23/21-0630.html}},
  number =       113,
  pages =        {1--37},
  title =        {The Two-Sided Game of Googol},
  volume =       23,
  year =         2022
}

@article{dalalyan2022bounding,
  author =       {Dalalyan, Arnak S. and Riou-Durand, Lionel and
                  Karagulyan, Avetik},
  journal =      {Journal of Machine Learning Research},
  note =         {\url{http://jmlr.org/papers/v23/20-655.html}},
  number =       235,
  openalex =     {W2951787821},
  pages =        {1--38},
  title =        {Bounding the error of discretized Langevin
                  algorithms for non-strongly log-concave targets},
  volume =       23,
  year =         2022
}

@article{damour2022underspecification,
  author =       {D’Amour, Alexander and Heller, Katherine and
                  Moldovan, Dan and Adlam, Ben and Alipanahi, Babak
                  and Beutel, Alex and Chen, Christina and Deaton,
                  Jonathan and Eisenstein, Jacob and Hoffman, Matthew
                  D. and Hormozdiari, Farhad and Houlsby, Neil and
                  Hou, Shaobo and Jerfel, Ghassen and
                  Karthikesalingam, Alan and Lučić, Mario and Ma,
                  Yi-An and McLean, Cory Y. and Mincu, Diana and
                  Mitani, Akinori and Montanari, Andrea and Nado,
                  Zachary and Natarajan, Vivek and Nielson,
                  Christopher and Osborne, Thomas F. and Raman, Rajiv
                  and Ramasamy, Kim and Sayres, Rory and Schrouff,
                  Jessica and Seneviratne, Martin and Sequeira,
                  Shannon and Suresh, Harini and Veitch, Victor and
                  Vladymyrov, Max and Wang, Xuezhi and Webster, Kellie
                  and Yadlowsky, Steve and Yun, Taedong and Zhai,
                  Xiaohua and Sculley, D.},
  journal =      {Journal of Machine Learning Research},
  note =         {\url{http://jmlr.org/papers/v23/20-1335.html}},
  number =       226,
  openalex =     {W3100511085},
  pages =        {1--61},
  title =        {Underspecification Presents Challenges for
                  Credibility in Modern Machine Learning},
  volume =       23,
  year =         2022
}

@article{dedieu2022solving,
  author =       {Dedieu, Antoine and Mazumder, Rahul and Wang,
                  Haoyue},
  journal =      {Journal of Machine Learning Research},
  note =         {\url{http://jmlr.org/papers/v23/19-104.html}},
  number =       164,
  openalex =     {W3197217076},
  pages =        {1--41},
  title =        {Solving L1-regularized SVMs and related linear
                  programs: Revisiting the effectiveness of Column and
                  Constraint Generation},
  volume =       23,
  year =         2022
}

@article{defazio2022momentumized,
  author =       {Defazio, Aaron and Jelassi, Samy},
  journal =      {Journal of Machine Learning Research},
  note =         {\url{http://jmlr.org/papers/v23/21-0226.html}},
  number =       144,
  openalex =     {W3125378709},
  pages =        {1--34},
  title =        {Adaptivity without Compromise: A Momentumized,
                  Adaptive, Dual Averaged Gradient Method for
                  Stochastic Optimization},
  volume =       23,
  year =         2022
}

@article{demirovic2022murtree,
  author =       {Demirović, Emir and Lukina, Anna and Hébrard,
                  Emmanuel and Chan, Jeffrey and Bailey, James and
                  Leckie, Christopher and Ramamohanarao, Kotagiri and
                  Stuckey, Peter J.},
  journal =      {Journal of Machine Learning Research},
  note =         {\url{http://jmlr.org/papers/v23/20-520.html}},
  number =       26,
  openalex =     {W4225863264},
  pages =        {1--47},
  title =        {MurTree: Optimal Decision Trees via Dynamic
                  Programming and Search},
  volume =       23,
  year =         2022
}

@article{dereziński2022unbiased,
  author =       {Dereziński, Michał and Warmuth, Manfred K. and Hsu,
                  Daniel},
  journal =      {Journal of Machine Learning Research},
  note =         {\url{http://jmlr.org/papers/v23/19-571.html}},
  number =       167,
  openalex =     {W2954491832},
  pages =        {1--46},
  title =        {Unbiased estimators for random design regression},
  volume =       23,
  year =         2022
}

@article{ding2022overparameterization,
  author =       {Ding, Zhiyan and Chen, Shi and Li, Qin and Wright,
                  Stephen J.},
  journal =      {Journal of Machine Learning Research},
  note =         {\url{http://jmlr.org/papers/v23/21-0669.html}},
  number =       48,
  openalex =     {W3172612647},
  pages =        {1--65},
  title =        {Overparameterization of deep ResNet: zero loss and
                  mean-field analysis},
  volume =       23,
  year =         2022
}

@article{dirksen2022separation,
  author =       {Dirksen, Sjoerd and Genzel, Martin and Jacques,
                  Laurent and Stollenwerk, Alexander},
  journal =      {Journal of Machine Learning Research},
  note =         {\url{http://jmlr.org/papers/v23/21-1079.html}},
  number =       309,
  openalex =     {W3192896295},
  pages =        {1--47},
  title =        {The Separation Capacity of Random Neural Networks.},
  volume =       23,
  year =         2022
}

@article{dong2022nonparametric,
  author =       {Dong, Hao and Wang, Yuedong},
  journal =      {Journal of Machine Learning Research},
  note =         {\url{\url{http://jmlr.org/papers/v23/22-0207.html}}},
  number =       317,
  pages =        {1--36},
  title =        {Nonparametric Neighborhood Selection in Graphical
                  Models},
  volume =       23,
  year =         2022
}

@article{dong2022simple,
  author =       {Dong, Shi and Roy, Benjamin Van and Zhou, Zhengyuan},
  journal =      {Journal of Machine Learning Research},
  note =         {\url{http://jmlr.org/papers/v23/21-0773.html}},
  number =       255,
  openalex =     {W4394648197},
  pages =        {1--54},
  title =        {Simple Agent, Complex Environment: Efficient
                  Reinforcement Learning with Agent States},
  volume =       23,
  year =         2022
}

@article{drefs2022evolutionary,
  author =       {Drefs, Jakob and Guiraud, Enrico and Lücke, Jörg},
  journal =      {Journal of Machine Learning Research},
  note =         {\url{http://jmlr.org/papers/v23/20-233.html}},
  number =       21,
  openalex =     {W4287549489},
  pages =        {1--51},
  title =        {Evolutionary Variational Optimization of Generative
                  Models},
  volume =       23,
  year =         2022
}

@article{driggs2022on,
  author =       {Driggs, Derek and Liang, Jingwei and Schönlieb,
                  Carola‐Bibiane},
  journal =      {Journal of Machine Learning Research},
  note =         {\url{http://jmlr.org/papers/v23/20-316.html}},
  number =       24,
  openalex =     {W3007920460},
  pages =        {1--43},
  title =        {On Biased Stochastic Gradient Estimation},
  volume =       23,
  year =         2022
}

@article{duchemin2022three,
  author =       {Duchemin, Quentin and Castro, Yohann de and Lacour,
                  Claire},
  journal =      {Journal of Machine Learning Research},
  note =         {\url{http://jmlr.org/papers/v23/21-0819.html}},
  number =       201,
  openalex =     {W4287113935},
  pages =        {1--59},
  title =        {Three rates of convergence or separation via
                  U-statistics in a dependent framework},
  volume =       23,
  year =         2022
}

@article{eshragh2022lsar,
  author =       {Eshragh, Ali and Roosta, Fred and Nazari, Asef and
                  Mahoney, Michael W.},
  journal =      {Journal of Machine Learning Research},
  note =         {\url{http://jmlr.org/papers/v23/20-247.html}},
  number =       22,
  openalex =     {W2990049178},
  pages =        {1--36},
  title =        {LSAR: Efficient Leverage Score Sampling Algorithm
                  for the Analysis of Big Time Series Data},
  volume =       23,
  year =         2022
}

@article{fairbank2022deep,
  author =       {Fairbank, Michael and Samothrakis, Spyridon and
                  Citi, Luca},
  journal =      {Journal of Machine Learning Research},
  note =         {\url{http://jmlr.org/papers/v23/20-040.html}},
  number =       8,
  openalex =     {W4287766368},
  pages =        {1--46},
  title =        {Deep Learning in Target Space},
  volume =       23,
  year =         2022
}

@article{fallah2022robust,
  author =       {Fallah, Alireza and Gürbüzbalaban, Mert and
                  Ozdaglar, Asuman and Şimşekli, Umut and Zhu,
                  Lingjiong},
  journal =      {Journal of Machine Learning Research},
  note =         {\url{http://jmlr.org/papers/v23/19-939.html}},
  number =       220,
  openalex =     {W2980919526},
  pages =        {1--96},
  title =        {Robust Distributed Accelerated Stochastic Gradient
                  Methods for Multi-Agent Networks},
  volume =       23,
  year =         2022
}

@article{fan2022alma,
  author =       {Fan, Xing and Pensky, Marianna and Yu, Feng and
                  Zhang, Teng},
  journal =      {Journal of Machine Learning Research},
  note =         {\url{\url{http://jmlr.org/papers/v23/21-0182.html}}},
  number =       330,
  openalex =     {W3133110237},
  pages =        {1--46},
  title =        {ALMA: Alternating Minimization Algorithm for
                  Clustering Mixture Multilayer Network},
  volume =       23,
  year =         2022
}

@article{fang2022mirror,
  author =       {Fang, Huang and Harvey, Nicholas J. A. and Portella,
                  Victor S. and Friedlander, Michael P.},
  journal =      {Journal of Machine Learning Research},
  note =         {\url{http://jmlr.org/papers/v23/21-1027.html}},
  number =       121,
  pages =        {1--38},
  title =        {Online Mirror Descent and Dual Averaging: Keeping
                  Pace in the Dynamic Case},
  volume =       23,
  year =         2022
}

@article{fasano2022class,
  author =       {Fasano, Augusto and Durante, Daniele},
  journal =      {Journal of Machine Learning Research},
  note =         {\url{http://jmlr.org/papers/v23/20-735.html}},
  number =       30,
  openalex =     {W3043651324},
  pages =        {1--26},
  title =        {A Class of Conjugate Priors for Multinomial Probit
                  Models which Includes the Multivariate Normal One},
  volume =       23,
  year =         2022
}

@article{fedus2022transformers,
  author =       {Fedus, William and Zoph, Barret and Shazeer, Noam},
  journal =      {Journal of Machine Learning Research},
  note =         {\url{http://jmlr.org/papers/v23/21-0998.html}},
  number =       120,
  openalex =     {W4287391717},
  pages =        {1--39},
  title =        {Switch Transformers: Scaling to Trillion Parameter
                  Models with Simple and Efficient Sparsity},
  volume =       23,
  year =         2022
}

@article{felzenszwalb2022clustering,
  author =       {Felzenszwalb, Pedro F. and Klivans, Caroline J. and
                  Paul, Alice},
  journal =      {Journal of Machine Learning Research},
  note =         {\url{http://jmlr.org/papers/v23/21-0402.html}},
  number =       190,
  openalex =     {W4287552035},
  pages =        {1--23},
  title =        {Clustering with Semidefinite Programming and Fixed
                  Point Iteration},
  volume =       23,
  year =         2022
}

@article{feng2022projected,
  author =       {Feng, Long and Wang, Junhui},
  journal =      {Journal of Machine Learning Research},
  note =         {\url{http://jmlr.org/papers/v23/21-0347.html}},
  number =       249,
  pages =        {1--41},
  title =        {Projected Robust PCA with Application to Smooth
                  Image Recovery},
  volume =       23,
  year =         2022
}

@article{fernandez2022causal,
  author =       {Fernández-Loría, Carlos and Provost, Foster},
  journal =      {Journal of Machine Learning Research},
  note =         {\url{http://jmlr.org/papers/v23/19-480.html}},
  number =       59,
  pages =        {1--35},
  title =        {Causal Classification: Treatment Effect Estimation
                  vs. Outcome Prediction},
  volume =       23,
  year =         2022
}

@article{feurer2022auto,
  author =       {Feurer, Matthias and Eggensperger, Katharina and
                  Falkner, Stefan and Lindauer, Marius and Hutter,
                  Frank},
  journal =      {Journal of Machine Learning Research},
  note =         {\url{http://jmlr.org/papers/v23/21-0992.html}},
  number =       261,
  openalex =     {W4302308043},
  pages =        {1--61},
  title =        {Auto-Sklearn 2.0: Hands-free AutoML via
                  Meta-Learning},
  volume =       23,
  year =         2022
}

@article{fichera2022linearization,
  author =       {Fichera, Bernardo and Billard, Aude},
  journal =      {Journal of Machine Learning Research},
  note =         {\url{http://jmlr.org/papers/v23/20-1405.html}},
  number =       294,
  openalex =     {W4221153651},
  pages =        {1--35},
  title =        {Linearization and Identification of
                  Multiple-Attractor Dynamical Systems through
                  Laplacian Eigenmaps},
  volume =       23,
  year =         2022
}

@article{forastiere2022estimating,
  author =       {Forastiere, Laura and Mealli, Fabrizia and Wu,
                  Albert W. and Airoldi, Edoardo M.},
  journal =      {Journal of Machine Learning Research},
  note =         {\url{http://jmlr.org/papers/v23/18-711.html}},
  number =       289,
  openalex =     {W2883979661},
  pages =        {1--61},
  title =        {Estimating Causal Effects Under Interference Using
                  Bayesian Generalized Propensity Scores},
  volume =       23,
  year =         2022
}

@article{forestier2022intrinsically,
  author =       {Forestier, Sébastien and Portelas, Rémy and Mollard,
                  Yoan and Oudeyer, Pierre-Yves},
  journal =      {Journal of Machine Learning Research},
  note =         {\url{http://jmlr.org/papers/v23/21-0808.html}},
  number =       152,
  pages =        {1--41},
  title =        {Intrinsically Motivated Goal Exploration Processes
                  with Automatic Curriculum Learning},
  volume =       23,
  year =         2022
}

@article{freund2022when,
  author =       {Freund, Yoav and Ma, Yi-An and Zhang, Tong},
  journal =      {Journal of Machine Learning Research},
  note =         {\url{http://jmlr.org/papers/v23/21-1489.html}},
  number =       214,
  openalex =     {W3202923351},
  pages =        {1--32},
  title =        {When is the Convergence Time of Langevin Algorithms
                  Dimension Independent? A Composite Optimization
                  Viewpoint},
  volume =       23,
  year =         2022
}

@article{gadat2022asymptotic,
  author =       {Gadat, Sébastien and Gavra, Ioana},
  journal =      {Journal of Machine Learning Research},
  note =         {\url{http://jmlr.org/papers/v23/20-1407.html}},
  number =       228,
  openalex =     {W3113076967},
  pages =        {1--54},
  title =        {Asymptotic study of stochastic adaptive algorithm in
                  non-convex landscape},
  volume =       23,
  year =         2022
}

@article{gao2022community,
  author =       {Gao, Fengnan and Ma, Zongming and Yuan, Hongsong},
  journal =      {Journal of Machine Learning Research},
  note =         {\url{\url{http://jmlr.org/papers/v23/20-1036.html}}},
  number =       322,
  openalex =     {W3047620458},
  pages =        {1--50},
  title =        {Community detection in sparse latent space models},
  volume =       23,
  year =         2022
}

@article{gao2022lincde,
  author =       {Gao, Zijun and Hastie, Trevor},
  journal =      {Journal of Machine Learning Research},
  note =         {\url{http://jmlr.org/papers/v23/21-0840.html}},
  number =       52,
  openalex =     {W3186591644},
  pages =        {1--55},
  title =        {LinCDE: Conditional Density Estimation via Lindsey's
                  Method},
  volume =       23,
  year =         2022
}

@article{gao2022non,
  author =       {Gao, Daiqi and Liu, Yufeng and Zeng, Donglin},
  journal =      {Journal of Machine Learning Research},
  note =         {\url{http://jmlr.org/papers/v23/21-0354.html}},
  number =       250,
  openalex =     {W4385798225},
  pages =        {1--42},
  title =        {Non-asymptotic Properties of Individualized
                  Treatment Rules from Sequentially Rule-Adaptive
                  Trials.},
  volume =       23,
  year =         2022
}

@article{garcía2022adversarial,
  author =       {Trillos, Nicolás García and Murray, Ryan},
  journal =      {Journal of Machine Learning Research},
  note =         {\url{http://jmlr.org/papers/v23/21-0222.html}},
  number =       187,
  openalex =     {W4287592203},
  pages =        {1--38},
  title =        {Adversarial Classification: Necessary conditions and
                  geometric flows},
  volume =       23,
  year =         2022
}

@article{garivier2022kl,
  author =       {Garivier, Aurélien and Hadiji, Hédi and Ménard,
                  Pierre and Stoltz, Gilles},
  journal =      {Journal of Machine Learning Research},
  note =         {\url{http://jmlr.org/papers/v23/20-717.html}},
  number =       179,
  openalex =     {W2802546834},
  pages =        {1--66},
  title =        {KL-UCB-switch: optimal regret bounds for stochastic
                  bandits from both a distribution-dependent and a
                  distribution-free viewpoints},
  volume =       23,
  year =         2022
}

@article{gatti2022graph,
  author =       {Gatti, Alice and Hu, Zhixiong and Smidt, Tess and
                  Ng, Esmond and Ghysels, Pieter},
  journal =      {Journal of Machine Learning Research},
  note =         {\url{http://jmlr.org/papers/v23/21-0644.html}},
  number =       303,
  openalex =     {W4287236889},
  pages =        {1--28},
  title =        {Graph Partitioning and Sparse Matrix Ordering using
                  Reinforcement Learning and Graph Neural Networks},
  volume =       23,
  year =         2022
}

@article{ghadirzadeh2022training,
  author =       {Ghadirzadeh, Ali and Poklukar, Petra and Arndt,
                  Karol and Finn, Chelsea and Kyrki, Ville and Kragić,
                  Danica and Björkman, Mårten},
  journal =      {Journal of Machine Learning Research},
  note =         {\url{http://jmlr.org/papers/v23/20-1265.html}},
  number =       174,
  openalex =     {W4224241784},
  pages =        {1--37},
  title =        {Training and Evaluation of Deep Policies using
                  Reinforcement Learning and Generative Models},
  volume =       23,
  year =         2022
}

@article{ghane2022generalized,
  author =       {Ghane, Parisa and Braga-Neto, Ulisses},
  journal =      {Journal of Machine Learning Research},
  note =         {\url{http://jmlr.org/papers/v23/21-820.html}},
  number =       280,
  openalex =     {W3208968630},
  pages =        {1--30},
  title =        {Generalized Resubstitution for Classification Error
                  Estimation},
  volume =       23,
  year =         2022
}

@article{ghosh2022statistical,
  author =       {Ghosh, Indrajit and Bhattacharya, Anirban and Pati,
                  Debdeep},
  journal =      {Journal of Machine Learning Research},
  note =         {\url{http://jmlr.org/papers/v23/21-0190.html}},
  number =       184,
  openalex =     {W3094474598},
  pages =        {1--42},
  title =        {Statistical optimality and stability of tangent
                  transform algorithms in logit models},
  volume =       23,
  year =         2022
}

@article{ghosh2022supervised,
  author =       {Ghosh, Tomojit and Kirby, M.},
  journal =      {Journal of Machine Learning Research},
  note =         {\url{http://jmlr.org/papers/v23/20-188.html}},
  number =       20,
  openalex =     {W4287864083},
  pages =        {1--34},
  title =        {Supervised Dimensionality Reduction and
                  Visualization using Centroid-encoder},
  volume =       23,
  year =         2022
}

@article{gomez2022interlocking,
  author =       {Gomez, Aidan N. and Key, Oscar and Gou, Stephen and
                  Frosst, Nick and Dean, Jeff and Gal, Yarin},
  journal =      {Journal of Machine Learning Research},
  note =         {\url{http://jmlr.org/papers/v23/20-1121.html}},
  number =       171,
  openalex =     {W3092309115},
  pages =        {1--28},
  title =        {Interlocking Backpropagation: Improving depthwise
                  model-parallelism},
  volume =       23,
  year =         2022
}

@article{gorodetsky2022reverse,
  author =       {Gorodetsky, Alex and Safta, Cosmin and Jakeman,
                  John},
  journal =      {Journal of Machine Learning Research},
  note =         {\url{http://jmlr.org/papers/v23/21-0225.html}},
  number =       143,
  openalex =     {W4308246816},
  pages =        {1--29},
  title =        {Reverse-mode differentiation in arbitrary tensor
                  network format: with application to supervised
                  learning.},
  volume =       23,
  year =         2022
}

@article{goulart2022random,
  author =       {Goulart, José Henrique de Morais and Couillet,
                  Romain and Comon, Pierre},
  journal =      {Journal of Machine Learning Research},
  note =         {\url{http://jmlr.org/papers/v23/21-1038.html}},
  number =       264,
  openalex =     {W4287029600},
  pages =        {1--36},
  title =        {A Random Matrix Perspective on Random Tensors},
  volume =       23,
  year =         2022
}

@article{granziol2022learning,
  author =       {Granziol, Diego and Zohren, Stefan and Roberts,
                  Stephen},
  journal =      {Journal of Machine Learning Research},
  note =         {\url{http://jmlr.org/papers/v23/20-1258.html}},
  number =       173,
  openalex =     {W4287756728},
  pages =        {1--65},
  title =        {Learning Rates as a Function of Batch Size: A Random
                  Matrix Theory Approach to Neural Network Training},
  volume =       23,
  year =         2022
}

@article{guhaniyogi2022modeling,
  author =       {Guhaniyogi, Rajarshi and Li, Cheng and Savitsky,
                  Terrance D. and Srivastava, Sanvesh},
  journal =      {Journal of Machine Learning Research},
  note =         {\url{http://jmlr.org/papers/v23/20-543.html}},
  number =       84,
  openalex =     {W3030979998},
  pages =        {1--59},
  title =        {Distributed Bayesian Varying Coefficient Modeling
                  Using a Gaussian Process Prior},
  volume =       23,
  year =         2022
}

@article{guo2022efficient,
  author =       {Guo, F Richard and Perković, Emilija},
  journal =      {Journal of Machine Learning Research},
  note =         {\url{http://jmlr.org/papers/v23/21-023.html}},
  number =       104,
  openalex =     {W3048041650},
  pages =        {1--41},
  title =        {Efficient Least Squares for Estimating Total Effects
                  under Linearity and Causal Sufficiency.},
  volume =       23,
  year =         2022
}

@article{hacohen2022principal,
  author =       {Hacohen, Guy and Weinshall, Daphna},
  journal =      {Journal of Machine Learning Research},
  note =         {\url{http://jmlr.org/papers/v23/21-0991.html}},
  number =       155,
  openalex =     {W4287182527},
  pages =        {1--46},
  title =        {Principal Components Bias in Over-parameterized
                  Linear Models, and its Manifestation in Deep Neural
                  Networks},
  volume =       23,
  year =         2022
}

@article{hacquard2022topologically,
  author =       {Hacquard, Olympio and Balasubramanian, Krishnakumar
                  and Blanchard, Gilles and Polonik, Wolfgang and
                  Levrard, Clément},
  journal =      {Journal of Machine Learning Research},
  note =         {\url{http://jmlr.org/papers/v23/21-1270.html}},
  number =       161,
  openalex =     {W3209067913},
  pages =        {1--39},
  title =        {Topologically penalized regression on manifolds},
  volume =       23,
  year =         2022
}

@article{hamidi2022lowrank,
  author =       {Hamidi, Nima and Bayati, Mohsen},
  journal =      {Journal of Machine Learning Research},
  note =         {\url{\url{http://jmlr.org/papers/v23/19-795.html}}},
  number =       321,
  openalex =     {W2938943746},
  pages =        {1--49},
  title =        {On Low-rank Trace Regression under General Sampling
                  Distribution.},
  volume =       23,
  year =         2022
}

@article{hang2022neighbors,
  author =       {Hang, Hanyuan and Cai, Yuchao and Yang, Hanfang and
                  Lin, Zhouchen},
  journal =      {Journal of Machine Learning Research},
  note =         {\url{http://jmlr.org/papers/v23/21-0904.html}},
  number =       118,
  openalex =     {W3198743663},
  pages =        {1--63},
  title =        {Under-bagging Nearest Neighbors for Imbalanced
                  Classification},
  volume =       23,
  year =         2022
}

@article{haris2022models,
  author =       {Haris, Asad and Simon, Noah and Shojaie, Ali},
  journal =      {Journal of Machine Learning Research},
  note =         {\url{http://jmlr.org/papers/v23/20-108.html}},
  number =       70,
  openalex =     {W2922045264},
  pages =        {1--56},
  title =        {Generalized Sparse Additive Models},
  volume =       23,
  year =         2022
}

@article{harris2022randomized,
  author =       {Harris, David G. and Pensyl, Thomas and Srinivasan,
                  Aravind and Trinh, Khoa},
  journal =      {Journal of Machine Learning Research},
  note =         {\url{http://jmlr.org/papers/v23/20-204.html}},
  number =       81,
  openalex =     {W3008191220},
  pages =        {1--41},
  title =        {Dependent randomized rounding for clustering and
                  partition systems with knapsack constraints},
  volume =       23,
  year =         2022
}

@article{he2022information,
  author =       {He, Haiyun and Yan, Hanshu and Tan, Vincent Y. F.},
  journal =      {Journal of Machine Learning Research},
  note =         {\url{http://jmlr.org/papers/v23/22-0541.html}},
  number =       287,
  openalex =     {W4285865028},
  pages =        {1--52},
  title =        {Information-Theoretic Characterization of the
                  Generalization Error for Iterative Semi-Supervised
                  Learning},
  volume =       23,
  year =         2022
}

@article{herrmann2022exact,
  author =       {Herrmann, Samuel and Zucca, Cristina},
  journal =      {Journal of Machine Learning Research},
  note =         {\url{http://jmlr.org/papers/v23/20-321.html}},
  number =       138,
  openalex =     {W3014361415},
  pages =        {1--20},
  title =        {Exact simulation of diffusion first exit times:
                  algorithm acceleration},
  volume =       23,
  year =         2022
}

@article{herzen2022darts,
  author =       {Herzen, Julien and Lässig, Francesco and Piazzetta,
                  Samuele Giuliano and Neuer, Thomas and Tafti, Léo
                  and Raille, Guillaume and Pottelbergh, Tomas Van and
                  Pasieka, Marek and Skrodzki, Andrzej and Huguenin,
                  Nicolas and Dumonal, Maxime and Kościsz, Jan and
                  Bader, Dennis and Gusset, Frédérick and Benheddi,
                  Mounir and Williamson, Camila and Kosiński, Michał
                  and Petrik, Matej and Grosch, Gaël},
  journal =      {Journal of Machine Learning Research},
  note =         {\url{http://jmlr.org/papers/v23/21-1177.html}},
  number =       124,
  openalex =     {W4286908664},
  pages =        {1--6},
  title =        {Darts: User-Friendly Modern Machine Learning for
                  Time Series},
  volume =       23,
  year =         2022
}

@article{ho2022cascaded,
  author =       {Ho, Jonathan and Saharia, Chitwan and Chan, William
                  and Fleet, David J. and Norouzi, Mohammad and
                  Salimans, Tim},
  journal =      {Journal of Machine Learning Research},
  note =         {\url{http://jmlr.org/papers/v23/21-0635.html}},
  number =       47,
  openalex =     {W3175528029},
  pages =        {1--33},
  title =        {Cascaded Diffusion Models for High Fidelity Image
                  Generation},
  volume =       23,
  year =         2022
}

@article{ho2022convergence,
  author =       {Ho, Nhat and Yang, Chiao-Yu and Jordan, Michael I.},
  journal =      {Journal of Machine Learning Research},
  note =         {\url{\url{http://jmlr.org/papers/v23/20-1129.html}}},
  number =       323,
  openalex =     {W2962143455},
  pages =        {1--81},
  title =        {Convergence Rates for Gaussian Mixtures of Experts},
  volume =       23,
  year =         2022
}

@article{holzmüller2022training,
  author =       {Holzmüller, David and Steinwart, Ingo},
  journal =      {Journal of Machine Learning Research},
  note =         {\url{http://jmlr.org/papers/v23/20-830.html}},
  number =       181,
  openalex =     {W4287868543},
  pages =        {1--82},
  title =        {Training Two-Layer ReLU Networks with Gradient
                  Descent is Inconsistent},
  volume =       23,
  year =         2022
}

@article{hsieh2022optimization,
  author =       {Hsieh, Yu-Guan and Iutzeler, Franck and Malick,
                  Jérôme and Mertikopoulos, Panayotis},
  journal =      {Journal of Machine Learning Research},
  note =         {\url{http://jmlr.org/papers/v23/20-1393.html}},
  number =       78,
  openalex =     {W3117545480},
  pages =        {1--49},
  title =        {Multi-agent online optimization with delays:
                  Asynchronicity, adaptivity, and optimism},
  volume =       23,
  year =         2022
}

@article{hu2022early,
  author =       {Hu, Ting and Lei, Yunwen},
  journal =      {Journal of Machine Learning Research},
  note =         {\url{\url{http://jmlr.org/papers/v23/21-0983.html}}},
  number =       339,
  pages =        {1--36},
  title =        {Early Stopping for Iterative Regularization with
                  General Loss Functions},
  volume =       23,
  year =         2022
}

@article{hu2022sum,
  author =       {Hu, Shu and Ying, Yiming and Wang, Xin and Lyu,
                  Siwei},
  journal =      {Journal of Machine Learning Research},
  note =         {\url{http://jmlr.org/papers/v23/21-0622.html}},
  number =       112,
  openalex =     {W4287124576},
  pages =        {1--44},
  title =        {Sum of Ranked Range Loss for Supervised Learning},
  volume =       23,
  year =         2022
}

@article{huang2022accelerated,
  author =       {Huang, Feihu and Gao, Shangqian and Pei, Jian and
                  Huang, Heng},
  journal =      {Journal of Machine Learning Research},
  note =         {\url{http://jmlr.org/papers/v23/20-924.html}},
  number =       36,
  openalex =     {W3135167421},
  pages =        {1--70},
  title =        {Accelerated Zeroth-Order and First-Order Momentum
                  Methods from Mini to Minimax Optimization},
  volume =       23,
  year =         2022
}

@article{huang2022analysis,
  author =       {Huang, Jian and Jiao, Yuling and Li, Zhen and Liu,
                  Shiao and Wang, Li and Yang, Yunfei},
  journal =      {Journal of Machine Learning Research},
  note =         {\url{http://jmlr.org/papers/v23/21-0732.html}},
  number =       116,
  openalex =     {W3165558409},
  pages =        {1--43},
  title =        {An error analysis of generative adversarial networks
                  for learning distributions},
  volume =       23,
  year =         2022
}

@article{huang2022cleanrl,
  author =       {Huang, Shengyi and Dossa, Rousslan Fernand Julien
                  and Ye, Chang and Braga, Jeff and Chakraborty, Dipam
                  and Mehta, Kinal and Araújo, João G.M.},
  journal =      {Journal of Machine Learning Research},
  note =         {\url{http://jmlr.org/papers/v23/21-1342.html}},
  number =       274,
  pages =        {1--18},
  title =        {CleanRL: High-quality Single-file Implementations of
                  Deep Reinforcement Learning Algorithms},
  volume =       23,
  year =         2022
}

@article{huang2022kernel,
  author =       {Huang, Zhen and Deb, Nabarun and Sen, Bodhisattva},
  journal =      {Journal of Machine Learning Research},
  note =         {\url{http://jmlr.org/papers/v23/21-493.html}},
  number =       216,
  openalex =     {W4287547664},
  pages =        {1--58},
  title =        {Kernel Partial Correlation Coefficient -- a Measure
                  of Conditional Dependence},
  volume =       23,
  year =         2022
}

@article{huang2022power,
  author =       {Huang, Jiaoyang and Huang, Daniel Z. and Yang, Qing
                  and Cheng, Guang},
  journal =      {Journal of Machine Learning Research},
  note =         {\url{http://jmlr.org/papers/v23/21-1290.html}},
  number =       128,
  pages =        {1--47},
  title =        {Power Iteration for Tensor PCA},
  volume =       23,
  year =         2022
}

@article{imaizumi2022advantage,
  author =       {Imaizumi, Masaaki and Fukumizu, Kenji},
  journal =      {Journal of Machine Learning Research},
  note =         {\url{http://jmlr.org/papers/v23/21-0542.html}},
  number =       111,
  openalex =     {W4287605751},
  pages =        {1--54},
  title =        {Advantage of Deep Neural Networks for Estimating
                  Functions with Singularity on Hypersurfaces},
  volume =       23,
  year =         2022
}

@article{izbicki2022efficient,
  author =       {Izbicki, Rafael and Shimizu, Gilson and Stern,
                  Rafael B.},
  journal =      {Journal of Machine Learning Research},
  note =         {\url{http://jmlr.org/papers/v23/20-797.html}},
  number =       87,
  openalex =     {W4287706129},
  pages =        {1--32},
  title =        {CD-split and HPD-split: efficient conformal regions
                  in high dimensions},
  volume =       23,
  year =         2022
}

@article{jaeger2022aim,
  author =       {Jaeger, Manfred},
  journal =      {Journal of Machine Learning Research},
  note =         {\url{http://jmlr.org/papers/v23/19-599.html}},
  number =       62,
  pages =        {1--55},
  title =        {The AIM and EM Algorithms for Learning from Coarse
                  Data},
  volume =       23,
  year =         2022
}

@article{jakobsen2022structure,
  author =       {Jakobsen, Martin Emil and Shah, Rajen D. and
                  Bühlmann, Peter and Peters, Jonas},
  journal =      {Journal of Machine Learning Research},
  note =         {\url{http://jmlr.org/papers/v23/21-1159.html}},
  number =       159,
  openalex =     {W3196200460},
  pages =        {1--97},
  title =        {Structure Learning for Directed Trees.},
  volume =       23,
  year =         2022
}

@article{jentzen2022proof,
  author =       {Jentzen, Arnulf and Riekert, Adrian},
  journal =      {Journal of Machine Learning Research},
  note =         {\url{http://jmlr.org/papers/v23/21-0962.html}},
  number =       260,
  openalex =     {W4320351413},
  pages =        {1--50},
  title =        {A proof of convergence for the gradient descent
                  optimization method with random initializations in
                  the training of neural networks with ReLU activation
                  for piecewise linear target functions},
  volume =       23,
  year =         2022
}

@article{ji2022theoretical,
  author =       {Ji, Kaiyi and Yang, Junjie and Liang, Yingbin},
  journal =      {Journal of Machine Learning Research},
  note =         {\url{http://jmlr.org/papers/v23/20-720.html}},
  number =       29,
  openalex =     {W3042103612},
  pages =        {1--41},
  title =        {Theoretical Convergence of Multi-Step Model-Agnostic
                  Meta-Learning},
  volume =       23,
  year =         2022
}

@article{jia2022policya,
  author =       {Jia, Yanwei and Zhou, Xun Yu},
  journal =      {Journal of Machine Learning Research},
  note =         {\url{http://jmlr.org/papers/v23/21-0947.html}},
  number =       154,
  openalex =     {W3202382720},
  pages =        {1--55},
  title =        {Policy Evaluation and Temporal-Difference Learning
                  in Continuous Time and Space: A Martingale Approach},
  volume =       23,
  year =         2022
}

@article{jia2022policyb,
  author =       {Jia, Yanwei and Zhou, Xun Yu},
  journal =      {Journal of Machine Learning Research},
  note =         {\url{http://jmlr.org/papers/v23/21-1387.html}},
  number =       275,
  openalex =     {W3215621981},
  pages =        {1--50},
  title =        {Policy Gradient and Actor-Critic Learning in
                  Continuous Time and Space: Theory and Algorithms},
  volume =       23,
  year =         2022
}

@article{jiang2022constraint,
  author =       {Jiang, Nan and Zhang, Maosen and van Hoeve,
                  Willem-Jan and Xue, Yexiang},
  journal =      {Journal of Machine Learning Research},
  note =         {\url{\url{http://jmlr.org/papers/v23/21-1484.html}}},
  number =       345,
  pages =        {1--40},
  title =        {Constraint Reasoning Embedded Structured Prediction},
  volume =       23,
  year =         2022
}

@article{jin2022matrix,
  author =       {Jin, Huaqing and Ma, Yanyuan and Jiang, Fei},
  journal =      {Journal of Machine Learning Research},
  note =         {\url{http://jmlr.org/papers/v23/20-748.html}},
  number =       180,
  pages =        {1--62},
  title =        {Matrix Completion with Covariate Information and
                  Informative Missingness},
  volume =       23,
  year =         2022
}

@article{johansson2022generalization,
  author =       {Johansson, Fredrik and Shalit, Uri and Kallus,
                  Nathan and Sontag, David},
  journal =      {Journal of Machine Learning Research},
  note =         {\url{http://jmlr.org/papers/v23/19-511.html}},
  number =       166,
  openalex =     {W4287902487},
  pages =        {1--50},
  title =        {Generalization Bounds and Representation Learning
                  for Estimation of Potential Outcomes and Causal
                  Effects},
  volume =       23,
  year =         2022
}

@article{kalainathan2022structural,
  author =       {Kalainathan, Diviyan and Goudet, Olivier and Guyon,
                  Isabelle and López-Paz, David and Sébag, Michèle},
  journal =      {Journal of Machine Learning Research},
  note =         {\url{http://jmlr.org/papers/v23/19-529.html}},
  number =       219,
  openalex =     {W2950085789},
  pages =        {1--62},
  title =        {Structural Agnostic Modeling: Adversarial Learning
                  of Causal Graphs},
  volume =       23,
  year =         2022
}

@article{kang2022forward,
  author =       {Kang, Jongkyeong and Shin, Seung Jun},
  journal =      {Journal of Machine Learning Research},
  note =         {\url{http://jmlr.org/papers/v23/21-0755.html}},
  number =       199,
  pages =        {1--31},
  title =        {A Forward Approach for Sufficient Dimension
                  Reduction in Binary Classification},
  volume =       23,
  year =         2022
}

@article{kara2022near,
  author =       {Kara, Ali and Yuksel, Serdar},
  journal =      {Journal of Machine Learning Research},
  note =         {\url{http://jmlr.org/papers/v23/20-1152.html}},
  number =       11,
  pages =        {1--46},
  title =        {Near Optimality of Finite Memory Feedback Policies
                  in Partially Observed Markov Decision Processes},
  volume =       23,
  year =         2022
}

@article{ke2022exact,
  author =       {Ke, Chuyang and Honorio, Jean},
  journal =      {Journal of Machine Learning Research},
  note =         {\url{http://jmlr.org/papers/v23/22-0232.html}},
  number =       284,
  openalex =     {W2988484812},
  pages =        {1--28},
  title =        {Exact Partitioning of High-order Models with a Novel
                  Convex Tensor Cone Relaxation},
  volume =       23,
  year =         2022
}

@article{kidzinski2022generalized,
  author =       {Kidziński, Łukasz and Hui, Francis K. C. and Warton,
                  David I. and Hastie, Trevor},
  journal =      {Journal of Machine Learning Research},
  note =         {\url{http://jmlr.org/papers/v23/20-1104.html}},
  number =       291,
  openalex =     {W4367174104},
  pages =        {1--29},
  title =        {Generalized Matrix Factorization: efficient
                  algorithms for fitting generalized linear latent
                  variable models to large data arrays.},
  volume =       23,
  year =         2022
}

@article{kissas2022learning,
  author =       {Kissas, Georgios and Seidman, J. S. and Guilhoto,
                  Leonardo Ferreira and Preciado, Víctor M. and
                  Pappas, George J. and Perdikaris, Paris},
  journal =      {Journal of Machine Learning Research},
  note =         {\url{http://jmlr.org/papers/v23/21-1521.html}},
  number =       215,
  openalex =     {W4225860188},
  pages =        {1--63},
  title =        {Learning Operators with Coupled Attention},
  volume =       23,
  year =         2022
}

@article{knoblauch2022optimization,
  author =       {Knoblauch, Jeremias and Jewson, Jack and Damoulas,
                  Theodoros},
  journal =      {Journal of Machine Learning Research},
  note =         {\url{http://jmlr.org/papers/v23/19-1047.html}},
  number =       132,
  pages =        {1--109},
  title =        {An Optimization-centric View on Bayes' Rule:
                  Reviewing and Generalizing Variational Inference},
  volume =       23,
  year =         2022
}

@article{koelle2022manifold,
  author =       {Koelle, Samson and Zhang, Hanyu and Meilă, Marina
                  and Chen, Yu‐Chia},
  journal =      {Journal of Machine Learning Research},
  note =         {\url{http://jmlr.org/papers/v23/19-644.html}},
  number =       133,
  openalex =     {W3184805858},
  pages =        {1--57},
  title =        {Manifold Coordinates with Physical Meaning},
  volume =       23,
  year =         2022
}

@article{kohler2022stability,
  author =       {Köhler, H. and Christmann, Andreas},
  journal =      {Journal of Machine Learning Research},
  note =         {\url{http://jmlr.org/papers/v23/21-0129.html}},
  number =       100,
  openalex =     {W3126689138},
  pages =        {1--41},
  title =        {Total Stability of SVMs and Localized SVMs},
  volume =       23,
  year =         2022
}

@article{konstantinov2022fairness,
  author =       {Konstantinov, Nikola and Lampert, Christoph H.},
  journal =      {Journal of Machine Learning Research},
  note =         {\url{http://jmlr.org/papers/v23/21-1189.html}},
  number =       160,
  openalex =     {W4287329478},
  pages =        {1--60},
  title =        {Fairness-Aware PAC Learning from Corrupted Data},
  volume =       23,
  year =         2022
}

@article{kornowski2022oracle,
  author =       {Kornowski, Guy and Shamir, Ohad},
  journal =      {Journal of Machine Learning Research},
  note =         {\url{http://jmlr.org/papers/v23/21-1507.html}},
  number =       314,
  openalex =     {W3152734981},
  pages =        {1--44},
  title =        {Oracle Complexity in Nonsmooth Nonconvex
                  Optimization},
  volume =       23,
  year =         2022
}

@article{kowal2022selection,
  author =       {Kowal, Daniel R.},
  journal =      {Journal of Machine Learning Research},
  note =         {\url{http://jmlr.org/papers/v23/21-0403.html}},
  number =       108,
  openalex =     {W4287205559},
  pages =        {1--38},
  title =        {Bayesian subset selection and variable importance
                  for interpretable prediction and classification},
  volume =       23,
  year =         2022
}

@article{kratsios2022universal,
  author =       {Kratsios, Anastasis and Papon, Leonie},
  journal =      {Journal of Machine Learning Research},
  note =         {\url{http://jmlr.org/papers/v23/21-0716.html}},
  number =       196,
  openalex =     {W4288076407},
  pages =        {1--73},
  title =        {Universal Approximation Theorems for Differentiable
                  Geometric Deep Learning},
  volume =       23,
  year =         2022
}

@article{la2022wasserstein,
  author =       {Prashanth, L. A. and Bhat, Sanjay P.},
  journal =      {Journal of Machine Learning Research},
  note =         {\url{http://jmlr.org/papers/v23/20-965.html}},
  number =       238,
  openalex =     {W4288558849},
  pages =        {1--61},
  title =        {A Wasserstein distance approach for concentration of
                  empirical risk estimates},
  volume =       23,
  year =         2022
}

@article{lan2022learning,
  author =       {Lan, Shiwei},
  journal =      {Journal of Machine Learning Research},
  note =         {\url{http://jmlr.org/papers/v23/21-0952.html}},
  number =       259,
  openalex =     {W2909197138},
  pages =        {1--53},
  title =        {Learning Temporal Evolution of Spatial Dependence
                  with Generalized Spatiotemporal Gaussian Process
                  Models},
  volume =       23,
  year =         2022
}

@article{lan2022warpdrive,
  author =       {Lan, Tian and Srinivasa, Sunil and Wang, Huan and
                  Zheng, Stephan},
  journal =      {Journal of Machine Learning Research},
  note =         {\url{\url{http://jmlr.org/papers/v23/22-0185.html}}},
  number =       316,
  pages =        {1--6},
  title =        {WarpDrive: Fast End-to-End Deep Multi-Agent
                  Reinforcement Learning on a GPU},
  volume =       23,
  year =         2022
}

@article{landeros2022extensions,
  author =       {Landeros, Alfonso and Padilla, Oscar Hernán Madrid
                  and Zhou, Hua and Lange, Kenneth},
  journal =      {Journal of Machine Learning Research},
  note =         {\url{http://jmlr.org/papers/v23/20-964.html}},
  number =       182,
  openalex =     {W3081603620},
  pages =        {1--45},
  title =        {Extensions to the Proximal Distance Method of
                  Constrained Optimization.},
  volume =       23,
  year =         2022
}

@article{lange2022preconditioning,
  author =       {Lange, Susanna and Helfrich, Kyle and Ye, Qiang},
  journal =      {Journal of Machine Learning Research},
  note =         {\url{http://jmlr.org/papers/v23/20-1135.html}},
  number =       72,
  openalex =     {W3192391919},
  pages =        {1--41},
  title =        {Batch Normalization Preconditioning for Neural
                  Network Training},
  volume =       23,
  year =         2022
}

@article{le2022model,
  author =       {Le, Tri M. and Clarke, Bertrand S.},
  journal =      {Journal of Machine Learning Research},
  note =         {\url{http://jmlr.org/papers/v23/20-874.html}},
  number =       33,
  pages =        {1--53},
  title =        {Model Averaging Is Asymptotically Better Than Model
                  Selection for Prediction},
  volume =       23,
  year =         2022
}

@article{le2022more,
  author =       {Duy, Vo Nguyen Le and Takeuchi, Ichiro},
  journal =      {Journal of Machine Learning Research},
  note =         {\url{http://jmlr.org/papers/v23/21-0494.html}},
  number =       300,
  openalex =     {W3162790472},
  pages =        {1--37},
  title =        {More Powerful Conditional Selective Inference for
                  Generalized Lasso by Parametric Programming},
  volume =       23,
  year =         2022
}

@article{leluc2022sgd,
  author =       {Leluc, Rémi and Portier, François},
  journal =      {Journal of Machine Learning Research},
  note =         {\url{\url{http://jmlr.org/papers/v23/21-1240.html}}},
  number =       342,
  openalex =     {W4306809342},
  pages =        {1--47},
  title =        {SGD with Coordinate Sampling: Theory and Practice},
  volume =       23,
  year =         2022
}

@article{lethi2022stochastic,
  author =       {Thi, Hoai An Le and Luu, Hoang Phuc Hau and Le, Hoai
                  Minh and Dinh, Tao Pham},
  journal =      {Journal of Machine Learning Research},
  note =         {\url{http://jmlr.org/papers/v23/21-1146.html}},
  number =       206,
  openalex =     {W4291462766},
  pages =        {1--44},
  title =        {Stochastic DCA with Variance Reduction and
                  Applications in Machine Learning},
  volume =       23,
  year =         2022
}

@article{levin2022recovering,
  author =       {Levin, Keith and Lodhia, Asad and Levina, Elizaveta},
  journal =      {Journal of Machine Learning Research},
  note =         {\url{http://jmlr.org/papers/v23/19-1056.html}},
  number =       3,
  openalex =     {W4394650975},
  pages =        {1--48},
  title =        {Recovering shared structure from multiple networks
                  with unknown edge distributions},
  volume =       23,
  year =         2022
}

@article{lewis2022statistical,
  author =       {Lewis, Craig M. and Grossetti, Francesco},
  journal =      {Journal of Machine Learning Research},
  note =         {\url{http://jmlr.org/papers/v23/19-297.html}},
  number =       58,
  pages =        {1--20},
  title =        {A Statistical Approach for Optimal Topic Model
                  Identification},
  volume =       23,
  year =         2022
}

@article{li2022approximation,
  author =       {Li, Zhong and Han, Jiequn and E, Weinan and Li,
                  Qianxiao},
  journal =      {Journal of Machine Learning Research},
  note =         {\url{http://jmlr.org/papers/v23/21-0368.html}},
  number =       42,
  pages =        {1--85},
  title =        {Approximation and Optimization Theory for Linear
                  Continuous-Time Recurrent Neural Networks},
  volume =       23,
  year =         2022
}

@article{li2022interpret,
  author =       {Li, Xuhong and Xiong, Haoyi and Li, Xingjian and Wu,
                  Xuanyu and Chen, Zeyu and Dou, Dejing},
  journal =      {Journal of Machine Learning Research},
  note =         {\url{http://jmlr.org/papers/v23/21-0738.html}},
  number =       197,
  pages =        {1--6},
  title =        {InterpretDL: Explaining Deep Models in PaddlePaddle},
  volume =       23,
  year =         2022
}

@article{li2022interpretable,
  author =       {Li, Zeda and Bruce, Scott A. and Cai, Tian},
  journal =      {Journal of Machine Learning Research},
  note =         {\url{http://jmlr.org/papers/v23/21-0369.html}},
  number =       299,
  openalex =     {W4378348541},
  pages =        {1--31},
  title =        {Interpretable Classification of Categorical Time
                  Series Using the Spectral Envelope and Optimal
                  Scalings.},
  volume =       23,
  year =         2022
}

@article{li2022rethinking,
  author =       {Li, Chunxiao and Rudin, Cynthia and McCormick, Tyler
                  H.},
  journal =      {Journal of Machine Learning Research},
  note =         {\url{http://jmlr.org/papers/v23/21-0082.html}},
  number =       96,
  pages =        {1--55},
  title =        {Rethinking Nonlinear Instrumental Variable Models
                  through Prediction Validity},
  volume =       23,
  year =         2022
}

@article{li2022simple,
  author =       {Li, Zhize and Li, Jian},
  journal =      {Journal of Machine Learning Research},
  note =         {\url{http://jmlr.org/papers/v23/21-0028.html}},
  number =       239,
  openalex =     {W4292951427},
  pages =        {1--61},
  title =        {Simple and Optimal Stochastic Gradient Methods for
                  Nonsmooth Nonconvex Optimization},
  volume =       23,
  year =         2022
}

@article{li2022toward,
  author =       {Li, Tenghui and Zhou, Guoxu and Qiu, Yuning and
                  Zhao, Qibin},
  journal =      {Journal of Machine Learning Research},
  note =         {\url{http://jmlr.org/papers/v23/21-1259.html}},
  number =       311,
  openalex =     {W4288791992},
  pages =        {1--50},
  title =        {Toward Understanding Convolutional Neural Networks
                  from Volterra Convolution Perspective},
  volume =       23,
  year =         2022
}

@article{li2022variance,
  author =       {Li, Huan and Lin, Zhouchen and Fang, Yongchun},
  journal =      {Journal of Machine Learning Research},
  note =         {\url{http://jmlr.org/papers/v23/20-1130.html}},
  number =       222,
  openalex =     {W3091831107},
  pages =        {1--41},
  title =        {Variance Reduced EXTRA and DIGing and Their Optimal
                  Acceleration for Strongly Convex Decentralized
                  Optimization},
  volume =       23,
  year =         2022
}

@article{liang2022estimation,
  author =       {Liang, Muxuan and Choi, Young‐Geun and Ning, Yang
                  and Smith, Maureen A. and Zhao, Ying‐Qi},
  journal =      {Journal of Machine Learning Research},
  note =         {\url{http://jmlr.org/papers/v23/21-0993.html}},
  number =       262,
  openalex =     {W3041514166},
  pages =        {1--65},
  title =        {Estimation and inference on high-dimensional
                  individualized treatment rule in observational data
                  using split-and-pooled de-correlated score},
  volume =       23,
  year =         2022
}

@article{lin2022approximating,
  author =       {Lin, Tianyi and Ho, Nhat and Cuturi, Marco and
                  Jordan, Michael I.},
  journal =      {Journal of Machine Learning Research},
  note =         {\url{http://jmlr.org/papers/v23/19-843.html}},
  number =       65,
  openalex =     {W2978538948},
  pages =        {1--43},
  title =        {On the Complexity of Approximating Multimarginal
                  Optimal Transport},
  volume =       23,
  year =         2022
}

@article{lin2022double,
  author =       {Lin, Huiming and Li, Meng},
  journal =      {Journal of Machine Learning Research},
  note =         {\url{http://jmlr.org/papers/v23/21-0335.html}},
  number =       248,
  openalex =     {W3041884116},
  pages =        {1--28},
  title =        {Double spike Dirichlet priors for structured
                  weighting},
  volume =       23,
  year =         2022
}

@article{lin2022efficiency,
  author =       {Lin, Tianyi and Ho, Nhat and Jordan, Michael I.},
  journal =      {Journal of Machine Learning Research},
  note =         {\url{http://jmlr.org/papers/v23/20-277.html}},
  number =       137,
  openalex =     {W4288340562},
  pages =        {1--42},
  title =        {On the Efficiency of Entropic Regularized Algorithms
                  for Optimal Transport},
  volume =       23,
  year =         2022
}

@article{lin2022explicit,
  author =       {Lin, Dachao and Ye, Haishan and Zhang, Zhihua},
  journal =      {Journal of Machine Learning Research},
  note =         {\url{http://jmlr.org/papers/v23/21-1282.html}},
  number =       162,
  openalex =     {W3209201550},
  pages =        {1--40},
  title =        {Explicit Convergence Rates of Greedy and Random
                  Quasi-Newton Methods},
  volume =       23,
  year =         2022
}

@article{lindauer2022smac3,
  author =       {Lindauer, Marius and Eggensperger, Katharina and
                  Feurer, Matthias and Biedenkapp, André and Deng,
                  Difan and Benjamins, Carolin and Ruhopf, Tim and
                  Sass, René and Hutter, Frank},
  journal =      {Journal of Machine Learning Research},
  note =         {\url{http://jmlr.org/papers/v23/21-0888.html}},
  number =       54,
  openalex =     {W4286970057},
  pages =        {1--9},
  title =        {SMAC3: A Versatile Bayesian Optimization Package for
                  Hyperparameter Optimization},
  volume =       23,
  year =         2022
}

@article{liu2022estimating,
  author =       {Liu, Song and Kanamori, Takafumi and Williams,
                  Daniel J.},
  journal =      {Journal of Machine Learning Research},
  note =         {\url{http://jmlr.org/papers/v23/21-0218.html}},
  number =       186,
  openalex =     {W3133740249},
  pages =        {1--38},
  title =        {Estimating Density Models with Truncation Boundaries
                  using Score Matching},
  volume =       23,
  year =         2022
}

@article{liu2022improving,
  author =       {Liu, Yang and Constantinou, Anthony C. and Guo,
                  Zhigao},
  journal =      {Journal of Machine Learning Research},
  note =         {\url{\url{http://jmlr.org/papers/v23/20-1319.html}}},
  number =       324,
  openalex =     {W3098793220},
  pages =        {1--28},
  title =        {Improving Bayesian Network Structure Learning in the
                  Presence of Measurement Error},
  volume =       23,
  year =         2022
}

@article{liu2022learning,
  author =       {Liu, Hongzhi and Du, Yingpeng and Wu, Zhonghai},
  journal =      {Journal of Machine Learning Research},
  note =         {\url{http://jmlr.org/papers/v23/20-843.html}},
  number =       88,
  pages =        {1--36},
  title =        {Generalized Ambiguity Decomposition for Ranking
                  Ensemble Learning},
  volume =       23,
  year =         2022
}

@article{liu2022pac,
  author =       {Liu, Si and Garrepalli, Risheek and Hendrycks, Dan
                  and Fern, Alan and Mondal, Debashis and Dietterich,
                  Thomas G.},
  journal =      {Journal of Machine Learning Research},
  note =         {\url{http://jmlr.org/papers/v23/21-0451.html}},
  number =       44,
  pages =        {1--47},
  title =        {PAC Guarantees and Effective Algorithms for
                  Detecting Novel Categories},
  volume =       23,
  year =         2022
}

@article{liu2022test,
  author =       {Liu, Wanjun and Yu, Xiufan and Li, Runze},
  journal =      {Journal of Machine Learning Research},
  note =         {\url{http://jmlr.org/papers/v23/20-1103.html}},
  number =       71,
  openalex =     {W3210717611},
  pages =        {1--27},
  title =        {Multiple-Splitting Projection Test for
                  High-Dimensional Mean Vectors},
  volume =       23,
  year =         2022
}

@article{loeffler2022iale,
  author =       {Löffler, Christoffer and Mutschler, Christopher},
  journal =      {Journal of Machine Learning Research},
  note =         {\url{http://jmlr.org/papers/v23/21-0387.html}},
  number =       107,
  openalex =     {W3041141744},
  pages =        {1--29},
  title =        {IALE: Imitating Active Learner Ensembles},
  volume =       23,
  year =         2022
}

@article{luo2022sparse,
  author =       {Luo, Hengrui and Nattino, Giovanni and Pratola,
                  Matthew T.},
  journal =      {Journal of Machine Learning Research},
  note =         {\url{http://jmlr.org/papers/v23/19-597.html}},
  number =       61,
  openalex =     {W2969930879},
  pages =        {1--34},
  title =        {Sparse Additive Gaussian Process Regression},
  volume =       23,
  year =         2022
}

@article{lv2022debiased,
  author =       {Lv, Shaogao and Lian, Heng},
  journal =      {Journal of Machine Learning Research},
  note =         {\url{http://jmlr.org/papers/v23/18-467.html}},
  number =       2,
  openalex =     {W2987807068},
  pages =        {1--32},
  title =        {Debiased distributed learning for sparse partial
                  linear models in high dimensions},
  volume =       23,
  year =         2022
}

@article{lyu2022online,
  author =       {Lyu, Hanbaek and Strohmeier, Christopher and
                  Needell, Deanna},
  journal =      {Journal of Machine Learning Research},
  note =         {\url{http://jmlr.org/papers/v23/21-0419.html}},
  number =       148,
  openalex =     {W4287666049},
  pages =        {1--50},
  title =        {Online nonnegative CP-dictionary learning for
                  Markovian data},
  volume =       23,
  year =         2022
}

@article{ma2022asymptotic,
  author =       {Ma, Ping and Zhang, Xinlian and Xing, Xin and Ma,
                  Jingyi and Mahoney, Michael W.},
  journal =      {Journal of Machine Learning Research},
  note =         {\url{http://jmlr.org/papers/v23/20-219.html}},
  number =       177,
  openalex =     {W3007063426},
  pages =        {1--45},
  title =        {Asymptotic Analysis of Sampling Estimators for
                  Randomized Numerical Linear Algebra Algorithms},
  volume =       23,
  year =         2022
}

@article{ma2022detecting,
  author =       {Ma, Shujie and Su, Liangjun and Zhang, Yichong},
  journal =      {Journal of Machine Learning Research},
  note =         {\url{http://jmlr.org/papers/v23/21-1234.html}},
  number =       310,
  openalex =     {W3125113624},
  pages =        {1--61},
  title =        {Detecting Latent Communities in Network Formation
                  Models},
  volume =       23,
  year =         2022
}

@article{madridpadilla2022change,
  author =       {Padilla, Oscar Hernán Madrid and Yu, Yi and Priebe,
                  Carey E.},
  journal =      {Journal of Machine Learning Research},
  note =         {\url{http://jmlr.org/papers/v23/20-643.html}},
  number =       234,
  openalex =     {W2986863830},
  pages =        {1--59},
  title =        {Change point localization in dependent dynamic
                  nonparametric random dot product graphs},
  volume =       23,
  year =         2022
}

@article{madridpadilla2022quantile,
  author =       {Padilla, Oscar Hernán Madrid and Tansey, Wesley and
                  Chen, Yanzhen},
  journal =      {Journal of Machine Learning Research},
  note =         {\url{http://jmlr.org/papers/v23/21-0309.html}},
  number =       247,
  openalex =     {W3092668932},
  pages =        {1--42},
  title =        {Quantile regression with deep ReLU Networks:
                  Estimators and minimax rates},
  volume =       23,
  year =         2022
}

@article{maity2022meta,
  author =       {Maity, Subha and Sun, Yuekai and Banerjee,
                  Moulinath},
  journal =      {Journal of Machine Learning Research},
  note =         {\url{http://jmlr.org/papers/v23/21-0739.html}},
  number =       198,
  openalex =     {W4287979662},
  pages =        {1--50},
  title =        {Meta-analysis of heterogeneous data: integrative
                  sparse regression in high-dimensions},
  volume =       23,
  year =         2022
}

@article{maity2022minimax,
  author =       {Maity, Subha and Sun, Yuekai and Banerjee,
                  Moulinath},
  journal =      {Journal of Machine Learning Research},
  note =         {\url{\url{http://jmlr.org/papers/v23/21-1519.html}}},
  number =       346,
  openalex =     {W4309957647},
  pages =        {1--45},
  title =        {Minimax optimal approaches to the label shift
                  problem in non-parametric settings},
  volume =       23,
  year =         2022
}

@article{maiya2022ktrain,
  author =       {Maiya, Arun S.},
  journal =      {Journal of Machine Learning Research},
  note =         {\url{http://jmlr.org/papers/v23/21-1124.html}},
  number =       158,
  openalex =     {W4287813888},
  pages =        {1--6},
  title =        {ktrain: A Low-Code Library for Augmented Machine
                  Learning},
  volume =       23,
  year =         2022
}

@article{majumdar2022joint,
  author =       {Majumdar, Subhabrata and Michailidis, George},
  journal =      {Journal of Machine Learning Research},
  note =         {\url{http://jmlr.org/papers/v23/18-131.html}},
  number =       1,
  openalex =     {W2790284029},
  pages =        {1--53},
  title =        {Joint Estimation and Inference for Data Integration
                  Problems based on Multiple Multi-layered Gaussian
                  Graphical Models},
  volume =       23,
  year =         2022
}

@article{malach2022hardness,
  author =       {Malach, Eran and Shalev‐Shwartz, Shai},
  journal =      {Journal of Machine Learning Research},
  note =         {\url{http://jmlr.org/papers/v23/20-940.html}},
  number =       91,
  openalex =     {W3072087094},
  pages =        {1--24},
  title =        {When Hardness of Approximation Meets Hardness of
                  Learning},
  volume =       23,
  year =         2022
}

@article{mandlik2022jsongrinder,
  author =       {Mandlík, Šimon and Račinský, Matěj and Lisý, Viliam
                  and Pevný, Tomáš},
  journal =      {Journal of Machine Learning Research},
  note =         {\url{http://jmlr.org/papers/v23/21-0174.html}},
  number =       298,
  pages =        {1--5},
  title =        {JsonGrinder.jl: automated differentiable neural
                  architecture for embedding arbitrary JSON data},
  volume =       23,
  year =         2022
}

@article{mania2022active,
  author =       {Mania, Horia and Jordan, Michael I. and Recht,
                  Benjamin},
  journal =      {Journal of Machine Learning Research},
  note =         {\url{http://jmlr.org/papers/v23/20-807.html}},
  number =       32,
  openalex =     {W3036320002},
  pages =        {1--30},
  title =        {Active Learning for Nonlinear System Identification
                  with Guarantees.},
  volume =       23,
  year =         2022
}

@article{manita2022universal,
  author =       {Manita, Oxana A. and Peletier, Mark A. and
                  Portegies, Jacobus W. and Sanders, Jaron and
                  Senen–Cerda, Albert},
  journal =      {Journal of Machine Learning Research},
  note =         {\url{http://jmlr.org/papers/v23/20-1433.html}},
  number =       19,
  openalex =     {W4394648280},
  pages =        {1--46},
  title =        {Universal Approximation in Dropout Neural Networks},
  volume =       23,
  year =         2022
}

@article{martins2022sparse,
  author =       {Martins, André F. T. and Treviso, Marcos and
                  Farinhas, António and Aguiar, Pedro M. Q. and
                  Figueiredo, Mário A. T. and Blondel, Mathieu and
                  Niculae, Vlad},
  journal =      {Journal of Machine Learning Research},
  note =         {\url{http://jmlr.org/papers/v23/21-0879.html}},
  number =       257,
  openalex =     {W4290067295},
  pages =        {1--74},
  title =        {Sparse Continuous Distributions and Fenchel-Young
                  Losses},
  volume =       23,
  year =         2022
}

@article{martinuzzi2022reservoircomputing,
  author =       {Martinuzzi, Francesco and Rackauckas, Christopher
                  and Abdelrehim, Anas and Mahecha, Miguel D. and
                  Mora, Karin},
  journal =      {Journal of Machine Learning Research},
  note =         {\url{http://jmlr.org/papers/v23/22-0611.html}},
  number =       288,
  openalex =     {W4224120179},
  pages =        {1--8},
  title =        {ReservoirComputing.jl: An Efficient and Modular
                  Library for Reservoir Computing Models},
  volume =       23,
  year =         2022
}

@article{melis2022constraints,
  author =       {Melis, Gábor and György, András and Blunsom, Phil},
  journal =      {Journal of Machine Learning Research},
  note =         {\url{http://jmlr.org/papers/v23/20-1358.html}},
  number =       75,
  pages =        {1--36},
  title =        {Mutual Information Constraints for Monte-Carlo
                  Objectives to Prevent Posterior Collapse Especially
                  in Language Modelling},
  volume =       23,
  year =         2022
}

@article{mello2022worst,
  author =       {Mello, Lucas Henrique Sousa and Varejão, Flávio
                  Miguel and Rodrigues, Alexandre Loureiros},
  journal =      {Journal of Machine Learning Research},
  note =         {\url{http://jmlr.org/papers/v23/19-918.html}},
  number =       168,
  pages =        {1--30},
  title =        {A Worst Case Analysis of Calibrated Label Ranking
                  Multi-label Classification Method},
  volume =       23,
  year =         2022
}

@article{mentch2022getting,
  author =       {Mentch, Lucas and Zhou, Siyu},
  journal =      {Journal of Machine Learning Research},
  note =         {\url{http://jmlr.org/papers/v23/20-1264.html}},
  number =       224,
  openalex =     {W3009444146},
  pages =        {1--32},
  title =        {Getting Better from Worse: Augmented Bagging and a
                  Cautionary Tale of Variable Importance},
  volume =       23,
  year =         2022
}

@article{mistry2022primer,
  author =       {Mistry, Bhumika and Farrahi, Katayoun and Hare,
                  Jonathon},
  journal =      {Journal of Machine Learning Research},
  note =         {\url{http://jmlr.org/papers/v23/21-0211.html}},
  number =       185,
  openalex =     {W3124445740},
  pages =        {1--58},
  title =        {A Primer for Neural Arithmetic Logic Modules.},
  volume =       23,
  year =         2022
}

@article{mitchell2022sampling,
  author =       {Mitchell, Rory and Cooper, Joshua and Frank, Eibe
                  and Holmes, Geoffrey},
  journal =      {Journal of Machine Learning Research},
  note =         {\url{http://jmlr.org/papers/v23/21-0439.html}},
  number =       43,
  openalex =     {W4287200665},
  pages =        {1--46},
  title =        {Sampling Permutations for Shapley Value Estimation},
  volume =       23,
  year =         2022
}

@article{mitz2022perturbation,
  author =       {Mitz, Roy and Shkolnisky, Yoel},
  journal =      {Journal of Machine Learning Research},
  note =         {\url{http://jmlr.org/papers/v23/20-984.html}},
  number =       142,
  openalex =     {W4287671340},
  pages =        {1--26},
  title =        {A Perturbation-Based Kernel Approximation Framework},
  volume =       23,
  year =         2022
}

@article{molkaraie2022mappings,
  author =       {Molkaraie, Mehdi},
  journal =      {Journal of Machine Learning Research},
  note =         {\url{http://jmlr.org/papers/v23/21-0200.html}},
  number =       245,
  openalex =     {W4290856239},
  pages =        {1--36},
  title =        {Mappings for Marginal Probabilities with
                  Applications to Models in Statistical Physics},
  volume =       23,
  year =         2022
}

@article{mollenhauer2022kernel,
  author =       {Mollenhauer, Mattes and Klus, Stefan and Schütte,
                  Christof and Koltai, Péter},
  journal =      {Journal of Machine Learning Research},
  note =         {\url{\url{http://jmlr.org/papers/v23/20-442.html}}},
  number =       327,
  openalex =     {W3014871713},
  pages =        {1--34},
  title =        {Kernel autocovariance operators of stationary
                  processes: Estimation and convergence},
  volume =       23,
  year =         2022
}

@article{molstad2022insights,
  author =       {Molstad, Aaron J.},
  journal =      {Journal of Machine Learning Research},
  note =         {\url{http://jmlr.org/papers/v23/20-064.html}},
  number =       66,
  openalex =     {W4288110027},
  pages =        {1--52},
  title =        {New insights for the multivariate square-root lasso},
  volume =       23,
  year =         2022
}

@article{mondal2022approximation,
  author =       {Mondal, Washim Uddin and Agarwal, Mridul and
                  Aggarwal, Vaneet and Ukkusuri, Satish V.},
  journal =      {Journal of Machine Learning Research},
  note =         {\url{http://jmlr.org/papers/v23/21-1312.html}},
  number =       129,
  openalex =     {W4286982463},
  pages =        {1--46},
  title =        {On the Approximation of Cooperative Heterogeneous
                  Multi-Agent Reinforcement Learning (MARL) using Mean
                  Field Control (MFC)},
  volume =       23,
  year =         2022
}

@article{mou2022efficient,
  author =       {Mou, Wenlong and Flammarion, Nicolas and Wainwright,
                  Martin J. and Bartlett, Peter L.},
  journal =      {Journal of Machine Learning Research},
  note =         {\url{http://jmlr.org/papers/v23/20-527.html}},
  number =       233,
  openalex =     {W2979211138},
  pages =        {1--50},
  title =        {An Efficient Sampling Algorithm for Non-smooth
                  Composite Potentials},
  volume =       23,
  year =         2022
}

@article{mourtada2022improper,
  author =       {Mourtada, Jaouad and Gaïffas, Stéphane},
  journal =      {Journal of Machine Learning Research},
  note =         {\url{http://jmlr.org/papers/v23/20-782.html}},
  number =       31,
  openalex =     {W2996419425},
  pages =        {1--49},
  title =        {An improper estimator with optimal excess risk in
                  misspecified density estimation and logistic
                  regression},
  volume =       23,
  year =         2022
}

@article{muehlebach2022constraints,
  author =       {Muehlebach, Michael and Jordan, Michael I.},
  journal =      {Journal of Machine Learning Research},
  note =         {\url{http://jmlr.org/papers/v23/21-0798.html}},
  number =       256,
  openalex =     {W4287073428},
  pages =        {1--47},
  title =        {On Constraints in First-Order Optimization: A View
                  from Non-Smooth Dynamical Systems},
  volume =       23,
  year =         2022
}

@article{mukherjee2022variational,
  author =       {Mukherjee, Sumit and Sen, Subhabrata},
  journal =      {Journal of Machine Learning Research},
  note =         {\url{http://jmlr.org/papers/v23/21-0696.html}},
  number =       304,
  openalex =     {W3157564439},
  pages =        {1--56},
  title =        {Variational Inference in high-dimensional linear
                  regression},
  volume =       23,
  year =         2022
}

@article{navarro2022inference,
  author =       {Navarro, Madeline and Wang, Yuhao and Marqués,
                  Antonio G. and Uhler, Caroline and Segarra,
                  Santiago},
  journal =      {Journal of Machine Learning Research},
  note =         {\url{http://jmlr.org/papers/v23/20-1375.html}},
  number =       76,
  openalex =     {W3093204380},
  pages =        {1--35},
  title =        {Joint Inference of Multiple Graphs from Matrix
                  Polynomials},
  volume =       23,
  year =         2022
}

@article{necoara2022stochastic,
  author =       {Necoara, Ion and Singh, Nitesh Kumar},
  journal =      {Journal of Machine Learning Research},
  note =         {\url{http://jmlr.org/papers/v23/21-1062.html}},
  number =       265,
  openalex =     {W4224251874},
  pages =        {1--35},
  title =        {Stochastic subgradient for composite convex
                  optimization with functional constraints},
  volume =       23,
  year =         2022
}

@article{nespoli2022multivariate,
  author =       {Nespoli, Lorenzo and Medici, Vasco},
  journal =      {Journal of Machine Learning Research},
  note =         {\url{http://jmlr.org/papers/v23/21-0247.html}},
  number =       246,
  openalex =     {W4293309543},
  pages =        {1--47},
  title =        {Multivariate Boosted Trees and Applications to
                  Forecasting and Control},
  volume =       23,
  year =         2022
}

@article{neufeld2022tree,
  author =       {Neufeld, Anna and Gao, Lucy L. and Witten, Daniela},
  journal =      {Journal of Machine Learning Research},
  note =         {\url{http://jmlr.org/papers/v23/21-0722.html}},
  number =       305,
  openalex =     {W4306884144},
  pages =        {1--43},
  title =        {Tree-Values: selective inference for regression
                  trees},
  volume =       23,
  year =         2022
}

@article{nguyen2022adaptive,
  author =       {Nguyen, Minh-Lien Jeanne and Lacour, Claire and
                  Rivoirard, Vincent},
  journal =      {Journal of Machine Learning Research},
  note =         {\url{http://jmlr.org/papers/v23/21-0582.html}},
  number =       254,
  openalex =     {W2963852768},
  pages =        {1--74},
  title =        {Adaptive greedy algorithm for moderately large
                  dimensions in kernel conditional density estimation},
  volume =       23,
  year =         2022
}

@article{nguyen2022analytically,
  author =       {Nguyen, Luong Ha and Goulet, James A.},
  journal =      {Journal of Machine Learning Research},
  note =         {\url{http://jmlr.org/papers/v23/21-0758.html}},
  number =       50,
  openalex =     {W3183062813},
  pages =        {1--33},
  title =        {Analytically Tractable Hidden-States Inference in
                  Bayesian Neural Networks},
  volume =       23,
  year =         2022
}

@article{ni2022bayesian,
  author =       {Ni, Yang and Stingo, Francesco C. and
                  Baladandayuthapani, Veerabhadran},
  journal =      {Journal of Machine Learning Research},
  note =         {\url{http://jmlr.org/papers/v23/21-0102.html}},
  number =       242,
  openalex =     {W4387392704},
  pages =        {1--29},
  title =        {Bayesian Covariate-Dependent Gaussian Graphical
                  Models with Varying Structure.},
  volume =       23,
  year =         2022
}

@article{nieman2022contraction,
  author =       {Nieman, Dennis and Szabó, Botond and Zanten, Harry
                  van},
  journal =      {Journal of Machine Learning Research},
  note =         {\url{http://jmlr.org/papers/v23/21-1128.html}},
  number =       205,
  openalex =     {W4286965150},
  pages =        {1--26},
  title =        {Contraction rates for sparse variational
                  approximations in Gaussian process regression},
  volume =       23,
  year =         2022
}

@article{nutini2022let,
  author =       {Nutini, Julie and Laradji, Issam and Schmidt, Mark},
  journal =      {Journal of Machine Learning Research},
  note =         {\url{http://jmlr.org/papers/v23/18-045.html}},
  number =       131,
  openalex =     {W4320005686},
  pages =        {1--74},
  title =        {Let's Make Block Coordinate Descent Converge Faster:
                  Faster Greedy Rules, Message-Passing, Active-Set
                  Complexity, and Superlinear Convergence},
  volume =       23,
  year =         2022
}

@article{oconnor2022optimal,
  author =       {O’Connor, Kevin and McGoff, Kevin and Nobel, Andrew
                  B.},
  journal =      {Journal of Machine Learning Research},
  note =         {\url{http://jmlr.org/papers/v23/21-0519.html}},
  number =       45,
  openalex =     {W3034726814},
  pages =        {1--52},
  title =        {Optimal Transport for Stationary Markov Chains via
                  Policy Iteration},
  volume =       23,
  year =         2022
}

@article{olsen2022using,
  author =       {Olsen, Lars H. B. and Glad, Ingrid K. and Jullum,
                  Martin and Aas, Kjersti},
  journal =      {Journal of Machine Learning Research},
  note =         {\url{http://jmlr.org/papers/v23/21-1413.html}},
  number =       213,
  pages =        {1--51},
  title =        {Using Shapley Values and Variational Autoencoders to
                  Explain Predictive Models with Dependent Mixed
                  Features},
  volume =       23,
  year =         2022
}

@article{olshevsky2022independence,
  author =       {Olshevsky, Alex},
  journal =      {Journal of Machine Learning Research},
  note =         {\url{http://jmlr.org/papers/v23/20-1027.html}},
  number =       69,
  openalex =     {W4297808422},
  pages =        {1--32},
  title =        {Asymptotic Network Independence and Step-Size for A
                  Distributed Subgradient Method},
  volume =       23,
  year =         2022
}

@article{ong2022integral,
  author =       {Ong, Yong Zheng and Shen, Zuowei and Yang, Haizhao},
  journal =      {Journal of Machine Learning Research},
  note =         {\url{http://jmlr.org/papers/v23/22-0297.html}},
  number =       286,
  openalex =     {W4221151162},
  pages =        {1--45},
  title =        {IAE-Net: Integral Autoencoders for
                  Discretization-Invariant Learning},
  volume =       23,
  year =         2022
}

@article{pacchiardi2022score,
  author =       {Pacchiardi, Lorenzo and Dutta, Ritabrata},
  journal =      {Journal of Machine Learning Research},
  note =         {\url{http://jmlr.org/papers/v23/21-0061.html}},
  number =       38,
  openalex =     {W4287550402},
  pages =        {1--71},
  title =        {Score Matched Neural Exponential Families for
                  Likelihood-Free Inference},
  volume =       23,
  year =         2022
}

@article{painsky2022convergence,
  author =       {Painsky, Amichai},
  journal =      {Journal of Machine Learning Research},
  note =         {\url{http://jmlr.org/papers/v23/21-1528.html}},
  number =       279,
  pages =        {1--37},
  title =        {Convergence Guarantees for the Good-Turing
                  Estimator},
  volume =       23,
  year =         2022
}

@article{pan2022fast,
  author =       {Pan, Yuangang and Chen, Weijie and Niu, Gang and
                  Tsang, Ivor W. and Sugiyama, Masashi},
  journal =      {Journal of Machine Learning Research},
  note =         {\url{http://jmlr.org/papers/v23/20-315.html}},
  number =       23,
  openalex =     {W4288346334},
  pages =        {1--35},
  title =        {Fast and Robust Rank Aggregation against Model
                  Misspecification},
  volume =       23,
  year =         2022
}

@article{pantazis2022importance,
  author =       {Pantazis, Konstantinos and Athreya, Avanti and
                  Arroyo, Jesús and Frost, William N. and Hill, Evan
                  S. and Lyzinski, Vince},
  journal =      {Journal of Machine Learning Research},
  note =         {\url{http://jmlr.org/papers/v23/20-944.html}},
  number =       141,
  openalex =     {W3046824338},
  pages =        {1--77},
  title =        {The Importance of Being Correlated: Implications of
                  Dependence in Joint Spectral Inference across
                  Multiple Networks},
  volume =       23,
  year =         2022
}

@article{paren2022stochastic,
  author =       {Paren, Alasdair and Berrada, Leonard and Poudel,
                  Rudra P. K. and Kumar, M. Pawan},
  journal =      {Journal of Machine Learning Research},
  note =         {\url{http://jmlr.org/papers/v23/20-1248.html}},
  number =       15,
  pages =        {1--57},
  title =        {A Stochastic Bundle Method for Interpolation},
  volume =       23,
  year =         2022
}

@article{parikh2022malts,
  author =       {Parikh, Harsh and Rudin, Cynthia and Volfovsky,
                  Alexander},
  journal =      {Journal of Machine Learning Research},
  note =         {\url{http://jmlr.org/papers/v23/21-0053.html}},
  number =       240,
  openalex =     {W4289285426},
  pages =        {1--42},
  title =        {MALTS: Matching After Learning to Stretch},
  volume =       23,
  year =         2022
}

@article{park2022jump,
  author =       {Park, Chiwoo},
  journal =      {Journal of Machine Learning Research},
  note =         {\url{http://jmlr.org/papers/v23/21-1472.html}},
  number =       278,
  pages =        {1--37},
  title =        {Jump Gaussian Process Model for Estimating Piecewise
                  Continuous Regression Functions},
  volume =       23,
  year =         2022
}

@article{patane2022adversarial,
  author =       {Patanè, Andrea and Blaas, Arno and Laurenti, Luca
                  and Cardelli, Luca and Roberts, Stephen and
                  Kwiatkowska, Marta},
  journal =      {Journal of Machine Learning Research},
  note =         {\url{http://jmlr.org/papers/v23/21-0382.html}},
  number =       146,
  openalex =     {W3141305436},
  pages =        {1--55},
  title =        {Adversarial Robustness Guarantees for Gaussian
                  Processes},
  volume =       23,
  year =         2022
}

@article{patterson2022generalized,
  author =       {Patterson, Andrew D. and White, Adam and White,
                  Martha},
  journal =      {Journal of Machine Learning Research},
  note =         {\url{http://jmlr.org/papers/v23/21-037.html}},
  number =       145,
  openalex =     {W4287197771},
  pages =        {1--61},
  title =        {A Generalized Projected Bellman Error for Off-policy
                  Value Estimation in Reinforcement Learning},
  volume =       23,
  year =         2022
}

@article{pearce2022unified,
  author =       {Pearce, Michael and Erosheva, Elena A.},
  journal =      {Journal of Machine Learning Research},
  note =         {\url{http://jmlr.org/papers/v23/21-1262.html}},
  number =       210,
  openalex =     {W4221141721},
  pages =        {1--33},
  title =        {A Unified Statistical Learning Model for Rankings
                  and Scores with Application to Grant Panel Review},
  volume =       23,
  year =         2022
}

@article{pegoraro2022projected,
  author =       {Pegoraro, M. and Beraha, Mario},
  journal =      {Journal of Machine Learning Research},
  note =         {\url{http://jmlr.org/papers/v23/21-0059.html}},
  number =       37,
  openalex =     {W4287371945},
  pages =        {1--59},
  title =        {Projected Statistical Methods for Distributional
                  Data on the Real Line with the Wasserstein Metric},
  volume =       23,
  year =         2022
}

@article{peng2022xai,
  author =       {Peng, Xi and Li, Yunnan and Tsang, Ivor W. and Zhu,
                  Hongyuan and Lv, Jiancheng and Zhou, Joey Tianyi},
  journal =      {Journal of Machine Learning Research},
  note =         {\url{http://jmlr.org/papers/v23/19-497.html}},
  number =       6,
  openalex =     {W4289674194},
  pages =        {1--28},
  title =        {XAI Beyond Classification: Interpretable Neural
                  Clustering},
  volume =       23,
  year =         2022
}

@article{peruzzi2022spatial,
  author =       {Peruzzi, Michele and Dunson, David B.},
  journal =      {Journal of Machine Learning Research},
  note =         {\url{http://jmlr.org/papers/v23/20-1361.html}},
  number =       17,
  openalex =     {W3106796460},
  pages =        {1--40},
  title =        {Spatial Multivariate Trees for Big Data Bayesian
                  Regression},
  volume =       23,
  year =         2022
}

@article{pestov2022universally,
  author =       {Pestov, Vladimir},
  journal =      {Journal of Machine Learning Research},
  note =         {\url{http://jmlr.org/papers/v23/21-1043.html}},
  number =       157,
  openalex =     {W4287022218},
  pages =        {1--27},
  title =        {A universally consistent learning rule with a
                  universally monotone error},
  volume =       23,
  year =         2022
}

@article{puchkin2022structure,
  author =       {Puchkin, Nikita and Spokoiny, Vladimir},
  journal =      {Journal of Machine Learning Research},
  note =         {\url{http://jmlr.org/papers/v23/21-0338.html}},
  number =       40,
  pages =        {1--62},
  title =        {Structure-Adaptive Manifold Estimation},
  volume =       23,
  year =         2022
}

@article{puthawala2022networks,
  author =       {Puthawala, Michael and Kothari, Konik and Lassas,
                  Matti and Dokmanić, Ivan and Hoop, Maarten V. de},
  journal =      {Journal of Machine Learning Research},
  note =         {\url{http://jmlr.org/papers/v23/21-0282.html}},
  number =       105,
  openalex =     {W3034391323},
  pages =        {1--55},
  title =        {Globally Injective ReLU Networks},
  volume =       23,
  year =         2022
}

@article{rabinowicz2022tree,
  author =       {Rabinowicz, Assaf and Rosset, Saharon},
  journal =      {Journal of Machine Learning Research},
  note =         {\url{http://jmlr.org/papers/v23/21-0885.html}},
  number =       258,
  openalex =     {W3133342138},
  pages =        {1--31},
  title =        {Trees-Based Models for Correlated Data},
  volume =       23,
  year =         2022
}

@article{rastogi2022two,
  author =       {Rastogi, Charvi and Balakrishnan, Sivaraman and
                  Shah, Nihar B. and Singh, Aarti},
  journal =      {Journal of Machine Learning Research},
  note =         {\url{http://jmlr.org/papers/v23/20-1304.html}},
  number =       225,
  openalex =     {W3036468330},
  pages =        {1--48},
  title =        {Two-Sample Testing on Ranked Preference Data and the
                  Role of Modeling Assumptions},
  volume =       23,
  year =         2022
}

@article{raymaekers2022regularized,
  author =       {Raymaekers, Jakob and Zamar, Ruben H.},
  journal =      {Journal of Machine Learning Research},
  note =         {\url{http://jmlr.org/papers/v23/21-0052.html}},
  number =       93,
  openalex =     {W4287647074},
  pages =        {1--48},
  title =        {Regularized K-means through hard-thresholding},
  volume =       23,
  year =         2022
}

@article{rimella2022exploiting,
  author =       {Rimella, Lorenzo and Whiteley, Nick},
  journal =      {Journal of Machine Learning Research},
  note =         {\url{http://jmlr.org/papers/v23/19-267.html}},
  number =       4,
  openalex =     {W4288601451},
  pages =        {1--34},
  title =        {Exploiting locality in high-dimensional factorial
                  hidden Markov models},
  volume =       23,
  year =         2022
}

@article{rizoiu2022interval,
  author =       {Rizoiu, Marian-Andrei and Soen, Alexander and Li,
                  Shidi and Dong, Leanne and Menon, Aditya Krishna and
                  Xie, Lexing},
  journal =      {Journal of Machine Learning Research},
  note =         {\url{\url{http://jmlr.org/papers/v23/21-0917.html}}},
  number =       338,
  openalex =     {W3156336758},
  pages =        {1--84},
  title =        {Interval-censored Hawkes processes},
  volume =       23,
  year =         2022
}

@article{roquero2022causal,
  author =       {Gimenez, Jaime Roquero and Rothenhäusler, Dominik},
  journal =      {Journal of Machine Learning Research},
  note =         {\url{\url{http://jmlr.org/papers/v23/21-0656.html}}},
  number =       335,
  openalex =     {W3170321410},
  pages =        {1--60},
  title =        {Causal aggregation: estimation and inference of
                  causal effects by constraint-based data fusion},
  volume =       23,
  year =         2022
}

@article{roy2022on,
  author =       {Roy, Sarbojit and Sarkar, Soham and Dutta, Subhajit
                  and Ghosh, Anil K.},
  journal =      {Journal of Machine Learning Research},
  note =         {\url{http://jmlr.org/papers/v23/20-1219.html}},
  number =       14,
  openalex =     {W4288596242},
  pages =        {1--41},
  title =        {On Generalizations of Some Distance Based
                  Classifiers for HDLSS Data},
  volume =       23,
  year =         2022
}

@article{roy2022stochastic,
  author =       {Roy, Abhishek and Balasubramanian, Krishnakumar and
                  Ghadimi, Saeed and Mohapatra, Prasant},
  journal =      {Journal of Machine Learning Research},
  note =         {\url{http://jmlr.org/papers/v23/19-750.html}},
  number =       64,
  pages =        {1--47},
  title =        {Stochastic Zeroth-Order Optimization under
                  Nonstationarity and Nonconvexity},
  volume =       23,
  year =         2022
}

@article{sadeghi2022constraints,
  author =       {Sadeghi, Kayvan and Soo, Terry},
  journal =      {Journal of Machine Learning Research},
  note =         {\url{http://jmlr.org/papers/v23/21-0425.html}},
  number =       109,
  openalex =     {W4287255787},
  pages =        {1--34},
  title =        {Conditions and Assumptions for Constraint-based
                  Causal Structure Learning},
  volume =       23,
  year =         2022
}

@article{santhanam2022data,
  author =       {Santhanam, Narayana and Anantharam, Venkatachalam
                  and Szpankowski, Wojciech},
  journal =      {Journal of Machine Learning Research},
  note =         {\url{http://jmlr.org/papers/v23/20-644.html}},
  number =       27,
  pages =        {1--55},
  title =        {Data-Derived Weak Universal Consistency},
  volume =       23,
  year =         2022
}

@article{sanzalons2022unlabeled,
  author =       {Sanz-Alonso, Daniel and Yang, Ruiyi},
  journal =      {Journal of Machine Learning Research},
  note =         {\url{http://jmlr.org/papers/v23/21-0084.html}},
  number =       97,
  openalex =     {W3124357085},
  pages =        {1--28},
  title =        {Unlabeled Data Help in Graph-Based Semi-Supervised
                  Learning: A Bayesian Nonparametrics Perspective},
  volume =       23,
  year =         2022
}

@article{sasaki2022representation,
  author =       {Sasaki, Hiroaki and Takenouchi, Takashi},
  journal =      {Journal of Machine Learning Research},
  note =         {\url{http://jmlr.org/papers/v23/20-1469.html}},
  number =       231,
  openalex =     {W4290802674},
  pages =        {1--55},
  title =        {Representation learning for maximization of MI,
                  nonlinear ICA and nonlinear subspaces with robust
                  density ratio estimation},
  volume =       23,
  year =         2022
}

@article{sattar2022non,
  author =       {Sattar, Yahya and Oymak, Samet},
  journal =      {Journal of Machine Learning Research},
  note =         {\url{http://jmlr.org/papers/v23/20-617.html}},
  number =       140,
  openalex =     {W3007678396},
  pages =        {1--49},
  title =        {Non-asymptotic and Accurate Learning of Nonlinear
                  Dynamical Systems.},
  volume =       23,
  year =         2022
}

@article{savit2022bayesian,
  author =       {Savitsky, Terrance D. and Williams, Matthew R. and
                  Hu, Jingchen},
  journal =      {Journal of Machine Learning Research},
  note =         {\url{http://jmlr.org/papers/v23/21-0936.html}},
  number =       55,
  openalex =     {W3162416074},
  pages =        {1--37},
  title =        {Bayesian Pseudo Posterior Mechanism under Asymptotic
                  Differential Privacy},
  volume =       23,
  year =         2022
}

@article{scheidegger2022weighted,
  author =       {Scheidegger, Cyrill and Hörrmann, Julia and
                  Bühlmann, Peter},
  journal =      {Journal of Machine Learning Research},
  note =         {\url{http://jmlr.org/papers/v23/21-1328.html}},
  number =       273,
  openalex =     {W4307652778},
  pages =        {1--68},
  title =        {The Weighted Generalised Covariance Measure},
  volume =       23,
  year =         2022
}

@article{schneider2022geometry,
  author =       {Schneider, Ulrike and Tardivel, Patrick},
  journal =      {Journal of Machine Learning Research},
  note =         {\url{\url{http://jmlr.org/papers/v23/21-0420.html}}},
  number =       331,
  openalex =     {W3065880881},
  pages =        {1--36},
  title =        {The Geometry of Uniqueness, Sparsity and Clustering
                  in Penalized Estimation},
  volume =       23,
  year =         2022
}

@article{seno2022d3rlpy,
  author =       {Seno, Takuma and Imai, Michita},
  journal =      {Journal of Machine Learning Research},
  note =         {\url{http://jmlr.org/papers/v23/22-0017.html}},
  number =       315,
  openalex =     {W3211444363},
  pages =        {1--20},
  title =        {d3rlpy: An Offline Deep Reinforcement Learning
                  Library},
  volume =       23,
  year =         2022
}

@article{sharma2022scaling,
  author =       {Sharma, Utkarsh and Kaplan, Jared},
  journal =      {Journal of Machine Learning Research},
  note =         {\url{http://jmlr.org/papers/v23/20-1111.html}},
  number =       9,
  openalex =     {W3019142305},
  pages =        {1--34},
  title =        {A Neural Scaling Law from the Dimension of the Data
                  Manifold},
  volume =       23,
  year =         2022
}

@article{shen2022learning,
  author =       {Shen, Chao and Lin, Yu-Ting and Wu, Hau‐Tieng},
  journal =      {Journal of Machine Learning Research},
  note =         {\url{http://jmlr.org/papers/v23/20-786.html}},
  number =       86,
  openalex =     {W3029471037},
  pages =        {1--30},
  title =        {Robust and scalable manifold learning via landmark
                  diffusion for long-term medical signal processing},
  volume =       23,
  year =         2022
}

@article{shen2022smooth,
  author =       {Shen, Bo and Xie, Weijun and Kong, Zhenyu (James)},
  journal =      {Journal of Machine Learning Research},
  note =         {\url{http://jmlr.org/papers/v23/22-0369.html}},
  number =       217,
  pages =        {1--40},
  title =        {Smooth Robust Tensor Completion for
                  Background/Foreground Separation with Missing
                  Pixels: Novel Algorithm with Convergence Guarantee},
  volume =       23,
  year =         2022
}

@article{shen2022weakly,
  author =       {Shen, Xinwei and Liu, Furui and Dong, Hanze and
                  Lian, Qing and Chen, Zhitang and Zhang, Tong},
  journal =      {Journal of Machine Learning Research},
  note =         {\url{http://jmlr.org/papers/v23/21-0080.html}},
  number =       241,
  openalex =     {W4293117528},
  pages =        {1--55},
  title =        {Weakly Supervised Disentangled Generative Causal
                  Representation Learning},
  volume =       23,
  year =         2022
}

@article{sheriff2022novel,
  author =       {Sheriff, Mohammed Rayyan and Chatterjee, Debasish},
  journal =      {Journal of Machine Learning Research},
  note =         {\url{http://jmlr.org/papers/v23/20-707.html}},
  number =       28,
  openalex =     {W3039149887},
  pages =        {1--46},
  title =        {Novel min-max reformulations of Linear Inverse
                  Problems.},
  volume =       23,
  year =         2022
}

@article{sherwood2022additive,
  author =       {Sherwood, Ben and Maidman, Adam},
  journal =      {Journal of Machine Learning Research},
  note =         {\url{http://jmlr.org/papers/v23/19-697.html}},
  number =       63,
  pages =        {1--47},
  title =        {Additive Nonlinear Quantile Regression in Ultra-High
                  Dimension},
  volume =       23,
  year =         2022
}

@article{shevchenko2022mean,
  author =       {Shevchenko, Alexander P. and Kungurtsev, Vyacheslav
                  and Mondelli, Marco},
  journal =      {Journal of Machine Learning Research},
  note =         {\url{http://jmlr.org/papers/v23/21-1365.html}},
  number =       130,
  openalex =     {W4226377742},
  pages =        {1--55},
  title =        {Mean-field Analysis of Piecewise Linear Solutions
                  for Wide ReLU Networks},
  volume =       23,
  year =         2022
}

@article{shreekumar2022estimation,
  author =       {Sreekumar, Sreejith and Goldfeld, Ziv},
  journal =      {Journal of Machine Learning Research},
  note =         {\url{http://jmlr.org/papers/v23/21-1212.html}},
  number =       126,
  openalex =     {W4286908367},
  pages =        {1--75},
  title =        {Neural Estimation of Statistical Divergences},
  volume =       23,
  year =         2022
}

@article{shu2022d,
  author =       {Shu, Hai and Qu, Zhe and Zhu, Hongtu},
  journal =      {Journal of Machine Learning Research},
  note =         {\url{http://jmlr.org/papers/v23/20-021.html}},
  number =       169,
  openalex =     {W4287905758},
  pages =        {1--64},
  title =        {D-GCCA: Decomposition-based Generalized Canonical
                  Correlation Analysis for Multi-view High-dimensional
                  Data},
  volume =       23,
  year =         2022
}

@article{shustin2022gauss,
  author =       {Shustin, Paz Fink and Avron, Haim},
  journal =      {Journal of Machine Learning Research},
  note =         {\url{http://jmlr.org/papers/v23/21-0030.html}},
  number =       92,
  openalex =     {W3120502728},
  pages =        {1--47},
  title =        {Gauss-Legendre Features for Gaussian Process
                  Regression},
  volume =       23,
  year =         2022
}

@article{sidrane2022algorithm,
  author =       {Sidrane, Chelsea and Maleki, Amir and Irfan, Ahmed
                  and Kochenderfer, Mykel J.},
  journal =      {Journal of Machine Learning Research},
  note =         {\url{http://jmlr.org/papers/v23/21-0847.html}},
  number =       117,
  openalex =     {W4313679833},
  pages =        {1--45},
  title =        {OVERT: An Algorithm for Safety Verification of
                  Neural Network Control Policies for Nonlinear
                  Systems},
  volume =       23,
  year =         2022
}

@article{sigrist2022gaussian,
  author =       {Sigrist, Fabio},
  journal =      {Journal of Machine Learning Research},
  note =         {\url{http://jmlr.org/papers/v23/20-322.html}},
  number =       232,
  openalex =     {W4293049961},
  pages =        {1--46},
  title =        {Gaussian Process Boosting},
  volume =       23,
  year =         2022
}

@article{silverman2022bayesian,
  author =       {Silverman, Justin D. and Roche, Kimberly and Holmes,
                  Zachary C. and David, Lawrence A. and Mukherjee,
                  Sayan},
  journal =      {Journal of Machine Learning Research},
  note =         {\url{http://jmlr.org/papers/v23/19-882.html}},
  number =       7,
  openalex =     {W2923959281},
  pages =        {1--42},
  title =        {Bayesian Multinomial Logistic Normal Models through
                  Marginally Latent Matrix-T Processes},
  volume =       23,
  year =         2022
}

@article{sonthalia2022project,
  author =       {Gilbert, Anna C. and Sonthalia, Rishi},
  journal =      {Journal of Machine Learning Research},
  note =         {\url{\url{http://jmlr.org/papers/v23/20-1424.html}}},
  number =       326,
  openalex =     {W3006154861},
  pages =        {1--54},
  title =        {Project and Forget: Solving Large Scale Metric
                  Constrained Problems},
  volume =       23,
  year =         2022
}

@article{sterge2022statistical,
  author =       {Sterge, Nicholas and Sriperumbudur, Bharath K.},
  journal =      {Journal of Machine Learning Research},
  note =         {\url{\url{http://jmlr.org/papers/v23/21-0766.html}}},
  number =       337,
  pages =        {1--32},
  title =        {Statistical Optimality and Computational Efficiency
                  of Nystrom Kernel PCA},
  volume =       23,
  year =         2022
}

@article{subramanian2022approximate,
  author =       {Subramanian, Jayakumar and Sinha, Amit and Seraj,
                  Raihan and Mahajan, Aditya},
  journal =      {Journal of Machine Learning Research},
  note =         {\url{http://jmlr.org/papers/v23/20-1165.html}},
  number =       12,
  pages =        {1--83},
  title =        {Approximate Information State for Approximate
                  Planning and Reinforcement Learning in Partially
                  Observed Systems},
  volume =       23,
  year =         2022
}

@article{sulam2022recovery,
  author =       {Sulam, Jeremias and You, Chong and Zhu, Zhihui},
  journal =      {Journal of Machine Learning Research},
  note =         {\url{http://jmlr.org/papers/v23/20-1360.html}},
  number =       135,
  openalex =     {W3034635087},
  pages =        {1--23},
  title =        {Recovery and Generalization in Over-Realized
                  Dictionary Learning},
  volume =       23,
  year =         2022
}

@article{sun2022nystrom,
  author =       {Sun, Zirui and Dai, Mingwei and Wang, Yao and Lin,
                  Shao-Bo},
  journal =      {Journal of Machine Learning Research},
  note =         {\url{http://jmlr.org/papers/v23/21-1341.html}},
  number =       312,
  pages =        {1--42},
  title =        {Nystrom Regularization for Time Series Forecasting},
  volume =       23,
  year =         2022
}

@article{sun2022selective,
  author =       {Sun, Baoluo and Cui, Yifan and Tchetgen, Eric
                  Tchetgen},
  journal =      {Journal of Machine Learning Research},
  note =         {\url{http://jmlr.org/papers/v23/21-1120.html}},
  number =       204,
  openalex =     {W2998910531},
  pages =        {1--40},
  title =        {Selective Machine Learning of the Average Treatment
                  Effect with an Invalid Instrumental Variable},
  volume =       23,
  year =         2022
}

@article{swenson2022distributed,
  author =       {Swenson, Brian R. and Murray, Ryan and Poor,
                  H. Vincent and Kar, Soummya},
  journal =      {Journal of Machine Learning Research},
  note =         {\url{\url{http://jmlr.org/papers/v23/20-899.html}}},
  number =       328,
  openalex =     {W4287828901},
  pages =        {1--62},
  title =        {Distributed Stochastic Gradient Descent:
                  Nonconvexity, Nonsmoothness, and Convergence to
                  Local Minima},
  volume =       23,
  year =         2022
}

@article{tan2022communication,
  author =       {Tan, Kean Ming and Battey, Heather and Zhou,
                  Wen‐Xin},
  journal =      {Journal of Machine Learning Research},
  note =         {\url{http://jmlr.org/papers/v23/21-1269.html}},
  number =       272,
  openalex =     {W4293040877},
  pages =        {1--61},
  title =        {Communication-Constrained Distributed Quantile
                  Regression with Optimal Statistical Guarantees},
  volume =       23,
  year =         2022
}

@article{tang2022soden,
  author =       {Tang, Weijing and Ma, Jiaqi and Mei, Qiaozhu and
                  Zhu, Ji},
  journal =      {Journal of Machine Learning Research},
  note =         {\url{http://jmlr.org/papers/v23/20-900.html}},
  number =       34,
  openalex =     {W3072970199},
  pages =        {1--29},
  title =        {SODEN: A Scalable Continuous-Time Survival Model
                  through Ordinary Differential Equation Networks},
  volume =       23,
  year =         2022
}

@article{tirumala2022behavior,
  author =       {Tirumala, Dhruva and Galashov, Alexandre and Noh,
                  Hyeonwoo and Hasenclever, Leonard and Pascanu,
                  Razvan and Schwarz, Jonathan and Desjardins,
                  Guillaume and Czarnecki, Wojciech Marian and Ahuja,
                  Arun and Teh, Yee Whye and Heess, Nicolas},
  journal =      {Journal of Machine Learning Research},
  note =         {\url{http://jmlr.org/papers/v23/20-1038.html}},
  number =       221,
  openalex =     {W4287630848},
  pages =        {1--68},
  title =        {Behavior Priors for Efficient Reinforcement
                  Learning},
  volume =       23,
  year =         2022
}

@article{tong2022scaling,
  author =       {Tong, Tian and Ma, Cong and Prater-Bennette, Ashley
                  and Tripp, Erin E. and Chi, Yuejie},
  journal =      {Journal of Machine Learning Research},
  note =         {\url{http://jmlr.org/papers/v23/21-1390.html}},
  number =       163,
  openalex =     {W3157992902},
  pages =        {1--77},
  title =        {Scaling and Scalability: Provable Nonconvex Low-Rank
                  Tensor Estimation from Incomplete Measurements},
  volume =       23,
  year =         2022
}

@article{tran2022cauchy,
  author =       {Tran, Linh and Pantić, Maja and Deisenroth, Marc
                  Peter},
  journal =      {Journal of Machine Learning Research},
  note =         {\url{http://jmlr.org/papers/v23/21-0681.html}},
  number =       115,
  openalex =     {W3118509855},
  pages =        {1--37},
  title =        {Cauchy-Schwarz Regularized Autoencoder.},
  volume =       23,
  year =         2022
}

@article{tran2022prior,
  author =       {Tran, Ba-Hien and Rossi, Simone and Milios,
                  Dimitrios and Filippone, Maurizio},
  journal =      {Journal of Machine Learning Research},
  note =         {\url{http://jmlr.org/papers/v23/20-1340.html}},
  number =       74,
  openalex =     {W3106868169},
  pages =        {1--56},
  title =        {All You Need is a Good Functional Prior for Bayesian
                  Deep Learning},
  volume =       23,
  year =         2022
}

@article{tsai2022nonconvex,
  author =       {Tsai, Katherine and Kolar, Mladen and Koyejo,
                  Oluwasanmi},
  journal =      {Journal of Machine Learning Research},
  note =         {\url{http://jmlr.org/papers/v23/21-0795.html}},
  number =       200,
  openalex =     {W3100835144},
  pages =        {1--91},
  title =        {A Nonconvex Framework for Structured Dynamic
                  Covariance Recovery},
  volume =       23,
  year =         2022
}

@article{turrisi2022solo,
  author =       {Costa, Victor G. Turrisi da and Fini, Enrico and
                  Nabi, Moin and Sebe, Nicu and Ricci, Elisa},
  journal =      {Journal of Machine Learning Research},
  note =         {\url{http://jmlr.org/papers/v23/21-1155.html}},
  number =       56,
  openalex =     {W4287028988},
  pages =        {1--6},
  title =        {Solo-learn: A Library of Self-supervised Methods for
                  Visual Representation Learning},
  volume =       23,
  year =         2022
}

@article{usvyatsov2022tntorch,
  author =       {Usvyatsov, Mikhail and Ballester‐Ripoll, Rafael and
                  Schindler, Konrad},
  journal =      {Journal of Machine Learning Research},
  note =         {\url{http://jmlr.org/papers/v23/21-1197.html}},
  number =       208,
  openalex =     {W4283362361},
  pages =        {1--6},
  title =        {tntorch: Tensor Network Learning with PyTorch},
  volume =       23,
  year =         2022
}

@article{velazquez2022closer,
  author =       {Velazquez, Diego and Rodriguez, Pau and Gonfaus,
                  Josep M. and Roca, F. Xavier and Gonzalez, Jordi},
  journal =      {Journal of Machine Learning Research},
  note =         {\url{http://jmlr.org/papers/v23/21-0468.html}},
  number =       252,
  pages =        {1--27},
  title =        {A Closer Look at Embedding Propagation for Manifold
                  Smoothing},
  volume =       23,
  year =         2022
}

@article{venturi2022separation,
  author =       {Venturi, Luca and Jelassi, Samy and Ozuch, Tristan
                  and Bruna, Joan},
  journal =      {Journal of Machine Learning Research},
  note =         {\url{http://jmlr.org/papers/v23/21-1109.html}},
  number =       122,
  openalex =     {W3128877964},
  pages =        {1--56},
  title =        {Depth separation beyond radial functions},
  volume =       23,
  year =         2022
}

@article{vono2022efficient,
  author =       {Vono, Maxime and Paulin, Daniel and Doucet, Arnaud},
  journal =      {Journal of Machine Learning Research},
  note =         {\url{http://jmlr.org/papers/v23/20-357.html}},
  number =       25,
  openalex =     {W2947737409},
  pages =        {1--69},
  title =        {Efficient MCMC Sampling with Dimension-Free
                  Convergence Rate using ADMM-type Splitting.},
  volume =       23,
  year =         2022
}

@article{wagstaff2022universal,
  author =       {Wagstaff, Edward and Fuchs, Fabian B. and Engelcke,
                  Martin and Osborne, Michael A. and Posner, Ingmar},
  journal =      {Journal of Machine Learning Research},
  note =         {\url{http://jmlr.org/papers/v23/21-0730.html}},
  number =       151,
  openalex =     {W4287100481},
  pages =        {1--56},
  title =        {Universal Approximation of Functions on Sets},
  volume =       23,
  year =         2022
}

@article{wan2022projection,
  author =       {Wan, Yuanyu and Wang, Guanghui and Tu, Wei-Wei and
                  Zhang, Lijun},
  journal =      {Journal of Machine Learning Research},
  note =         {\url{http://jmlr.org/papers/v23/20-1239.html}},
  number =       172,
  openalex =     {W4287262705},
  pages =        {1--53},
  title =        {Projection-free Distributed Online Learning with
                  Sublinear Communication Complexity},
  volume =       23,
  year =         2022
}

@article{wang2022approximate,
  author =       {Wang, Yuexi and Kaji, Tetsuya and Ročková, Veronika},
  journal =      {Journal of Machine Learning Research},
  note =         {\url{\url{http://jmlr.org/papers/v23/22-0383.html}}},
  number =       350,
  openalex =     {W3215861525},
  pages =        {1--49},
  title =        {Approximate Bayesian Computation via Classification},
  volume =       23,
  year =         2022
}

@article{wang2022functional,
  author =       {Wang, Daren and Zhao, Zifeng and Yu, Yi and Willett,
                  Rebecca},
  journal =      {Journal of Machine Learning Research},
  note =         {\url{http://jmlr.org/papers/v23/21-1091.html}},
  number =       266,
  openalex =     {W3108999507},
  pages =        {1--94},
  title =        {Functional Linear Regression with Mixed Predictors},
  volume =       23,
  year =         2022
}

@article{wang2022gaussian,
  author =       {Wang, Wenjia and Jing, Bing‐Yi},
  journal =      {Journal of Machine Learning Research},
  note =         {\url{http://jmlr.org/papers/v23/21-0570.html}},
  number =       193,
  openalex =     {W3153858067},
  pages =        {1--67},
  title =        {Convergence of Gaussian process regression:
                  Optimality, robustness, and relationship with kernel
                  ridge regression},
  volume =       23,
  year =         2022
}

@article{wang2022innovations,
  author =       {Wang, Xinyi and Tong, Lang},
  journal =      {Journal of Machine Learning Research},
  note =         {\url{http://jmlr.org/papers/v23/21-0735.html}},
  number =       49,
  openalex =     {W3182490934},
  pages =        {1--27},
  title =        {Innovations Autoencoder and its Application in
                  One-class Anomalous Sequence Detection},
  volume =       23,
  year =         2022
}

@article{wang2022maximum,
  author =       {Wang, HaiYing and Kim, Jae Kwang},
  journal =      {Journal of Machine Learning Research},
  note =         {\url{\url{http://jmlr.org/papers/v23/21-0506.html}}},
  number =       332,
  openalex =     {W3106361511},
  pages =        {1--50},
  title =        {Maximum sampled conditional likelihood for
                  informative subsampling},
  volume =       23,
  year =         2022
}

@article{wang2022methods,
  author =       {Wang, Bokun and Ma, Shiqian and Xue, Lingzhou},
  journal =      {Journal of Machine Learning Research},
  note =         {\url{http://jmlr.org/papers/v23/21-0314.html}},
  number =       106,
  openalex =     {W3023902066},
  pages =        {1--33},
  title =        {Riemannian Stochastic Proximal Gradient Methods for
                  Nonsmooth Optimization over the Stiefel Manifold},
  volume =       23,
  year =         2022
}

@article{wang2022two,
  author =       {Wang, Qiuping and Yan, Ting and Jiang, Binyan and
                  Leng, Chenlei},
  journal =      {Journal of Machine Learning Research},
  note =         {\url{http://jmlr.org/papers/v23/20-1255.html}},
  number =       292,
  pages =        {1--38},
  title =        {Two-mode Networks: Inference with as Many Parameters
                  as Actors and Differential Privacy},
  volume =       23,
  year =         2022
}

@article{wei2022tfpn,
  author =       {Wei, Kaixuan and Avilés-Rivero, Angelica I. and
                  Liang, Jingwei and Fu, Ying and Huang, Hua and
                  Schönlieb, Carola‐Bibiane},
  journal =      {Journal of Machine Learning Research},
  note =         {\url{http://jmlr.org/papers/v23/20-1297.html}},
  number =       16,
  openalex =     {W3111136899},
  pages =        {1--48},
  title =        {TFPnP: Tuning-free Plug-and-Play Proximal Algorithm
                  with Applications to Inverse Imaging Problems},
  volume =       23,
  year =         2022
}

@article{weinberger2022algorithm,
  author =       {Weinberger, Nir and Bresler, Guy},
  journal =      {Journal of Machine Learning Research},
  note =         {\url{http://jmlr.org/papers/v23/21-0186.html}},
  number =       103,
  openalex =     {W3148589645},
  pages =        {1--79},
  title =        {The EM Algorithm is Adaptively-Optimal for
                  Unbalanced Symmetric Gaussian Mixtures},
  volume =       23,
  year =         2022
}

@article{weng2022tianshou,
  author =       {Weng, Jiayi and Chen, Huayu and Yan, Dong and You,
                  Kaichao and Duburcq, Alexis and Zhang, Minghao and
                  Su, Hang and Zhu, Jun},
  journal =      {Journal of Machine Learning Research},
  note =         {\url{http://jmlr.org/papers/v23/21-1127.html}},
  number =       267,
  openalex =     {W3183892796},
  pages =        {1--6},
  title =        {Tianshou: a Highly Modularized Deep Reinforcement
                  Learning Library},
  volume =       23,
  year =         2022
}

@article{wilms2022tree,
  author =       {Wilms, Ines and Bien, Jacob},
  journal =      {Journal of Machine Learning Research},
  note =         {\url{http://jmlr.org/papers/v23/21-0105.html}},
  number =       243,
  openalex =     {W3127303752},
  pages =        {1--36},
  title =        {Tree-based Node Aggregation in Sparse Graphical
                  Models},
  volume =       23,
  year =         2022
}

@article{wu2022analysis,
  author =       {Wu, Lei and Long, Jihao},
  journal =      {Journal of Machine Learning Research},
  note =         {\url{http://jmlr.org/papers/v23/21-092.html}},
  number =       119,
  openalex =     {W4291561486},
  pages =        {1--34},
  title =        {A spectral-based analysis of the separation between
                  two-layer neural networks and linear methods},
  volume =       23,
  year =         2022
}

@article{wu2022learning,
  author =       {Wu, Songhua and Liu, Tongliang and Han, Bo and Yu,
                  Jun and Niu, Gang and Sugiyama, Masashi},
  journal =      {Journal of Machine Learning Research},
  note =         {\url{http://jmlr.org/papers/v23/21-0946.html}},
  number =       307,
  pages =        {1--34},
  title =        {Learning from Noisy Pairwise Similarity and
                  Unlabeled Data},
  volume =       23,
  year =         2022
}

@article{wu2022minimax,
  author =       {Wu, Keru and Schmidler, Scott C. and Chen, Yuansi},
  journal =      {Journal of Machine Learning Research},
  note =         {\url{http://jmlr.org/papers/v23/21-1184.html}},
  number =       270,
  openalex =     {W3203468973},
  pages =        {1--63},
  title =        {Minimax Mixing Time of the Metropolis-Adjusted
                  Langevin Algorithm for Log-Concave Sampling},
  volume =       23,
  year =         2022
}

@article{wynne2022kernel,
  author =       {Wynne, George and Duncan, A.},
  journal =      {Journal of Machine Learning Research},
  note =         {\url{http://jmlr.org/papers/v23/20-1180.html}},
  number =       73,
  openalex =     {W3080666959},
  pages =        {1--51},
  title =        {A Kernel Two-Sample Test for Functional Data},
  volume =       23,
  year =         2022
}

@article{xiao2022convergence,
  author =       {Xiao, Lin},
  journal =      {Journal of Machine Learning Research},
  note =         {\url{http://jmlr.org/papers/v23/22-0056.html}},
  number =       282,
  openalex =     {W4221157223},
  pages =        {1--36},
  title =        {On the Convergence Rates of Policy Gradient Methods},
  volume =       23,
  year =         2022
}

@article{yacoby2022mitigating,
  author =       {Yacoby, Yaniv and Pan, Weiwei and Doshi‐Velez,
                  Finale},
  journal =      {Journal of Machine Learning Research},
  note =         {\url{http://jmlr.org/papers/v23/21-0152.html}},
  number =       244,
  openalex =     {W3129363928},
  pages =        {1--54},
  title =        {Mitigating the Effects of Non-Identifiability on
                  Inference for Bayesian Neural Networks with Latent
                  Variables},
  volume =       23,
  year =         2022
}

@article{yang2022efficient,
  author =       {Yang, Xiangyu and Wang, Jiashan and Wang, Hao},
  journal =      {Journal of Machine Learning Research},
  note =         {\url{http://jmlr.org/papers/v23/21-0133.html}},
  number =       101,
  pages =        {1--31},
  title =        {Towards An Efficient Approach for the Nonconvex lp
                  Ball Projection: Algorithm and Analysis},
  volume =       23,
  year =         2022
}

@article{yao2022low,
  author =       {Yao, Quanming and Wang, Yaqing and Han, Bo and Kwok,
                  James T.},
  journal =      {Journal of Machine Learning Research},
  note =         {\url{http://jmlr.org/papers/v23/20-1368.html}},
  number =       136,
  openalex =     {W4229448423},
  pages =        {1--60},
  title =        {Low-rank Tensor Learning with Nonconvex Overlapped
                  Nuclear Norm Regularization},
  volume =       23,
  year =         2022
}

@article{yao2022stacking,
  author =       {Yao, Yuling and Vehtari, Aki and Gelman, Andrew},
  journal =      {Journal of Machine Learning Research},
  note =         {\url{http://jmlr.org/papers/v23/20-1426.html}},
  number =       79,
  openalex =     {W3036446794},
  pages =        {1--45},
  title =        {Stacking for Non-mixing Bayesian Computations: The
                  Curse and Blessing of Multimodal Posteriors},
  volume =       23,
  year =         2022
}

@article{yoon2022eglasso,
  author =       {Yoon, Jun Ho and Kim, Se Young},
  journal =      {Journal of Machine Learning Research},
  note =         {\url{http://jmlr.org/papers/v23/21-0511.html}},
  number =       110,
  openalex =     {W3161138982},
  pages =        {1--39},
  title =        {EiGLasso for Scalable Sparse Kronecker-Sum Inverse
                  Covariance Estimation},
  volume =       23,
  year =         2022
}

@article{you2022ranking,
  author =       {You, Kaichao and Liu, Yong and Wang, Jianmin and
                  Jordan, Michael I. and Long, Mingsheng},
  journal =      {Journal of Machine Learning Research},
  note =         {\url{http://jmlr.org/papers/v23/21-1251.html}},
  number =       209,
  openalex =     {W3205177049},
  pages =        {1--47},
  title =        {Ranking and Tuning Pre-trained Models: A New
                  Paradigm for Exploiting Model Hubs},
  volume =       23,
  year =         2022
}

@article{yu2022distributed,
  author =       {Yu, Yang and Chao, Shih-Kang and Cheng, Guang},
  journal =      {Journal of Machine Learning Research},
  note =         {\url{http://jmlr.org/papers/v23/21-0711.html}},
  number =       195,
  openalex =     {W3130102417},
  pages =        {1--77},
  title =        {Distributed Bootstrap for Simultaneous Inference
                  Under High Dimensionality},
  volume =       23,
  year =         2022
}

@article{yu2022pecos,
  author =       {Yu, Hsiang-Fu and Zhong, Kai and Zhang, Jiong and
                  Chang, Wei-Cheng and Dhillon, Inderjit S.},
  journal =      {Journal of Machine Learning Research},
  note =         {\url{http://jmlr.org/papers/v23/21-0085.html}},
  number =       98,
  pages =        {1--32},
  title =        {PECOS: Prediction for Enormous and Correlated Output
                  Spaces},
  volume =       23,
  year =         2022
}

@article{zhang2022adaptive,
  author =       {Zhang, Yichi and Liu, Molei and Neykov, Matey and
                  Cai, Tianxi},
  journal =      {Journal of Machine Learning Research},
  note =         {\url{http://jmlr.org/papers/v23/20-290.html}},
  number =       83,
  openalex =     {W3013837499},
  pages =        {1--25},
  title =        {Prior Adaptive Semi-supervised Learning with
                  Application to EHR Phenotyping},
  volume =       23,
  year =         2022
}

@article{zhang2022deep,
  author =       {Zhang, Shijun and Shen, Zuowei and Yang, Haizhao},
  journal =      {Journal of Machine Learning Research},
  note =         {\url{http://jmlr.org/papers/v23/21-1404.html}},
  number =       276,
  pages =        {1--60},
  title =        {Deep Network Approximation: Achieving Arbitrary
                  Accuracy with Fixed Number of Neurons},
  volume =       23,
  year =         2022
}

@article{zhang2022distributed,
  author =       {Zhang, Qiong and Chen, Jiahua},
  journal =      {Journal of Machine Learning Research},
  note =         {\url{http://jmlr.org/papers/v23/21-0093.html}},
  number =       99,
  openalex =     {W3093773042},
  pages =        {1--40},
  title =        {Distributed Learning of Finite Gaussian Mixtures},
  volume =       23,
  year =         2022
}

@article{zhang2022equal,
  author =       {Zhang, Chiyuan and Bengio, Samy and Singer, Yoram},
  journal =      {Journal of Machine Learning Research},
  note =         {\url{http://jmlr.org/papers/v23/20-069.html}},
  number =       67,
  openalex =     {W2913190747},
  pages =        {1--28},
  title =        {Are All Layers Created Equal?},
  volume =       23,
  year =         2022
}

@article{zhang2022global,
  author =       {Zhang, Shangtong and Combes, Rémi Tachet des and
                  Laroche, Romain},
  journal =      {Journal of Machine Learning Research},
  note =         {\url{\url{http://jmlr.org/papers/v23/21-1306.html}}},
  number =       343,
  openalex =     {W3210701786},
  pages =        {1--91},
  title =        {Global Optimality and Finite Sample Analysis of
                  Softmax Off-Policy Actor Critic under State
                  Distribution Mismatch},
  volume =       23,
  year =         2022
}

@article{zhang2022information,
  author =       {Zhang, Chihao and Chen, Yiling Elaine and Zhang,
                  Shihua and Li, Jingyi Jessica},
  journal =      {Journal of Machine Learning Research},
  note =         {\url{\url{http://jmlr.org/papers/v23/21-1150.html}}},
  number =       341,
  openalex =     {W3197419697},
  pages =        {1--65},
  title =        {Information-theoretic Classification Accuracy: A
                  Criterion that Guides Data-driven Combination of
                  Ambiguous Outcome Labels in Multi-class
                  Classification},
  volume =       23,
  year =         2022
}

@article{zhang2022optimality,
  author =       {Zhang, Guojun and Poupart, Pascal and Yu, Yaoliang},
  journal =      {Journal of Machine Learning Research},
  note =         {\url{http://jmlr.org/papers/v23/20-918.html}},
  number =       35,
  openalex =     {W3037168330},
  pages =        {1--71},
  title =        {Optimality and Stability in Non-Convex Smooth Games},
  volume =       23,
  year =         2022
}

@article{zhang2022pathfinder,
  author =       {Zhang, Lu and Carpenter, Bob and Gelman, Andrew and
                  Vehtari, Aki},
  journal =      {Journal of Machine Learning Research},
  note =         {\url{http://jmlr.org/papers/v23/21-0889.html}},
  number =       306,
  openalex =     {W3187473061},
  pages =        {1--49},
  title =        {Pathfinder: Parallel quasi-Newton variational
                  inference},
  volume =       23,
  year =         2022
}

@article{zhang2022statistical,
  author =       {Zhang, Yingying and Zhao, Yan-Yong and Lian, Heng},
  journal =      {Journal of Machine Learning Research},
  note =         {\url{http://jmlr.org/papers/v23/21-0999.html}},
  number =       156,
  pages =        {1--24},
  title =        {Statistical Rates of Convergence for Functional
                  Partially Linear Support Vector Machines for
                  Classification},
  volume =       23,
  year =         2022
}

@article{zhang2022truncated,
  author =       {Zhang, Shangtong and Whiteson, Shimon},
  journal =      {Journal of Machine Learning Research},
  note =         {\url{http://jmlr.org/papers/v23/21-0934.html}},
  number =       153,
  openalex =     {W3192639584},
  pages =        {1--59},
  title =        {Truncated Emphatic Temporal Difference Methods for
                  Prediction and Control},
  volume =       23,
  year =         2022
}

@article{zhang2022unifying,
  author =       {Zhang, Xun and Haskell, William B. and Ye, Zhisheng},
  journal =      {Journal of Machine Learning Research},
  note =         {\url{http://jmlr.org/papers/v23/19-513.html}},
  number =       60,
  pages =        {1--44},
  title =        {A Unifying Framework for Variance-Reduced Algorithms
                  for Finding Zeroes of Monotone Operators},
  volume =       23,
  year =         2022
}

@article{zhao2022fundamental,
  author =       {Zhao, Han and Chen, Dan and Aragam, Bryon and
                  Jaakkola, Tommi and Gordon, Geoffrey J. and
                  Ravikumar, Pradeep},
  journal =      {Journal of Machine Learning Research},
  note =         {\url{\url{http://jmlr.org/papers/v23/21-1078.html}}},
  number =       340,
  openalex =     {W4309958126},
  pages =        {1--49},
  title =        {Fundamental Limits and Tradeoffs in Invariant
                  Representation Learning},
  volume =       23,
  year =         2022
}

@article{zhao2022inherent,
  author =       {Zhao, Han and Gordon, Geoffrey J.},
  journal =      {Journal of Machine Learning Research},
  note =         {\url{http://jmlr.org/papers/v23/21-1427.html}},
  number =       57,
  openalex =     {W4288319633},
  pages =        {1--26},
  title =        {Inherent Tradeoffs in Learning Fair Representations},
  volume =       23,
  year =         2022
}

@article{zhao2022learning,
  author =       {Zhao, Ruixuan and He, Xin and Wang, Junhui},
  journal =      {Journal of Machine Learning Research},
  note =         {\url{http://jmlr.org/papers/v23/21-1173.html}},
  number =       269,
  openalex =     {W3210702622},
  pages =        {1--34},
  title =        {Learning linear non-Gaussian directed acyclic graph
                  with diverging number of nodes},
  volume =       23,
  year =         2022
}

@article{zhao2022method,
  author =       {Zhao, Boxin and Wang, Y. Samuel and Kolar, Mladen},
  journal =      {Journal of Machine Learning Research},
  note =         {\url{http://jmlr.org/papers/v23/20-231.html}},
  number =       82,
  openalex =     {W4287827352},
  pages =        {1--82},
  title =        {FuDGE: A Method to Estimate a Functional
                  Differential Graph in a High-Dimensional Setting},
  volume =       23,
  year =         2022
}

@article{zheng2022decimated,
  author =       {Zheng, Xuebin and Zhou, Bingxin and Wang, Yu Guang
                  and Zhuang, Xiaosheng},
  journal =      {Journal of Machine Learning Research},
  note =         {\url{http://jmlr.org/papers/v23/20-1402.html}},
  number =       18,
  openalex =     {W3111965349},
  pages =        {1--68},
  title =        {Decimated Framelet System on Graphs and Fast
                  G-Framelet Transforms},
  volume =       23,
  year =         2022
}

@article{zhou2022boulevard,
  author =       {Zhou, Yichen and Hooker, Giles},
  journal =      {Journal of Machine Learning Research},
  note =         {\url{http://jmlr.org/papers/v23/21-0078.html}},
  number =       183,
  openalex =     {W2810481873},
  pages =        {1--44},
  title =        {Boulevard: Regularized Stochastic Gradient Boosted
                  Trees and Their Limiting Distribution},
  volume =       23,
  year =         2022
}

@article{zhou2022efficient,
  author =       {Zhou, Feng and Kong, Quyu and Deng, Zhijie and Kan,
                  Jichao and Zhang, Yixuan and Feng, Cheng and Zhu,
                  Jun},
  journal =      {Journal of Machine Learning Research},
  note =         {\url{http://jmlr.org/papers/v23/21-1273.html}},
  number =       211,
  pages =        {1--49},
  title =        {Efficient Inference for Dynamic Flexible
                  Interactions of Neural Populations},
  volume =       23,
  year =         2022
}

@article{zhou2022network,
  author =       {Zhou, Yidong and Müller, Hans‐Georg},
  journal =      {Journal of Machine Learning Research},
  note =         {\url{\url{http://jmlr.org/papers/v23/22-0681.html}}},
  number =       320,
  openalex =     {W4286983955},
  pages =        {1--41},
  title =        {Network Regression with Graph Laplacians},
  volume =       23,
  year =         2022
}

@article{zhou2022nonparametric,
  author =       {Koudstall, Mark and Yu, Dengdeng and Kong, Dehan and
                  Yao, Fang},
  journal =      {Journal of Machine Learning Research},
  note =         {\url{http://jmlr.org/papers/v23/20-963.html}},
  number =       237,
  openalex =     {W2978737856},
  pages =        {1--28},
  title =        {Nonparametric principal subspace regression},
  volume =       23,
  year =         2022
}

@article{zhou2022on,
  author =       {Zhou, Qiang and Pan, Sinno Jialin},
  journal =      {Journal of Machine Learning Research},
  note =         {\url{http://jmlr.org/papers/v23/20-1179.html}},
  number =       223,
  pages =        {1--59},
  title =        {On Acceleration for Convex Composite Minimization
                  with Noise-Corrupted Gradients and Approximate
                  Proximal Mapping},
  volume =       23,
  year =         2022
}

@article{zhu2022abess,
  author =       {Zhu, Jin and Hu, Liyuan and Huang, Junhao and Jiang,
                  Kangkang and Zhang, Yanhang and Lin, Shiyun and Zhu,
                  Junxian and Wang, Xueqin},
  journal =      {Journal of Machine Learning Research},
  note =         {\url{http://jmlr.org/papers/v23/21-1060.html}},
  number =       202,
  openalex =     {W3206459514},
  pages =        {1--7},
  title =        {abess: A Fast Best Subset Selection Library in
                  Python and R},
  volume =       23,
  year =         2022
}

@article{zhu2022beyond,
  author =       {Zhu, Wanrong and Lou, Zhipeng and Wu, Wei Biao},
  journal =      {Journal of Machine Learning Research},
  note =         {\url{http://jmlr.org/papers/v23/21-0560.html}},
  number =       46,
  pages =        {1--22},
  title =        {Beyond Sub-Gaussian Noises: Sharp Concentration
                  Analysis for Stochastic Gradient Descent},
  volume =       23,
  year =         2022
}

@article{zhu2022networks,
  author =       {Zhu, Wei and Qiu, Qiang and Calderbank, Robert and
                  Sapiro, Guillermo and Cheng, Xiuyuan},
  journal =      {Journal of Machine Learning Research},
  note =         {\url{http://jmlr.org/papers/v23/20-099.html}},
  number =       68,
  openalex =     {W3161375874},
  pages =        {1--45},
  title =        {Scaling-Translation-Equivariant Networks with
                  Decomposed Convolutional Filters},
  volume =       23,
  year =         2022
}
