@comment{}

@comment{@article Bartels2023kernel,
  author = {Bartels, Simon and Boomsma, Wouter and Frellsen, Jes and Garreau, Damien},
  title = {Kernel-Matrix Determinant Estimates from stopped Cholesky Decomposition},
  journal = {Journal of Machine Learning Research},
  year = {2023},
  volume = {24},
  number = {71},
  pages = {1--57},
  note = {\url{http://jmlr.org/papers/v24/21-0781.html}},
}}}

@article{abbasi2023new,
  author = {Abbasi-Yadkori, Yasin and György, András and Lazić, Nevena},
  journal = {Journal of Machine Learning Research},
  note = {<http://jmlr.org/papers/v24/22-0387.html>},
  number = {288},
  openalex = {W4221140173},
  pages = {1–37},
  title = {A New Look at Dynamic Regret for Non-Stationary Stochastic Bandits},
  volume = {24},
  year = {2023}
}

@article{agarwal2023reinforcement,
  author = {Agarwal, Mridul and Aggarwal, Vaneet},
  journal = {Journal of Machine Learning Research},
  note = {<http://jmlr.org/papers/v24/19-980.html>},
  number = {49},
  openalex = {W3136466665},
  pages = {1–41},
  title = {Reinforcement Learning for Joint Optimization of Multiple Rewards},
  volume = {24},
  year = {2023}
}

@article{agrawal2023densely,
  author = {Agrawal, Devanshu and Ostrowski, James},
  journal = {Journal of Machine Learning Research},
  note = {<http://jmlr.org/papers/v24/23-0294.html>},
  number = {370},
  openalex = {W4323697206},
  pages = {1–40},
  title = {Densely Connected G-invariant Deep Neural Networks with Signed Permutation Representations},
  volume = {24},
  year = {2023}
}

@article{agrawal2023skim,
  author = {Agrawal, Raj and Broderick, Tamara},
  journal = {Journal of Machine Learning Research},
  note = {<http://jmlr.org/papers/v24/21-1403.html>},
  number = {27},
  openalex = {W4287114344},
  pages = {1–60},
  title = {The SKIM-FA Kernel: High-Dimensional Variable Selection and Nonlinear Interaction Discovery in Linear Time},
  volume = {24},
  year = {2023}
}

@article{ahmadian2023robust,
  author = {Ahmadian, Sara and Esfandiari, Hossein and Mirrokni, Vahab and Peng, Binghui},
  journal = {Journal of Machine Learning Research},
  note = {<http://jmlr.org/papers/v24/22-0629.html>},
  number = {44},
  openalex = {W4205857732},
  pages = {1–46},
  title = {Robust Load Balancing with Machine Learned Advice},
  volume = {24},
  year = {2023}
}

@article{alabi2023differentially,
  author = {Alabi, Daniel G. and Vadhan, Salil P.},
  journal = {Journal of Machine Learning Research},
  note = {<http://jmlr.org/papers/v24/23-0045.html>},
  number = {361},
  openalex = {W4320167562},
  pages = {1–50},
  title = {Differentially Private Hypothesis Testing for Linear Regression},
  volume = {24},
  year = {2023}
}

@article{alacaoglu2023beyond,
  author = {Alacaoglu, Ahmet and Böhm, Axel and Malitsky, Yura},
  journal = {Journal of Machine Learning Research},
  note = {<http://jmlr.org/papers/v24/22-1488.html>},
  number = {172},
  openalex = {W4313303889},
  pages = {1–33},
  title = {Beyond the Golden Ratio for Variational Inequality Algorithms},
  volume = {24},
  year = {2023}
}

@article{allerbo2023elastic,
  author = {Allerbo, Oskar and Jonasson, Johan and Jörnsten, Rebecka},
  journal = {Journal of Machine Learning Research},
  note = {<http://jmlr.org/papers/v24/22-0119.html>},
  number = {277},
  openalex = {W4221147225},
  pages = {1–53},
  title = {Elastic Gradient Descent, an Iterative Optimization Method Approximating the Solution Paths of the Elastic Net},
  volume = {24},
  year = {2023}
}

@article{anahtarci2023learning,
  author = {Anahtarci, Berkay and Kariksiz, Can Deha and Saldi, Naci},
  journal = {Journal of Machine Learning Research},
  note = {<http://jmlr.org/papers/v24/21-0505.html>},
  number = {17},
  openalex = {W3161773474},
  pages = {1–59},
  title = {Learning Mean-Field Games with Discounted and Average Costs},
  volume = {24},
  year = {2023}
}

@article{arenas2023complexity,
  author = {Arenas, Marcelo and Barcelo, Pablo and Bertossi, Leopoldo and Monet, Mikael},
  journal = {Journal of Machine Learning Research},
  note = {<http://jmlr.org/papers/v24/21-0389.html>},
  number = {63},
  openalex = {W4361864601},
  pages = {1–58},
  title = {On the Complexity of SHAP-Score-Based Explanations: Tractability via Knowledge Compilation and Non-Approximability Results},
  volume = {24},
  year = {2023}
}

@article{asokan2023euler,
  author = {Asokan, Siddarth and Seelamantula, Chandra Sekhar},
  journal = {Journal of Machine Learning Research},
  note = {<http://jmlr.org/papers/v24/20-1390.html>},
  number = {126},
  pages = {1–100},
  title = {Euler-Lagrange Analysis of Generative Adversarial Networks},
  volume = {24},
  year = {2023}
}

@article{awan2023privacyaware,
  author = {Awan, Jordan and Rao, Vinayak},
  journal = {Journal of Machine Learning Research},
  note = {<http://jmlr.org/papers/v24/21-0870.html>},
  number = {74},
  openalex = {W3217507660},
  pages = {1–32},
  title = {Privacy-Aware Rejection Sampling},
  volume = {24},
  year = {2023}
}

@article{baharav2023adaptive,
  author = {Baharav, Tavor and Lai, Tze Leung},
  journal = {Journal of Machine Learning Research},
  note = {<http://jmlr.org/papers/v24/22-0497.html>},
  number = {155},
  openalex = {W4308755822},
  pages = {1–29},
  title = {Adaptive Data Depth via Multi-Armed Bandits},
  volume = {24},
  year = {2023}
}

@article{bai2023provably,
  author = {Bai, Qinbo and Aggarwal, Vaneet and Gattami, Ather},
  journal = {Journal of Machine Learning Research},
  note = {<http://jmlr.org/papers/v24/21-0117.html>},
  number = {60},
  pages = {1–25},
  title = {Provably Sample-Efficient Model-Free Algorithm for MDPs with Peak Constraints},
  volume = {24},
  year = {2023}
}

@article{bai2023scalable,
  author = {Bai, Ray and Boland, Mary R. and Chen, Yong},
  journal = {Journal of Machine Learning Research},
  note = {<http://jmlr.org/papers/v24/20-1437.html>},
  number = {259},
  pages = {1–49},
  title = {Scalable high-dimensional Bayesian varying coefficient models with unknown within-subject covariance},
  volume = {24},
  year = {2023}
}

@article{baker2023tree,
  author = {Baker, Antoine and Krzakala, Florent and Aubin, Benjamin and Zdeborová, Lenka},
  journal = {Journal of Machine Learning Research},
  note = {<http://jmlr.org/papers/v24/20-695.html>},
  number = {57},
  openalex = {W4206895473},
  pages = {1–89},
  title = {Tree-AMP: Compositional Inference with Tree Approximate Message Passing},
  volume = {24},
  year = {2023}
}

@article{balcan2023analysis,
  author = {Balcan, Maria-Florina and Blum, Avrim and Sharma, Dravyansh and Zhang, Hongyang},
  journal = {Journal of Machine Learning Research},
  note = {<http://jmlr.org/papers/v24/22-0410.html>},
  number = {98},
  openalex = {W4307533869},
  pages = {1–43},
  title = {An Analysis of Robustness of Non-Lipschitz Networks},
  volume = {24},
  year = {2023}
}

@article{bartlett2023dynamics,
  author = {Bartlett, Peter L. and Long, Philip M. and Bousquet, Olivier},
  journal = {Journal of Machine Learning Research},
  note = {<http://jmlr.org/papers/v24/23-043.html>},
  number = {316},
  openalex = {W4302306313},
  pages = {1–36},
  title = {The Dynamics of Sharpness-Aware Minimization: Bouncing Across Ravines and Drifting Towards Wide Minima},
  volume = {24},
  year = {2023}
}

@article{bartoldson2023compute,
  author = {Bartoldson, Brian R. and Kailkhura, Bhavya and Blalock, Davis},
  journal = {Journal of Machine Learning Research},
  note = {<http://jmlr.org/papers/v24/22-1208.html>},
  number = {122},
  openalex = {W4306295041},
  pages = {1–77},
  title = {Compute-Efficient Deep Learning: Algorithmic Trends and Opportunities},
  volume = {24},
  year = {2023}
}

@article{bayraktar2023pde,
  author = {Bayraktar, Erhan and Ekren, Ibrahim and Zhang, Xin},
  journal = {Journal of Machine Learning Research},
  note = {<http://jmlr.org/papers/v24/22-1001.html>},
  number = {299},
  openalex = {W4294956350},
  pages = {1–24},
  title = {A PDE approach for regret bounds under partial monitoring},
  volume = {24},
  year = {2023}
}

@article{bengio2023gflownet,
  author = {Bengio, Yoshua and Lahlou, Salem and Deleu, Tristan and Hu, Edward J. and Tiwari, Mo and Bengio, Emmanuel},
  journal = {Journal of Machine Learning Research},
  note = {<http://jmlr.org/papers/v24/22-0364.html>},
  number = {210},
  openalex = {W4292200101},
  pages = {1–55},
  title = {GFlowNet Foundations},
  volume = {24},
  year = {2023}
}

@article{berseth2023towards,
  author = {Berseth, Glen and Golemo, Florian and Pal, Christopher},
  journal = {Journal of Machine Learning Research},
  note = {<http://jmlr.org/papers/v24/21-1174.html>},
  number = {78},
  openalex = {W4288626207},
  pages = {1–26},
  title = {Towards Learning to Imitate from a Single Video Demonstration},
  volume = {24},
  year = {2023}
}

@article{berthier2023incremental,
  author = {Berthier, Raphaël},
  journal = {Journal of Machine Learning Research},
  note = {<http://jmlr.org/papers/v24/22-1395.html>},
  number = {171},
  openalex = {W4294015512},
  pages = {1–26},
  title = {Incremental Learning in Diagonal Linear Networks},
  volume = {24},
  year = {2023}
}

@article{bertsimas2023sparsea,
  author = {Bertsimas, Dimitris and Cory-Wright, Ryan and Johnson, Nicholas A. G.},
  journal = {Journal of Machine Learning Research},
  note = {<http://jmlr.org/papers/v24/21-1130.html>},
  number = {267},
  openalex = {W4366547150},
  pages = {1–51},
  title = {Sparse Plus Low Rank Matrix Decomposition: A Discrete Optimization Approach},
  volume = {24},
  year = {2023}
}

@article{bertsimas2023sparseb,
  author = {Bertsimas, Dimitris and Kitane, Driss Lahlou},
  journal = {Journal of Machine Learning Research},
  note = {<http://jmlr.org/papers/v24/22-0088.html>},
  number = {32},
  openalex = {W4306295009},
  pages = {1–33},
  title = {Sparse PCA: a Geometric Approach},
  volume = {24},
  year = {2023}
}

@article{beznosikov2023on,
  author = {Beznosikov, Aleksandr and Horváth, Samuel and Richtárik, Peter and Safaryan, Mher},
  journal = {Journal of Machine Learning Research},
  note = {<http://jmlr.org/papers/v24/21-1548.html>},
  number = {276},
  openalex = {W3007528421},
  pages = {1–50},
  title = {On Biased Compression for Distributed Learning.},
  volume = {24},
  year = {2023}
}

@article{bhatnagar2023merlion,
  author = {Bhatnagar, Aadyot and Kassianik, Paul and Liu, Chenghao and Lan, Tian and Yang, Wenzhuo and Cassius, Rowan and Sahoo, Doyen and Arpit, Devansh and Subramanian, Sri and Woo, Gerald and Saha, Amrita and Jagota, Arun Kumar and Gopalakrishnan, Gokulakrishnan and Singh, Manpreet and Krithika, K C and Maddineni, Sukumar and Cho, Daeki and Zong, Bo and Zhou, Yingbo and Xiong, Caiming and Savarese, Silvio and Hoi, Steven and Wang, Huan},
  journal = {Journal of Machine Learning Research},
  note = {<http://jmlr.org/papers/v24/22-0809.html>},
  number = {226},
  pages = {1–6},
  title = {Merlion: End-to-End Machine Learning for Time Series},
  volume = {24},
  year = {2023}
}

@article{blanchet2023dropout,
  author = {Blanchet, José and Kang, Yang and Montiel Olea, José Luis and Nguyen, Viet Anh and Zhang, Xuhui},
  journal = {Journal of Machine Learning Research},
  note = {<http://jmlr.org/papers/v24/21-0377.html>},
  number = {180},
  openalex = {W3084926902},
  pages = {1–60},
  title = {Machine Learning's Dropout Training is Distributionally Robust Optimal},
  volume = {24},
  year = {2023}
}

@article{bo2023randomized,
  author = {Bo, Di and Hwangbo, Hoon and Sharma, Vinit and Arndt, Corey and TerMaath, Stephanie},
  journal = {Journal of Machine Learning Research},
  note = {<http://jmlr.org/papers/v24/21-1046.html>},
  number = {76},
  pages = {1–31},
  title = {A Randomized Subspace-based Approach for Dimensionality Reduction and Important Variable Selection},
  volume = {24},
  year = {2023}
}

@article{bonheme2023be,
  author = {Bonheme, Lisa and Grzes, Marek},
  journal = {Journal of Machine Learning Research},
  note = {<http://jmlr.org/papers/v24/21-1145.html>},
  number = {324},
  openalex = {W4317937602},
  pages = {1–30},
  title = {Be More Active! Understanding the Differences between Mean and Sampled Representations of Variational Autoencoders},
  volume = {24},
  year = {2023}
}

@article{bornschein2023nevis,
  author = {Bornschein, Jorg and Galashov, Alexandre and Hemsley, Ross and Rannen-Triki, Amal and Chen, Yutian and Chaudhry, Arslan and He, Xu Owen and Douillard, Arthur and Caccia, Massimo and Feng, Qixuan and Shen, Jiajun and Rebuffi, Sylvestre-Alvise and Stacpoole, Kitty and de las Casas, Diego and Hawkins, Will and Lazaridou, Angeliki and Teh, Yee Whye and Rusu, Andrei A. and Pascanu, Razvan and Ranzato, Marc’Aurelio},
  journal = {Journal of Machine Learning Research},
  note = {<http://jmlr.org/papers/v24/22-1345.html>},
  number = {308},
  openalex = {W4309865872},
  pages = {1–77},
  title = {NEVIS'22: A Stream of 100 Tasks Sampled from 30 Years of Computer Vision Research},
  volume = {24},
  year = {2023}
}

@article{bot2023relaxed,
  author = {Bot, Radu I. and Sedlmayer, Michael and Vuong, Phan Tu},
  journal = {Journal of Machine Learning Research},
  note = {<http://jmlr.org/papers/v24/20-267.html>},
  number = {8},
  pages = {1–37},
  title = {A Relaxed Inertial Forward-Backward-Forward Algorithm for Solving Monotone Inclusions with Application to GANs},
  volume = {24},
  year = {2023}
}

@article{bravohermsdorff2023quantifying,
  author = {Bravo-Hermsdorff, Gecia and Gunderson, Lee M. and Maugis, Pierre-André and Priebe, Carey E.},
  journal = {Journal of Machine Learning Research},
  note = {<http://jmlr.org/papers/v24/21-082.html>},
  number = {187},
  openalex = {W4384919975},
  pages = {1–27},
  title = {Quantifying Network Similarity using Graph Cumulants},
  volume = {24},
  year = {2023}
}

@article{brophy2023adapting,
  author = {Brophy, Jonathan and Hammoudeh, Zayd and Lowd, Daniel},
  journal = {Journal of Machine Learning Research},
  note = {<http://jmlr.org/papers/v24/22-0449.html>},
  number = {154},
  openalex = {W4225424134},
  pages = {1–48},
  title = {Adapting and Evaluating Influence-Estimation Methods for Gradient-Boosted Decision Trees},
  volume = {24},
  year = {2023}
}

@article{burauel2023evaluating,
  author = {Burauel, Patrick F.},
  journal = {Journal of Machine Learning Research},
  note = {<http://jmlr.org/papers/v24/20-1287.html>},
  number = {176},
  pages = {1–56},
  title = {Evaluating Instrument Validity using the Principle of Independent Mechanisms},
  volume = {24},
  year = {2023}
}

@article{cai2023jump,
  author = {Cai, Hengrui and Shi, Chengchun and Song, Rui and Lu, Wenbin},
  journal = {Journal of Machine Learning Research},
  note = {<http://jmlr.org/papers/v24/21-0843.html>},
  number = {140},
  openalex = {W3213359025},
  pages = {1–92},
  title = {Jump Interval-Learning for Individualized Decision Making},
  volume = {24},
  year = {2023}
}

@article{campi2023compression,
  author = {Campi, Marco C. and Garatti, Simone},
  journal = {Journal of Machine Learning Research},
  note = {<http://jmlr.org/papers/v24/22-0605.html>},
  number = {339},
  openalex = {W4318719143},
  pages = {1–74},
  title = {Compression, Generalization and Learning},
  volume = {24},
  year = {2023}
}

@article{campos2023discrete,
  author = {Campos, Cédric M. and Mahillo, Alejandro and Martín de Diego, David},
  journal = {Journal of Machine Learning Research},
  note = {<http://jmlr.org/papers/v24/21-1323.html>},
  number = {25},
  pages = {1–33},
  title = {Discrete Variational Calculus for Accelerated Optimization},
  volume = {24},
  year = {2023}
}

@article{cappart2023combinatorial,
  author = {Cappart, Quentin and Chételat, Didier and Khalil, Elias B. and Lodi, Andrea and Morris, Christopher and Veličković, Petar},
  journal = {Journal of Machine Learning Research},
  note = {<http://jmlr.org/papers/v24/21-0449.html>},
  number = {130},
  openalex = {W3188522200},
  pages = {1–61},
  title = {Combinatorial Optimization and Reasoning with Graph Neural Networks},
  volume = {24},
  year = {2023}
}

@article{carta2023avalanche,
  author = {Carta, Antonio and Pellegrini, Lorenzo and Cossu, Andrea and Hemati, Hamed and Lomonaco, Vincenzo},
  journal = {Journal of Machine Learning Research},
  note = {<http://jmlr.org/papers/v24/23-0130.html>},
  number = {363},
  openalex = {W4319323699},
  pages = {1–6},
  title = {Avalanche: A PyTorch Library for Deep Continual Learning},
  volume = {24},
  year = {2023}
}

@article{chae2023likelihood,
  author = {Chae, Minwoo and Kim, Dongha and Kim, Yongdai and Lin, Lizhen},
  journal = {Journal of Machine Learning Research},
  note = {<http://jmlr.org/papers/v24/21-1099.html>},
  number = {77},
  openalex = {W3161841851},
  pages = {1–42},
  title = {A likelihood approach to nonparametric estimation of a singular distribution using deep generative models},
  volume = {24},
  year = {2023}
}

@article{chan2023divide,
  author = {Chan, Ryan S.Y. and Pollock, Murray and Johansen, Adam M. and Roberts, Gareth O.},
  journal = {Journal of Machine Learning Research},
  note = {<http://jmlr.org/papers/v24/21-1274.html>},
  number = {193},
  openalex = {W3207682600},
  pages = {1–82},
  title = {Divide-and-Conquer Monte Carlo Fusion},
  volume = {24},
  year = {2023}
}

@article{chandra2023escaping,
  author = {Chandra, Kiran Noirrit and Canale, Antonio and Dunson, David B.},
  journal = {Journal of Machine Learning Research},
  note = {<http://jmlr.org/papers/v24/21-1276.html>},
  number = {144},
  pages = {1–42},
  title = {Escaping the curse of dimensionality in Bayesian model based clustering},
  volume = {24},
  year = {2023}
}

@article{chatterji2023deep,
  author = {Chatterji, Niladri S. and Long, Philip M.},
  journal = {Journal of Machine Learning Research},
  note = {<http://jmlr.org/papers/v24/22-1065.html>},
  number = {117},
  openalex = {W4296608195},
  pages = {1–39},
  title = {Deep Linear Networks can Benignly Overfit when Shallow Ones Do},
  volume = {24},
  year = {2023}
}

@article{chattopadhyay2023nearest,
  author = {Chattopadhyay, Shounak and Chakraborty, Antik and Dunson, David B.},
  journal = {Journal of Machine Learning Research},
  note = {<http://jmlr.org/papers/v24/21-0116.html>},
  number = {261},
  openalex = {W4287825943},
  pages = {1–46},
  title = {Nearest Neighbor Dirichlet Mixtures},
  volume = {24},
  year = {2023}
}

@article{chen2023distributed,
  author = {Chen, Lanjue and Wan, Alan T.K. and Zhang, Shuyi and Zhou, Yong},
  journal = {Journal of Machine Learning Research},
  note = {<http://jmlr.org/papers/v24/21-0890.html>},
  number = {263},
  pages = {1–43},
  title = {Distributed Algorithms for U-statistics-based Empirical Risk Minimization},
  volume = {24},
  year = {2023}
}

@article{chen2023entropic,
  author = {Chen, Fan and Ren, Zhenjie and Wang, Songbo},
  journal = {Journal of Machine Learning Research},
  note = {<http://jmlr.org/papers/v24/22-0411.html>},
  number = {211},
  pages = {1–36},
  title = {Entropic Fictitious Play for Mean Field Optimization Problem},
  volume = {24},
  year = {2023}
}

@article{chen2023group,
  author = {Chen, Yang and Luo, Ziyan},
  journal = {Journal of Machine Learning Research},
  note = {<http://jmlr.org/papers/v24/22-1327.html>},
  number = {352},
  openalex = {W4293168036},
  pages = {1–30},
  title = {Group SLOPE Penalized Low-Rank Tensor Regression},
  volume = {24},
  year = {2023}
}

@article{chen2023minimax,
  author = {Chen, Shuxiao and Zheng, Qinqing and Long, Qi and Su, Weijie J.},
  journal = {Journal of Machine Learning Research},
  note = {<http://jmlr.org/papers/v24/21-0224.html>},
  number = {262},
  pages = {1–59},
  title = {Minimax Estimation for Personalized Federated Learning: An Alternative between FedAvg and Local Training?},
  volume = {24},
  year = {2023}
}

@article{chen2023recursive,
  author = {Chen, Likai and Keilbar, Georg and Wu, Wei Biao},
  journal = {Journal of Machine Learning Research},
  note = {<http://jmlr.org/papers/v24/22-0021.html>},
  number = {91},
  pages = {1–25},
  title = {Recursive Quantile Estimation: Non-Asymptotic Confidence Bounds},
  volume = {24},
  year = {2023}
}

@article{chen2023selective,
  author = {Chen, Yiqun T. and Witten, Daniela M.},
  journal = {Journal of Machine Learning Research},
  note = {<http://jmlr.org/papers/v24/22-0371.html>},
  number = {152},
  openalex = {W4224313447},
  pages = {1–41},
  title = {Selective inference for k-means clustering},
  volume = {24},
  year = {2023}
}

@article{chen2023statistical,
  author = {Chen, Yunxiao and Li, Chengcheng and Ouyang, Jing and Xu, Gongjun},
  journal = {Journal of Machine Learning Research},
  note = {<http://jmlr.org/papers/v24/22-0214.html>},
  number = {95},
  openalex = {W4317664627},
  pages = {1–66},
  title = {Statistical Inference for Noisy Incomplete Binary Matrix},
  volume = {24},
  year = {2023}
}

@article{choi2023model,
  author = {Choi, Junsouk and Ni, Yang},
  journal = {Journal of Machine Learning Research},
  note = {<http://jmlr.org/papers/v24/21-1476.html>},
  number = {200},
  pages = {1–32},
  title = {Model-based Causal Discovery for Zero-Inflated Count Data},
  volume = {24},
  year = {2023}
}

@article{chowdhery2023palm,
  author = {Chowdhery, Aakanksha and Narang, Sharan and Devlin, Jacob and Bosma, Maarten and Mishra, Gaurav and Roberts, Adam and Barham, Paul and Chung, Hyung Won and Sutton, Charles and Gehrmann, Sebastian and Schuh, Parker and Shi, Kensen and Tsvyashchenko, Sasha and Maynez, Joshua and Rao, Abhishek and Barnes, Parker and Tay, Yi and Shazeer, Noam and Prabhakaran, Vinodkumar and Reif, Emily and Du, Nan and Hutchinson, Ben and Pope, Reiner and Bradbury, James and Austin, Jacob and Isard, Michael and Gur-Ari, Guy and Yin, Pengcheng and Duke, Toju and Levskaya, Anselm and Ghemawat, Sanjay and Dev, Sunipa and Michalewski, Henryk and Garcia, Xavier and Misra, Vedant and Robinson, Kevin and Fedus, Liam and Zhou, Denny and Ippolito, Daphne and Luan, David and Lim, Hyeontaek and Zoph, Barret and Spiridonov, Alexander and Sepassi, Ryan and Dohan, David and Agrawal, Shivani and Omernick, Mark and Dai, Andrew M. and Pillai, Thanumalayan Sankaranarayana and Pellat, Marie and Lewkowycz, Aitor and Moreira, Erica and Child, Rewon and Polozov, Oleksandr and Lee, Katherine and Zhou, Zongwei and Wang, Xuezhi and Saeta, Brennan and Diaz, Mark and Firat, Orhan and Catasta, Michele and Wei, Jason and Meier-Hellstern, Kathy and Eck, Douglas and Dean, Jeff and Petrov, Slav and Fiedel, Noah},
  journal = {Journal of Machine Learning Research},
  note = {<http://jmlr.org/papers/v24/22-1144.html>},
  number = {240},
  openalex = {W4224308101},
  pages = {1–113},
  title = {PaLM: Scaling Language Modeling with Pathways},
  volume = {24},
  year = {2023}
}

@article{chugg2023unified,
  author = {Chugg, Ben and Wang, Hongjian and Ramdas, Aaditya},
  journal = {Journal of Machine Learning Research},
  note = {<http://jmlr.org/papers/v24/23-0401.html>},
  number = {372},
  openalex = {W4319653703},
  pages = {1–61},
  title = {A unified recipe for deriving (time-uniform) PAC-Bayes bounds},
  volume = {24},
  year = {2023}
}

@article{cini2023sparse,
  author = {Cini, Andrea and Zambon, Daniele and Alippi, Cesare},
  journal = {Journal of Machine Learning Research},
  note = {<http://jmlr.org/papers/v24/22-1154.html>},
  number = {242},
  openalex = {W4281727593},
  pages = {1–36},
  title = {Sparse Graph Learning from Spatiotemporal Time Series},
  volume = {24},
  year = {2023}
}

@article{cohen2023neural,
  author = {Cohen, Samuel N. and Jiang, Deqing and Sirignano, Justin},
  journal = {Journal of Machine Learning Research},
  note = {<http://jmlr.org/papers/v24/22-1075.html>},
  number = {236},
  openalex = {W4224330758},
  pages = {1–49},
  title = {Neural Q-learning for solving PDEs},
  volume = {24},
  year = {2023}
}

@article{corbettdavies2023measure,
  author = {Corbett-Davies, Sam and Gaebler, Johann D. and Nilforoshan, Hamed and Shroff, Ravi and Goel, Sharad},
  journal = {Journal of Machine Learning Research},
  note = {<http://jmlr.org/papers/v24/22-1511.html>},
  number = {312},
  pages = {1–117},
  title = {The Measure and Mismeasure of Fairness},
  volume = {24},
  year = {2023}
}

@article{coudray2023risk,
  author = {Coudray, Olivier and Keribin, Christine and Massart, Pascal and Pamphile, Patrick},
  journal = {Journal of Machine Learning Research},
  note = {<http://jmlr.org/papers/v24/22-067.html>},
  number = {107},
  pages = {1–31},
  title = {Risk Bounds for Positive-Unlabeled Learning Under the Selected At Random Assumption},
  volume = {24},
  year = {2023}
}

@article{cui2023robust,
  author = {Cui, Xiaolong and Shi, Lei and Zhong, Wei and Zou, Changliang},
  journal = {Journal of Machine Learning Research},
  note = {<http://jmlr.org/papers/v24/22-1302.html>},
  number = {350},
  pages = {1–57},
  title = {Robust High-Dimensional Low-Rank Matrix Estimation: Optimal Rate and Data-Adaptive Tuning},
  volume = {24},
  year = {2023}
}

@article{cutler2023stochastic,
  author = {Cutler, Joshua and Drusvyatskiy, Dmitriy and Harchaoui, Zaid},
  journal = {Journal of Machine Learning Research},
  note = {<http://jmlr.org/papers/v24/21-1410.html>},
  number = {147},
  openalex = {W3216080858},
  pages = {1–56},
  title = {Stochastic optimization under distributional drift.},
  volume = {24},
  year = {2023}
}

@article{dai2023rankseg,
  author = {Dai, Ben and Li, Chunlin},
  journal = {Journal of Machine Learning Research},
  note = {<http://jmlr.org/papers/v24/22-0712.html>},
  number = {224},
  openalex = {W4283698787},
  pages = {1–50},
  title = {RankSEG: A Consistent Ranking-based Framework for Segmentation},
  volume = {24},
  year = {2023}
}

@article{daudel2023alpha,
  author = {Daudel, Kamélia and Benton, Joe and Shi, Yuyang and Doucet, Arnaud},
  journal = {Journal of Machine Learning Research},
  note = {<http://jmlr.org/papers/v24/22-1160.html>},
  number = {243},
  openalex = {W4306178101},
  pages = {1–83},
  title = {Alpha-divergence Variational Inference Meets Importance Weighted Auto-Encoders: Methodology and Asymptotics},
  volume = {24},
  year = {2023}
}

@article{daudel2023monotonic,
  author = {Daudel, Kamélia and Douc, Randal and Roueff, François},
  journal = {Journal of Machine Learning Research},
  note = {<http://jmlr.org/papers/v24/21-0249.html>},
  number = {62},
  openalex = {W4287278360},
  pages = {1–76},
  title = {Monotonic Alpha-divergence Minimisation for Variational Inference},
  volume = {24},
  year = {2023}
}

@article{davison2023asymptotics,
  author = {Davison, Andrew and Austern, Morgane},
  journal = {Journal of Machine Learning Research},
  note = {<http://jmlr.org/papers/v24/21-0841.html>},
  number = {138},
  openalex = {W3181738625},
  pages = {1–120},
  title = {Asymptotics of Network Embeddings Learned via Subsampling},
  volume = {24},
  year = {2023}
}

@article{delledonne2023novel,
  author = {Delle Donne, Diego and Kowalski, Matthieu and Liberti, Leo},
  journal = {Journal of Machine Learning Research},
  note = {<http://jmlr.org/papers/v24/21-0741.html>},
  number = {382},
  pages = {1–28},
  title = {A Novel Integer Linear Programming Approach for Global L0 Minimization},
  volume = {24},
  year = {2023}
}

@article{deng2023boosting,
  author = {Deng, Yue and Wang, Zirui and Chen, Xi and Zhang, Yin},
  journal = {Journal of Machine Learning Research},
  note = {<http://jmlr.org/papers/v24/23-0513.html>},
  number = {399},
  pages = {1–34},
  title = {Boosting Multi-agent Reinforcement Learning via Contextual Prompting},
  volume = {24},
  year = {2023}
}

@article{desouzadasilva2023prior,
  author = {de Souza da Silva, Eliezer and Kuśmierczyk, Tomasz and Hartmann, Marcelo and Klami, Arto},
  journal = {Journal of Machine Learning Research},
  note = {<http://jmlr.org/papers/v24/21-0623.html>},
  number = {67},
  pages = {1–51},
  title = {Prior Specification for Bayesian Matrix Factorization via Prior Predictive Matching},
  volume = {24},
  year = {2023}
}

@article{dewaskar2023finding,
  author = {Dewaskar, Miheer and Palowitch, John and He, Mark and Love, Michael I. and Nobel, Andrew B.},
  journal = {Journal of Machine Learning Research},
  note = {<http://jmlr.org/papers/v24/22-0581.html>},
  number = {398},
  openalex = {W4292721683},
  pages = {1–47},
  title = {Finding groups of cross-correlated features in bi-view data},
  volume = {24},
  year = {2023}
}

@article{dolera2023learning,
  author = {Dolera, Emanuele and Favaro, Stefano and Peluchetti, Stefano},
  journal = {Journal of Machine Learning Research},
  note = {<http://jmlr.org/papers/v24/21-0096.html>},
  number = {12},
  openalex = {W4287330703},
  pages = {1–60},
  title = {Learning-augmented count-min sketches via Bayesian nonparametrics},
  volume = {24},
  year = {2023}
}

@article{duan2023bayesiana,
  author = {Duan, Leo L and Michailidis, George and Ding, Mingzhou},
  journal = {Journal of Machine Learning Research},
  note = {<http://jmlr.org/papers/v24/20-1206.html>},
  number = {3},
  openalex = {W2978077955},
  pages = {1–35},
  title = {Bayesian Spiked Laplacian Graphs},
  volume = {24},
  year = {2023}
}

@article{duan2023bayesianb,
  author = {Duan, Leo L. and Dunson, David B.},
  journal = {Journal of Machine Learning Research},
  note = {<http://jmlr.org/papers/v24/22-0252.html>},
  number = {397},
  openalex = {W3175869155},
  pages = {1–44},
  title = {Bayesian Spanning Tree: Estimating the Backbone of the Dependence Graph},
  volume = {24},
  year = {2023}
}

@article{duan2023labels,
  author = {Duan, Shiyu and Chang, Spencer and Principe, Jose C.},
  journal = {Journal of Machine Learning Research},
  note = {<http://jmlr.org/papers/v24/22-0019.html>},
  number = {31},
  openalex = {W4290802627},
  pages = {1–35},
  title = {Labels, Information, and Computation: Efficient Learning Using Sufficient Labels},
  volume = {24},
  year = {2023}
}

@article{duan2023low,
  author = {Duan, Leo L and Yuwen, Zeyu and Michailidis, George and Zhang, Zhengwu},
  journal = {Journal of Machine Learning Research},
  note = {<http://jmlr.org/papers/v24/22-0360.html>},
  number = {286},
  openalex = {W4226443106},
  pages = {1–35},
  title = {Low Tree-Rank Bayesian Vector Autoregression Model},
  volume = {24},
  year = {2023}
}

@article{duncan2023geometry,
  author = {Duncan, Andrew and Nüsken, Nikolas and Szpruch, Lukasz},
  journal = {Journal of Machine Learning Research},
  note = {<http://jmlr.org/papers/v24/20-602.html>},
  number = {56},
  openalex = {W2990020588},
  pages = {1–39},
  title = {On the geometry of Stein variational gradient descent},
  volume = {24},
  year = {2023}
}

@article{durrani2023discovering,
  author = {Durrani, Nadir and Dalvi, Fahim and Sajjad, Hassan},
  journal = {Journal of Machine Learning Research},
  note = {<http://jmlr.org/papers/v24/23-0074.html>},
  number = {362},
  openalex = {W4283708521},
  pages = {1–40},
  title = {Discovering Salient Neurons in Deep NLP Models},
  volume = {24},
  year = {2023}
}

@article{dwivedi2023benchmarking,
  author = {Dwivedi, Vijay Prakash and Joshi, Chaitanya K. and Luu, Anh Tuan and Laurent, Thomas and Bengio, Yoshua and Bresson, Xavier},
  journal = {Journal of Machine Learning Research},
  note = {<http://jmlr.org/papers/v24/22-0567.html>},
  number = {43},
  openalex = {W4287829537},
  pages = {1–48},
  title = {Benchmarking Graph Neural Networks},
  volume = {24},
  year = {2023}
}

@article{dwivedi2023revisiting,
  author = {Dwivedi, Raaz and Singh, Chandan and Yu, Bin and Wainwright, Martin},
  journal = {Journal of Machine Learning Research},
  note = {<http://jmlr.org/papers/v24/21-1133.html>},
  number = {268},
  openalex = {W4387323051},
  pages = {1–59},
  title = {Revisiting minimum description length complexity in overparameterized models},
  volume = {24},
  year = {2023}
}

@article{eckstein2023dimensionality,
  author = {Eckstein, Stephan and Iske, Armin and Trabs, Mathias},
  journal = {Journal of Machine Learning Research},
  note = {<http://jmlr.org/papers/v24/22-0303.html>},
  number = {334},
  openalex = {W4226388815},
  pages = {1–35},
  title = {Dimensionality Reduction and Wasserstein Stability for Kernel Regression},
  volume = {24},
  year = {2023}
}

@article{fakoor2023flexible,
  author = {Fakoor, Rasool and Kim, Taesup and Mueller, Jonas and Smola, Alexander J. and Tibshirani, Ryan J.},
  journal = {Journal of Machine Learning Research},
  note = {<http://jmlr.org/papers/v24/22-0799.html>},
  number = {162},
  openalex = {W4285787731},
  pages = {1–45},
  title = {Flexible Model Aggregation for Quantile Regression},
  volume = {24},
  year = {2023}
}

@article{fallat2023batch,
  author = {Fallat, Shaun and Kirkpatrick, David and Simon, Hans U. and Soltani, Abolghasem and Zilles, Sandra},
  journal = {Journal of Machine Learning Research},
  note = {<http://jmlr.org/papers/v24/22-0330.html>},
  number = {40},
  pages = {1–33},
  title = {On Batch Teaching Without Collusion},
  volume = {24},
  year = {2023}
}

@article{fan2023quasi,
  author = {Fan, Fenglei and Lai, Rongjie and Wang, Ge},
  journal = {Journal of Machine Learning Research},
  note = {<http://jmlr.org/papers/v24/21-0579.html>},
  number = {183},
  openalex = {W3087545942},
  pages = {1–22},
  title = {Quasi-Equivalence of Width and Depth of Neural Networks},
  volume = {24},
  year = {2023}
}

@article{fang2023pivotal,
  author = {Fang, Ethan X. and Mei, Yajun and Shi, Yuyang and Xu, Qunzhi and Zhao, Tuo},
  journal = {Journal of Machine Learning Research},
  note = {<http://jmlr.org/papers/v24/22-1032.html>},
  number = {302},
  openalex = {W4386876123},
  pages = {1–45},
  title = {Pivotal Estimation of Linear Discriminant Analysis in High Dimensions},
  volume = {24},
  year = {2023}
}

@article{fang2023posterior,
  author = {Fang, Xiao and Ghosh, Malay},
  journal = {Journal of Machine Learning Research},
  note = {<http://jmlr.org/papers/v24/20-1012.html>},
  number = {174},
  openalex = {W4221158887},
  pages = {1–17},
  title = {Posterior Consistency for Bayesian Relevance Vector Machines},
  volume = {24},
  year = {2023}
}

@article{fatemi2023knowledge,
  author = {Fatemi, Bahare and Taslakian, Perouz and Vazquez, David and Poole, David},
  journal = {Journal of Machine Learning Research},
  note = {<http://jmlr.org/papers/v24/22-063.html>},
  number = {105},
  openalex = {W3131239930},
  pages = {1–34},
  title = {Knowledge Hypergraph Embedding Meets Relational Algebra},
  volume = {24},
  year = {2023}
}

@article{feldman2023calibrated,
  author = {Feldman, Shai and Bates, Stephen and Romano, Yaniv},
  journal = {Journal of Machine Learning Research},
  note = {<http://jmlr.org/papers/v24/21-1280.html>},
  number = {24},
  openalex = {W4286912341},
  pages = {1–48},
  title = {Calibrated Multiple-Output Quantile Regression with Representation Learning},
  volume = {24},
  year = {2023}
}

@article{feldman2023how,
  author = {Feldman, Moran and Harshaw, Christopher and Karbasi, Amin},
  journal = {Journal of Machine Learning Research},
  note = {<http://jmlr.org/papers/v24/21-0782.html>},
  number = {72},
  openalex = {W3181027293},
  pages = {1–87},
  title = {How Do You Want Your Greedy: Simultaneous or Repeated?},
  volume = {24},
  year = {2023}
}

@article{feng2023over,
  author = {Feng, Xingdong and Jiao, Yuling and Kang, Lican and Zhang, Baqun and Zhou, Fan},
  journal = {Journal of Machine Learning Research},
  note = {<http://jmlr.org/papers/v24/22-0865.html>},
  number = {383},
  pages = {1–40},
  title = {Over-parameterized Deep Nonparametric Regression for Dependent Data with Its Applications to Reinforcement Learning},
  volume = {24},
  year = {2023}
}

@article{fernandez2023intrinsic,
  author = {Fernández, Ximena and Borghini, Eugenio and Mindlin, Gabriel and Groisman, Pablo},
  journal = {Journal of Machine Learning Research},
  note = {<http://jmlr.org/papers/v24/21-1044.html>},
  number = {75},
  openalex = {W4317832180},
  pages = {1–42},
  title = {Intrinsic persistent homology via density-based metric learning},
  volume = {24},
  year = {2023}
}

@article{feyzmahdavian2023asynchronous,
  author = {Feyzmahdavian, Hamid Reza and Johansson, Mikael},
  journal = {Journal of Machine Learning Research},
  note = {<http://jmlr.org/papers/v24/22-0555.html>},
  number = {158},
  openalex = {W4286981763},
  pages = {1–75},
  title = {Asynchronous Iterations in Optimization: New Sequence Results and Sharper Algorithmic Guarantees},
  volume = {24},
  year = {2023}
}

@article{finocchio2023posterior,
  author = {Finocchio, Gianluca and Schmidt-Hieber, Johannes},
  journal = {Journal of Machine Learning Research},
  note = {<http://jmlr.org/papers/v24/21-0556.html>},
  number = {66},
  openalex = {W4287181175},
  pages = {1–49},
  title = {Posterior contraction for deep Gaussian process priors},
  volume = {24},
  year = {2023}
}

@article{fokkema2023attributionbased,
  author = {Fokkema, Hidde and de Heide, Rianne and Erven, Tim van},
  journal = {Journal of Machine Learning Research},
  note = {<http://jmlr.org/papers/v24/23-0042.html>},
  number = {360},
  openalex = {W4281685029},
  pages = {1–37},
  title = {Attribution-based Explanations that Provide Recourse Cannot be Robust},
  volume = {24},
  year = {2023}
}

@article{fountoulakis2023graph,
  author = {Fountoulakis, Kimon and Levi, Amit and Yang, Shenghao and Baranwal, Aseem and Jagannath, Aukosh},
  journal = {Journal of Machine Learning Research},
  note = {<http://jmlr.org/papers/v24/22-125.html>},
  number = {246},
  openalex = {W4226093342},
  pages = {1–52},
  title = {Graph Attention Retrospective},
  volume = {24},
  year = {2023}
}

@article{fraboni2023general,
  author = {Fraboni, Yann and Vidal, Richard and Kameni, Laetitia and Lorenzi, Marco},
  journal = {Journal of Machine Learning Research},
  note = {<http://jmlr.org/papers/v24/22-0689.html>},
  number = {110},
  openalex = {W4283318592},
  pages = {1–43},
  title = {A General Theory for Federated Optimization with Asynchronous and Heterogeneous Clients Updates},
  volume = {24},
  year = {2023}
}

@article{franc2023optimal,
  author = {Franc, Vojtech and Prusa, Daniel and Voracek, Vaclav},
  journal = {Journal of Machine Learning Research},
  note = {<http://jmlr.org/papers/v24/21-0048.html>},
  number = {11},
  openalex = {W3127462923},
  pages = {1–49},
  title = {Optimal strategies for reject option classifiers},
  volume = {24},
  year = {2023}
}

@article{frei2023random,
  author = {Frei, Spencer and Chatterji, Niladri S. and Bartlett, Peter L.},
  journal = {Journal of Machine Learning Research},
  note = {<http://jmlr.org/papers/v24/22-1132.html>},
  number = {303},
  openalex = {W4226426379},
  pages = {1–49},
  title = {Random Feature Amplification: Feature Learning and Generalization in Neural Networks},
  volume = {24},
  year = {2023}
}

@article{fritz2023d,
  author = {Fritz, Tobias and Klingler, Andreas},
  journal = {Journal of Machine Learning Research},
  note = {<http://jmlr.org/papers/v24/22-0916.html>},
  number = {46},
  pages = {1–49},
  title = {The d-separation criterion in Categorical Probability},
  volume = {24},
  year = {2023}
}

@article{gagnon2023improving,
  author = {Gagnon, Philippe and Maire, Florian and Zanella, Giacomo},
  journal = {Journal of Machine Learning Research},
  note = {<http://jmlr.org/papers/v24/22-1351.html>},
  number = {248},
  openalex = {W4309804929},
  pages = {1–59},
  title = {Improving multiple-try Metropolis with local balancing},
  volume = {24},
  year = {2023}
}

@article{galhotra2023community,
  author = {Galhotra, Sainyam and Mazumdar, Arya and Pal, Soumyabrata and Saha, Barna},
  journal = {Journal of Machine Learning Research},
  note = {<http://jmlr.org/papers/v24/22-0572.html>},
  number = {338},
  openalex = {W4283448257},
  pages = {1–53},
  title = {Community Recovery in the Geometric Block Model},
  volume = {24},
  year = {2023}
}

@article{ganguly2023infinite,
  author = {Ganguly, Arnab and Mitra, Riten and Zhou, Jinpu},
  journal = {Journal of Machine Learning Research},
  note = {<http://jmlr.org/papers/v24/22-0582.html>},
  number = {159},
  openalex = {W4320451343},
  pages = {1–39},
  title = {Infinite-dimensional optimization and Bayesian nonparametric learning of stochastic differential equations},
  volume = {24},
  year = {2023}
}

@article{gao2023sparse,
  author = {Gao, Sheng and Ma, Zongming},
  journal = {Journal of Machine Learning Research},
  note = {<http://jmlr.org/papers/v24/21-0745.html>},
  number = {135},
  openalex = {W3175424480},
  pages = {1–61},
  title = {Sparse GCA and Thresholded Gradient Descent},
  volume = {24},
  year = {2023}
}

@article{gao2023two,
  author = {Gao, Hanjia and Shao, Xiaofeng},
  journal = {Journal of Machine Learning Research},
  note = {<http://jmlr.org/papers/v24/22-1136.html>},
  number = {304},
  openalex = {W3203519543},
  pages = {1–33},
  title = {Two Sample Testing in High Dimension via Maximum Mean Discrepancy},
  volume = {24},
  year = {2023}
}

@article{ghari2023graphaided,
  author = {Ghari, Pouya M. and Shen, Yanning},
  journal = {Journal of Machine Learning Research},
  note = {<http://jmlr.org/papers/v24/21-0877.html>},
  number = {21},
  openalex = {W3127959413},
  pages = {1–44},
  title = {Graph-Aided Online Multi-Kernel Learning},
  volume = {24},
  year = {2023}
}

@article{gonon2023random,
  author = {Gonon, Lukas},
  journal = {Journal of Machine Learning Research},
  note = {<http://jmlr.org/papers/v24/21-0987.html>},
  number = {189},
  openalex = {W4322614761},
  pages = {1–51},
  title = {Random feature neural networks learn Black-Scholes type PDEs without curse of dimensionality},
  volume = {24},
  year = {2023}
}

@article{gorbach2023contrasting,
  author = {Gorbach, Tetiana and de Luna, Xavier and Karvanen, Juha and Waernbaum, Ingeborg},
  journal = {Journal of Machine Learning Research},
  note = {<http://jmlr.org/papers/v24/21-1392.html>},
  number = {197},
  openalex = {W4226148544},
  pages = {1–65},
  title = {Contrasting Identifying Assumptions of Average Causal Effects: Robustness and Semiparametric Efficiency},
  volume = {24},
  year = {2023}
}

@article{gosgens2023hyperspherical,
  author = {Gösgens, Martijn and van der Hofstad, Remco and Litvak, Nelly},
  journal = {Journal of Machine Learning Research},
  note = {<http://jmlr.org/papers/v24/22-0744.html>},
  number = {112},
  openalex = {W4287083922},
  pages = {1–36},
  title = {The Hyperspherical Geometry of Community Detection: Modularity as a Distance},
  volume = {24},
  year = {2023}
}

@article{graf2023prediction,
  author = {Graf, Lukas and Harks, Tobias and Kollias, Kostas and Markl, Michael},
  journal = {Journal of Machine Learning Research},
  note = {<http://jmlr.org/papers/v24/22-1446.html>},
  number = {310},
  pages = {1–33},
  title = {Prediction Equilibrium for Dynamic Network Flows},
  volume = {24},
  year = {2023}
}

@article{grant2023learning,
  author = {Grant, James A. and Leslie, David S.},
  journal = {Journal of Machine Learning Research},
  note = {<http://jmlr.org/papers/v24/20-981.html>},
  number = {260},
  openalex = {W3083712961},
  pages = {1–49},
  title = {Learning to Rank under Multinomial Logit Choice},
  volume = {24},
  year = {2023}
}

@article{graves2023off,
  author = {Graves, Eric and Imani, Ehsan and Kumaraswamy, Raksha and White, Martha},
  journal = {Journal of Machine Learning Research},
  note = {<http://jmlr.org/papers/v24/21-1350.html>},
  number = {146},
  openalex = {W4226248760},
  pages = {1–63},
  title = {Off-Policy Actor-Critic with Emphatic Weightings},
  volume = {24},
  year = {2023}
}

@article{grazzi2023bilevel,
  author = {Grazzi, Riccardo and Pontil, Massimiliano and Salzo, Saverio},
  journal = {Journal of Machine Learning Research},
  note = {<http://jmlr.org/papers/v24/22-1043.html>},
  number = {167},
  openalex = {W4221142334},
  pages = {1–37},
  title = {Bilevel Optimization with a Lower-level Contraction: Optimal Sample Complexity without Warm-start},
  volume = {24},
  year = {2023}
}

@article{grimmer2023naive,
  author = {Grimmer, Justin and Knox, Dean and Stewart, Brandon},
  journal = {Journal of Machine Learning Research},
  note = {<http://jmlr.org/papers/v24/21-0515.html>},
  number = {182},
  pages = {1–70},
  title = {Naive regression requires weaker assumptions than factor models to adjust for multiple cause confounding},
  volume = {24},
  year = {2023}
}

@article{gu2023dimension,
  author = {Gu, Yuqi and Erosheva, Elena E. and Xu, Gongjun and Dunson, David B.},
  journal = {Journal of Machine Learning Research},
  note = {<http://jmlr.org/papers/v24/21-1513.html>},
  number = {88},
  openalex = {W3202519246},
  pages = {1–49},
  title = {Dimension-Grouped Mixed Membership Models for Multivariate Categorical Data},
  volume = {24},
  year = {2023}
}

@article{gu2023distributed,
  author = {Gu, Jia and Chen, Song Xi},
  journal = {Journal of Machine Learning Research},
  note = {<http://jmlr.org/papers/v24/22-1274.html>},
  number = {387},
  pages = {1–57},
  title = {Distributed Statistical Inference under Heterogeneity},
  volume = {24},
  year = {2023}
}

@article{guo2023fast,
  author = {Guo, Zhishuai and Yan, Yan and Yuan, Zhuoning and Yang, Tianbao},
  journal = {Journal of Machine Learning Research},
  note = {<http://jmlr.org/papers/v24/21-1471.html>},
  number = {148},
  openalex = {W3035278189},
  pages = {1–63},
  title = {Fast Objective and Duality Gap Convergence for Non-convex Strongly-concave Min-max Problems.},
  volume = {24},
  year = {2023}
}

@article{guo2023randomized,
  author = {Guo, Xiao and Qiu, Yixuan and Zhang, Hai and Chang, Xiangyu},
  journal = {Journal of Machine Learning Research},
  note = {<http://jmlr.org/papers/v24/20-572.html>},
  number = {380},
  openalex = {W3018460594},
  pages = {1–68},
  title = {Randomized spectral co-clustering for large-scale directed networks},
  volume = {24},
  year = {2023}
}

@article{guo2023statistical,
  author = {Guo, Shaoyan and Xu, Huifu and Zhang, Liwei},
  journal = {Journal of Machine Learning Research},
  note = {<http://jmlr.org/papers/v24/20-1039.html>},
  number = {125},
  openalex = {W3024686743},
  pages = {1–38},
  title = {Statistical Robustness of Empirical Risks in Machine Learning},
  volume = {24},
  year = {2023}
}

@article{hadiji2023adaptation,
  author = {Hadiji, Hédi and Stoltz, Gilles},
  journal = {Journal of Machine Learning Research},
  note = {<http://jmlr.org/papers/v24/21-0148.html>},
  number = {13},
  openalex = {W3033899073},
  pages = {1–33},
  title = {Adaptation to the Range in K-Armed Bandits},
  volume = {24},
  year = {2023}
}

@article{hama2023deletion,
  author = {Hama, Naofumi and Mase, Masayoshi and Owen, Art B.},
  journal = {Journal of Machine Learning Research},
  note = {<http://jmlr.org/papers/v24/22-0560.html>},
  number = {290},
  openalex = {W4281671063},
  pages = {1–38},
  title = {Deletion and Insertion Tests in Regression Models},
  volume = {24},
  year = {2023}
}

@article{hambly2023policy,
  author = {Hambly, Ben and Xu, Renyuan and Yang, Huining},
  journal = {Journal of Machine Learning Research},
  note = {<http://jmlr.org/papers/v24/21-0842.html>},
  number = {139},
  openalex = {W3188363771},
  pages = {1–56},
  title = {Policy Gradient Methods Find the Nash Equilibrium in N-player General-sum Linear-quadratic Games},
  volume = {24},
  year = {2023}
}

@article{han2023fitting,
  author = {Han, Xu and Chen, Xiaohui and Ruiz, Francisco J. R. and Liu, Li-Ping},
  journal = {Journal of Machine Learning Research},
  note = {<http://jmlr.org/papers/v24/22-0337.html>},
  number = {97},
  pages = {1–30},
  title = {Fitting Autoregressive Graph Generative Models through Maximum Likelihood Estimation},
  volume = {24},
  year = {2023}
}

@article{harder2023hard,
  author = {Harder, Paula and Hernandez-Garcia, Alex and Ramesh, Venkatesh and Yang, Qidong and Sattegeri, Prasanna and Szwarcman, Daniela and Watson, Campbell and Rolnick, David},
  journal = {Journal of Machine Learning Research},
  note = {<http://jmlr.org/papers/v24/23-0158.html>},
  number = {365},
  pages = {1–40},
  title = {Hard-Constrained Deep Learning for Climate Downscaling},
  volume = {24},
  year = {2023}
}

@article{harlim2023radial,
  author = {Harlim, John and Jiang, Shixiao Willing and Peoples, John Wilson},
  journal = {Journal of Machine Learning Research},
  note = {<http://jmlr.org/papers/v24/22-1193.html>},
  number = {345},
  openalex = {W4299913734},
  pages = {1–85},
  title = {Radial basis approximation of tensor fields on manifolds: From operator estimation to manifold learning},
  volume = {24},
  year = {2023}
}

@article{hazimeh2023l0learn,
  author = {Hazimeh, Hussein and Mazumder, Rahul and Nonet, Tim},
  journal = {Journal of Machine Learning Research},
  note = {<http://jmlr.org/papers/v24/22-0189.html>},
  number = {205},
  openalex = {W4221152715},
  pages = {1–8},
  title = {L0Learn: A Scalable Package for Sparse Learning using L0 Regularization},
  volume = {24},
  year = {2023}
}

@article{he2023unified,
  author = {He, Shiyuan and Ye, Hanxuan and He, Kejun},
  journal = {Journal of Machine Learning Research},
  note = {<http://jmlr.org/papers/v24/22-0587.html>},
  number = {291},
  openalex = {W4308758544},
  pages = {1–69},
  title = {A Unified Analysis of Multi-task Functional Linear Regression Models with Manifold Constraint and Composite Quadratic Penalty},
  volume = {24},
  year = {2023}
}

@article{heddes2023torchhd,
  author = {Heddes, Mike and Nunes, Igor and Vergés, Pere and Kleyko, Denis and Abraham, Danny and Givargis, Tony and Nicolau, Alexandru and Veidenbaum, Alexander},
  journal = {Journal of Machine Learning Research},
  note = {<http://jmlr.org/papers/v24/23-0300.html>},
  number = {255},
  pages = {1–10},
  title = {Torchhd: An Open Source Python Library to Support Research on Hyperdimensional Computing and Vector Symbolic Architectures},
  volume = {24},
  year = {2023}
}

@article{hedstrom2023quantus,
  author = {Hedström, Anna and Weber, Leander and Krakowczyk, Daniel and Bareeva, Dilyara and Motzkus, Franz and Samek, Wojciech and Lapuschkin, Sebastian and Höhne, Marina M.-C.},
  journal = {Journal of Machine Learning Research},
  note = {<http://jmlr.org/papers/v24/22-0142.html>},
  number = {34},
  openalex = {W4221159886},
  pages = {1–11},
  title = {Quantus: An Explainable AI Toolkit for Responsible Evaluation of Neural Network Explanations and Beyond},
  volume = {24},
  year = {2023}
}

@article{heiss2023multilevel,
  author = {Heiß, Cosmas and Gühring, Ingo and Eigel, Martin},
  journal = {Journal of Machine Learning Research},
  note = {<http://jmlr.org/papers/v24/23-0421.html>},
  number = {373},
  openalex = {W4362643572},
  pages = {1–42},
  title = {Multilevel CNNs for Parametric PDEs},
  volume = {24},
  year = {2023}
}

@article{hess2023protoshotxai,
  author = {Hess, Samuel and Ditzler, Gregory},
  journal = {Journal of Machine Learning Research},
  note = {<http://jmlr.org/papers/v24/21-1261.html>},
  number = {325},
  openalex = {W3209110901},
  pages = {1–49},
  title = {ProtoShotXAI: Using Prototypical Few-Shot Architecture for Explainable AI},
  volume = {24},
  year = {2023}
}

@article{hien2023inertial,
  author = {Le Thi Khanh Hien and Phan, Duy Nhat and Gillis, Nicolas},
  journal = {Journal of Machine Learning Research},
  note = {<http://jmlr.org/papers/v24/21-0571.html>},
  number = {18},
  openalex = {W4287635017},
  pages = {1–41},
  title = {An Inertial Block Majorization Minimization Framework for Nonsmooth Nonconvex Optimization},
  volume = {24},
  year = {2023}
}

@article{hillman2023optimizing,
  author = {Hillman, Jonathan and Hocking, Toby Dylan},
  journal = {Journal of Machine Learning Research},
  note = {<http://jmlr.org/papers/v24/21-0751.html>},
  number = {70},
  openalex = {W3179518614},
  pages = {1–24},
  title = {Optimizing ROC Curves with a Sort-Based Surrogate Loss Function for Binary Classification and Changepoint Detection},
  volume = {24},
  year = {2023}
}

@article{holzmuller2023framework,
  author = {Holzmüller, David and Zaverkin, Viktor and Kästner, Johannes and Steinwart, Ingo},
  journal = {Journal of Machine Learning Research},
  note = {<http://jmlr.org/papers/v24/22-0937.html>},
  number = {164},
  openalex = {W4221139162},
  pages = {1–81},
  title = {A Framework and Benchmark for Deep Batch Active Learning for Regression},
  volume = {24},
  year = {2023}
}

@article{hong2023protorynet,
  author = {Hong, Dat and Wang, Tong and Baek, Stephen},
  journal = {Journal of Machine Learning Research},
  note = {<http://jmlr.org/papers/v24/21-0899.html>},
  number = {264},
  openalex = {W3038979745},
  pages = {1–39},
  title = {ProtoryNet - Interpretable Text Classification Via Prototype Trajectories},
  volume = {24},
  year = {2023}
}

@article{horvat2023density,
  author = {Horvat, Christian and Pfister, Jean-Pascal},
  journal = {Journal of Machine Learning Research},
  note = {<http://jmlr.org/papers/v24/21-0235.html>},
  number = {61},
  openalex = {W4287169354},
  pages = {1–37},
  title = {Density estimation on low-dimensional manifolds: an inflation-deflation approach},
  volume = {24},
  year = {2023}
}

@article{hou2023instance,
  author = {Hou, Songyan and Kassraie, Parnian and Kratsios, Anastasis and Krause, Andreas and Rothfuss, Jonas},
  journal = {Journal of Machine Learning Research},
  note = {<http://jmlr.org/papers/v24/22-1293.html>},
  number = {349},
  openalex = {W4308162092},
  pages = {1–51},
  title = {Instance-Dependent Generalization Bounds via Optimal Transport},
  volume = {24},
  year = {2023}
}

@article{hou2023surrogate,
  author = {Hou, Jue and Guo, Zijian and Cai, Tianxi},
  journal = {Journal of Machine Learning Research},
  note = {<http://jmlr.org/papers/v24/21-1075.html>},
  number = {265},
  openalex = {W3157807213},
  pages = {1–58},
  title = {Surrogate Assisted Semi-supervised Inference for High Dimensional Risk Prediction},
  volume = {24},
  year = {2023}
}

@article{hu2023conditional,
  author = {Hu, Bingqing and Nan, Bin},
  journal = {Journal of Machine Learning Research},
  note = {<http://jmlr.org/papers/v24/22-0657.html>},
  number = {223},
  openalex = {W4284896965},
  pages = {1–26},
  title = {Conditional Distribution Function Estimation Using Neural Networks for Censored and Uncensored Data},
  volume = {24},
  year = {2023}
}

@article{hu2023marl,
  author = {Hu, Siyi and Zhong, Yifan and Gao, Minquan and Wang, Weixun and Dong, Hao and Liang, Xiaodan and Li, Zhihui and Chang, Xiaojun and Yang, Yaodong},
  journal = {Journal of Machine Learning Research},
  note = {<http://jmlr.org/papers/v24/23-0378.html>},
  number = {315},
  openalex = {W4307416208},
  pages = {1–23},
  title = {MARLlib: A Scalable and Efficient Multi-agent Reinforcement Learning Library},
  volume = {24},
  year = {2023}
}

@article{hu2023optimal,
  author = {Hu, Xiaonan and Zhang, Xinyu},
  journal = {Journal of Machine Learning Research},
  note = {<http://jmlr.org/papers/v24/23-0030.html>},
  number = {358},
  pages = {1–53},
  title = {Optimal Parameter-Transfer Learning by Semiparametric Model Averaging},
  volume = {24},
  year = {2023}
}

@article{huang2023gans,
  author = {Huang, Yu-Jui and Zhang, Yuchong},
  journal = {Journal of Machine Learning Research},
  note = {<http://jmlr.org/papers/v24/22-0583.html>},
  number = {217},
  pages = {1–40},
  title = {GANs as Gradient Flows that Converge},
  volume = {24},
  year = {2023}
}

@article{huang2023hierarchical,
  author = {Huang, Wentao and Lu, Houbao and Zhang, Haizhang},
  journal = {Journal of Machine Learning Research},
  note = {<http://jmlr.org/papers/v24/23-0538.html>},
  number = {391},
  pages = {1–30},
  title = {Hierarchical Kernels in Deep Kernel Learning},
  volume = {24},
  year = {2023}
}

@article{huillier2023semiparametric,
  author = {L'Huillier, Alice and Travis, Luke and Castillo, Ismaël and Ray, Kolyan},
  journal = {Journal of Machine Learning Research},
  note = {<http://jmlr.org/papers/v24/23-0089.html>},
  number = {389},
  openalex = {W4317672120},
  pages = {1–61},
  title = {Semiparametric inference using fractional posteriors},
  volume = {24},
  year = {2023}
}

@article{ikeuchi2023python,
  author = {Ikeuchi, Takashi and Ide, Mayumi and Zeng, Yan and Maeda, Takashi Nicholas and Shimizu, Shohei},
  journal = {Journal of Machine Learning Research},
  note = {<http://jmlr.org/papers/v24/21-0321.html>},
  number = {14},
  pages = {1–8},
  title = {Python package for causal discovery based on LiNGAM},
  volume = {24},
  year = {2023}
}

@article{ishikawa2023universal,
  author = {Ishikawa, Isao and Teshima, Takeshi and Tojo, Koichi and Oono, Kenta and Ikeda, Masahiro and Sugiyama, Masashi},
  journal = {Journal of Machine Learning Research},
  note = {<http://jmlr.org/papers/v24/22-0384.html>},
  number = {287},
  openalex = {W4224910142},
  pages = {1–68},
  title = {Universal approximation property of invertible neural networks},
  volume = {24},
  year = {2023}
}

@article{ito2023parameter,
  author = {Ito, Masaru and Lu, Zhaosong and He, Chuan},
  journal = {Journal of Machine Learning Research},
  note = {<http://jmlr.org/papers/v24/22-0983.html>},
  number = {166},
  pages = {1–34},
  title = {A Parameter-Free Conditional Gradient Method for Composite Minimization under Hölder Condition},
  volume = {24},
  year = {2023}
}

@article{iyer2023wide,
  author = {Iyer, Nikhil and Thejas, V. and Kwatra, Nipun and Ramjee, Ramachandran and Sivathanu, Muthian},
  journal = {Journal of Machine Learning Research},
  note = {<http://jmlr.org/papers/v24/21-0549.html>},
  number = {65},
  openalex = {W3009852821},
  pages = {1–37},
  title = {Wide-minima Density Hypothesis and the Explore-Exploit Learning Rate Schedule},
  volume = {24},
  year = {2023}
}

@article{izacard2023atlas,
  author = {Izacard, Gautier and Lewis, Patrick and Lomeli, Maria and Hosseini, Lucas and Petroni, Fabio and Schick, Timo and Dwivedi-Yu, Jane and Joulin, Armand and Riedel, Sebastian and Grave, Edouard},
  journal = {Journal of Machine Learning Research},
  note = {<http://jmlr.org/papers/v24/23-0037.html>},
  number = {251},
  openalex = {W4301243929},
  pages = {1–43},
  title = {Atlas: Few-shot Learning with Retrieval Augmented Language Models},
  volume = {24},
  year = {2023}
}

@article{jakubowski2023exploiting,
  author = {Jakubowski, Benjamin and Somanchi, Sriram and McFowland III, Edward and Neill, Daniel B.},
  journal = {Journal of Machine Learning Research},
  note = {<http://jmlr.org/papers/v24/21-0670.html>},
  number = {133},
  pages = {1–57},
  title = {Exploiting Discovered Regression Discontinuities to Debias Conditioned-on-observable Estimators},
  volume = {24},
  year = {2023}
}

@article{jansen2023statistical,
  author = {Jansen, Christoph and Nalenz, Malte and Schollmeyer, Georg and Augustin, Thomas},
  journal = {Journal of Machine Learning Research},
  note = {<http://jmlr.org/papers/v24/22-0902.html>},
  number = {231},
  openalex = {W4297632448},
  pages = {1–37},
  title = {Statistical Comparisons of Classifiers by Generalized Stochastic Dominance},
  volume = {24},
  year = {2023}
}

@article{javed2023scalable,
  author = {Javed, Khurram and Shah, Haseeb and Sutton, Richard S. and White, Martha},
  journal = {Journal of Machine Learning Research},
  note = {<http://jmlr.org/papers/v24/23-0367.html>},
  number = {256},
  pages = {1–34},
  title = {Scalable Real-Time Recurrent Learning Using Columnar-Constructive Networks},
  volume = {24},
  year = {2023}
}

@article{jeong2023art,
  author = {Jeong, Seonghyun and Rockova, Veronika},
  journal = {Journal of Machine Learning Research},
  note = {<http://jmlr.org/papers/v24/22-0382.html>},
  number = {337},
  openalex = {W4287689322},
  pages = {1–65},
  title = {The art of BART: Minimax optimality over nonhomogeneous smoothness in high dimension},
  volume = {24},
  year = {2023}
}

@article{ji2023distributed,
  author = {Ji, Yao and Scutari, Gesualdo and Sun, Ying and Honnappa, Harsha},
  journal = {Journal of Machine Learning Research},
  note = {<http://jmlr.org/papers/v24/21-1333.html>},
  number = {272},
  pages = {1–62},
  title = {Distributed Sparse Regression via Penalization},
  volume = {24},
  year = {2023}
}

@article{ji2023lower,
  author = {ji, Kaiyi and Liang, Yingbin},
  journal = {Journal of Machine Learning Research},
  note = {<http://jmlr.org/papers/v24/21-0949.html>},
  number = {22},
  openalex = {W3126652544},
  pages = {1–56},
  title = {Lower Bounds and Accelerated Algorithms for Bilevel Optimization},
  volume = {24},
  year = {2023}
}

@article{ji2023power,
  author = {Ji, Wenlong and Deng, Zhun and Nakada, Ryumei and Zou, James and Zhang, Linjun},
  journal = {Journal of Machine Learning Research},
  note = {<http://jmlr.org/papers/v24/21-1501.html>},
  number = {330},
  openalex = {W3203468910},
  pages = {1–78},
  title = {The Power of Contrast for Feature Learning: A Theoretical Analysis},
  volume = {24},
  year = {2023}
}

@article{jia2023q,
  author = {Jia, Yanwei and Zhou, Xun Yu},
  journal = {Journal of Machine Learning Research},
  note = {<http://jmlr.org/papers/v24/22-0755.html>},
  number = {161},
  openalex = {W4283836230},
  pages = {1–61},
  title = {q-Learning in Continuous Time},
  volume = {24},
  year = {2023}
}

@article{jia2023variational,
  author = {Jia, Junxiong and Wu, Yanni and Li, Peijun and Meng, Deyu},
  journal = {Journal of Machine Learning Research},
  note = {<http://jmlr.org/papers/v24/22-0006.html>},
  number = {201},
  openalex = {W4221167292},
  pages = {1–60},
  title = {Variational Inverting Network for Statistical Inverse Problems of Partial Differential Equations},
  volume = {24},
  year = {2023}
}

@article{jiang2023deep,
  author = {Jiang, Binyan and Li, Jialiang and Yao, Qiwei},
  journal = {Journal of Machine Learning Research},
  note = {<http://jmlr.org/papers/v24/22-0845.html>},
  number = {227},
  pages = {1–69},
  title = {Deep AutoRegressive Networks},
  volume = {24},
  year = {2023}
}

@article{jin2023autokeras,
  author = {Jin, Haifeng and Chollet, François and Song, Qingquan and Hu, Xia},
  journal = {Journal of Machine Learning Research},
  note = {<http://jmlr.org/papers/v24/20-1355.html>},
  number = {6},
  pages = {1–6},
  title = {AutoKeras: An AutoML Library for Deep Learning},
  volume = {24},
  year = {2023}
}

@article{jin2023continuous,
  author = {Jin, Kexin and Latz, Jonas and Liu, Chenguang and Schönlieb, Carola-Bibiane},
  journal = {Journal of Machine Learning Research},
  note = {<http://jmlr.org/papers/v24/21-1463.html>},
  number = {274},
  openalex = {W4200630783},
  pages = {1–48},
  title = {A Continuous-time Stochastic Gradient Descent Method for Continuous Data},
  volume = {24},
  year = {2023}
}

@article{jin2023implicit,
  author = {Jin, Hui and Montufar, Guido},
  journal = {Journal of Machine Learning Research},
  note = {<http://jmlr.org/papers/v24/21-0832.html>},
  number = {137},
  openalex = {W4313597259},
  pages = {1–97},
  title = {Implicit Bias of Gradient Descent for Mean Squared Error Regression with Two-Layer Wide Neural Networks},
  volume = {24},
  year = {2023}
}

@article{jin2023modular,
  author = {Jin, Ying and Rothenhäusler, Dominik},
  journal = {Journal of Machine Learning Research},
  note = {<http://jmlr.org/papers/v24/22-1318.html>},
  number = {351},
  openalex = {W4309584565},
  pages = {1–52},
  title = {Modular Regression: Improving Linear Models by Incorporating Auxiliary Data},
  volume = {24},
  year = {2023}
}

@article{jin2023selection,
  author = {Jin, Ying and Candes, Emmanuel J.},
  journal = {Journal of Machine Learning Research},
  note = {<http://jmlr.org/papers/v24/22-1176.html>},
  number = {244},
  openalex = {W4302306162},
  pages = {1–41},
  title = {Selection by Prediction with Conformal p-values},
  volume = {24},
  year = {2023}
}

@article{jordan2023first,
  author = {Jordan, Michael I. and Lin, Tianyi and Zampetakis, Manolis},
  journal = {Journal of Machine Learning Research},
  note = {<http://jmlr.org/papers/v24/22-0310.html>},
  number = {38},
  openalex = {W4223443946},
  pages = {1–46},
  title = {First-Order Algorithms for Nonlinear Generalized Nash Equilibrium Problems},
  volume = {24},
  year = {2023}
}

@article{kading2023distinguishing,
  author = {Käding, Christoph and Runge, Jakob},
  journal = {Journal of Machine Learning Research},
  note = {<http://jmlr.org/papers/v24/22-0151.html>},
  number = {278},
  pages = {1–144},
  title = {Distinguishing Cause and Effect in Bivariate Structural Causal Models: A Systematic Investigation},
  volume = {24},
  year = {2023}
}

@article{kandanaarachchi2023comprehensive,
  author = {Kandanaarachchi, Sevvandi and Smith-Miles, Kate},
  journal = {Journal of Machine Learning Research},
  note = {<http://jmlr.org/papers/v24/20-1318.html>},
  number = {177},
  openalex = {W4385473546},
  pages = {1–52},
  title = {Comprehensive Algorithm Portfolio Evaluation using Item Response Theory},
  volume = {24},
  year = {2023}
}

@article{kandasamy2023vcg,
  author = {Kandasamy, Kirthevasan and Gonzalez, Joseph E and Jordan, Michael I and Stoica, Ion},
  journal = {Journal of Machine Learning Research},
  note = {<http://jmlr.org/papers/v24/20-1226.html>},
  number = {53},
  openalex = {W4285688132},
  pages = {1–45},
  title = {VCG Mechanism Design with Unknown Agent Values under Stochastic Bandit Feedback},
  volume = {24},
  year = {2023}
}

@article{kara2023q,
  author = {Kara, Ali and Saldi, Naci and Yüksel, Serdar},
  journal = {Journal of Machine Learning Research},
  note = {<http://jmlr.org/papers/v24/21-1457.html>},
  number = {199},
  pages = {1–34},
  title = {Q-Learning for MDPs with General Spaces: Convergence and Near Optimality via Quantization under Weak Continuity},
  volume = {24},
  year = {2023}
}

@article{karlé2023dynamic,
  author = {Karlé, Eglantine and Tyagi, Hemant},
  journal = {Journal of Machine Learning Research},
  note = {<http://jmlr.org/papers/v24/21-1179.html>},
  number = {269},
  openalex = {W4384274307},
  pages = {1–57},
  title = {Dynamic Ranking with the BTL Model: A Nearest Neighbor based Rank Centrality Method},
  volume = {24},
  year = {2023}
}

@article{karvonen2023maximum,
  author = {Karvonen, Toni and Oates, Chris J.},
  journal = {Journal of Machine Learning Research},
  note = {<http://jmlr.org/papers/v24/22-1153.html>},
  number = {120},
  openalex = {W4221154418},
  pages = {1–47},
  title = {Maximum Likelihood Estimation in Gaussian Process Regression is Ill-Posed},
  volume = {24},
  year = {2023}
}

@article{kashlak2023topological,
  author = {Kashlak, Adam B and Loliencar, Prachi and Heo, Giseon},
  journal = {Journal of Machine Learning Research},
  note = {<http://jmlr.org/papers/v24/22-0685.html>},
  number = {340},
  openalex = {W4281632532},
  pages = {1–49},
  title = {Topological Hidden Markov Models},
  volume = {24},
  year = {2023}
}

@article{kaul2023inference,
  author = {Kaul, Abhishek and Zhang, Hongjin and Tsampourakis, Konstantinos and Michailidis, George},
  journal = {Journal of Machine Learning Research},
  note = {<http://jmlr.org/papers/v24/22-1122.html>},
  number = {168},
  pages = {1–68},
  title = {Inference on the Change Point under a High Dimensional Covariance Shift},
  volume = {24},
  year = {2023}
}

@article{khan2023bayesian,
  author = {Khan, Mohammad Emtiyaz and Rue, Håvard},
  journal = {Journal of Machine Learning Research},
  note = {<http://jmlr.org/papers/v24/22-0291.html>},
  number = {281},
  openalex = {W4294825671},
  pages = {1–46},
  title = {The Bayesian Learning Rule},
  volume = {24},
  year = {2023}
}

@article{kim2023scale,
  author = {Kim, Cheolmin and Kim, Youngseok and Klabjan, Diego},
  journal = {Journal of Machine Learning Research},
  note = {<http://jmlr.org/papers/v24/19-784.html>},
  number = {321},
  openalex = {W2945743233},
  pages = {1–47},
  title = {Scale Invariant Power Iteration},
  volume = {24},
  year = {2023}
}

@article{kirschner2023linear,
  author = {Kirschner, Johannes and Lattimore, Tor and Krause, Andreas},
  journal = {Journal of Machine Learning Research},
  note = {<http://jmlr.org/papers/v24/22-1248.html>},
  number = {346},
  openalex = {W4319653952},
  pages = {1–45},
  title = {Linear Partial Monitoring for Sequential Decision-Making: Algorithms, Regret Bounds and Applications},
  volume = {24},
  year = {2023}
}

@article{klepper2023clustering,
  author = {Klepper, Solveig and Elbracht, Christian and Fioravanti, Diego and Kneip, Jakob and Rendsburg, Luca and Teegen, Maximilian and von Luxburg, Ulrike},
  journal = {Journal of Machine Learning Research},
  note = {<http://jmlr.org/papers/v24/21-1160.html>},
  number = {190},
  openalex = {W4287752082},
  pages = {1–56},
  title = {Clustering with Tangles: Algorithmic Framework and Theoretical Guarantees},
  volume = {24},
  year = {2023}
}

@article{kour2023efficient,
  author = {Kour, Kirandeep and Dolgov, Sergey and Stoll, Martin and Benner, Peter},
  journal = {Journal of Machine Learning Research},
  note = {<http://jmlr.org/papers/v24/20-1310.html>},
  number = {4},
  openalex = {W3006120480},
  pages = {1–22},
  title = {Efficient Structure-preserving Support Tensor Train Machine},
  volume = {24},
  year = {2023}
}

@article{kovachki2023neural,
  author = {Kovachki, Nikola and Li, Zongyi and Liu, Burigede and Azizzadenesheli, Kamyar and Bhattacharya, Kaushik and Stuart, Andrew and Anandkumar, Anima},
  journal = {Journal of Machine Learning Research},
  note = {<http://jmlr.org/papers/v24/21-1524.html>},
  number = {89},
  openalex = {W4287023463},
  pages = {1–97},
  title = {Neural Operator: Learning Maps Between Function Spaces},
  volume = {24},
  year = {2023}
}

@article{kratsios2023small,
  author = {Kratsios, Anastasis and Debarnot, Valentin and Dokmanić, Ivan},
  journal = {Journal of Machine Learning Research},
  note = {<http://jmlr.org/papers/v24/22-1246.html>},
  number = {170},
  openalex = {W4297834325},
  pages = {1–48},
  title = {Small Transformers Compute Universal Metric Embeddings},
  volume = {24},
  year = {2023}
}

@article{kucukyavuz2023consistent,
  author = {Kucukyavuz, Simge and Shojaie, Ali and Manzour, Hasan and Wei, Linchuan and Wu, Hao-Hsiang},
  journal = {Journal of Machine Learning Research},
  note = {<http://jmlr.org/papers/v24/20-536.html>},
  number = {322},
  openalex = {W3032794712},
  pages = {1–38},
  title = {Consistent Second-Order Conic Integer Programming for Learning Bayesian Networks},
  volume = {24},
  year = {2023}
}

@article{kumar2023unified,
  author = {Kumar, Manoj and Sharma, Anurag and Kumar, Sandeep},
  journal = {Journal of Machine Learning Research},
  note = {<http://jmlr.org/papers/v24/22-1085.html>},
  number = {118},
  openalex = {W4302011352},
  pages = {1–50},
  title = {A Unified Framework for Optimization-Based Graph Coarsening},
  volume = {24},
  year = {2023}
}

@article{kunisch2023learning,
  author = {Kunisch, Karl and Vásquez-Varas, Donato and Walter, Daniel},
  journal = {Journal of Machine Learning Research},
  note = {<http://jmlr.org/papers/v24/22-1010.html>},
  number = {301},
  pages = {1–38},
  title = {Learning Optimal Feedback Operators and their Sparse Polynomial Approximations},
  volume = {24},
  year = {2023}
}

@article{kvamme2023brier,
  author = {Kvamme, Håvard and Borgan, Ørnulf},
  journal = {Journal of Machine Learning Research},
  note = {<http://jmlr.org/papers/v24/19-1030.html>},
  number = {2},
  openalex = {W4287992272},
  pages = {1–26},
  title = {The Brier Score under Administrative Censoring: Problems and Solutions},
  volume = {24},
  year = {2023}
}

@article{kwon2023leaky,
  author = {Kwon, Oh-Ran and Zou, Hui},
  journal = {Journal of Machine Learning Research},
  note = {<http://jmlr.org/papers/v24/22-1104.html>},
  number = {239},
  pages = {1–40},
  title = {Leaky Hockey Stick Loss: The First Negatively Divergent Margin-based Loss Function for Classification},
  volume = {24},
  year = {2023}
}

@article{laberge2023partial,
  author = {Laberge, Gabriel and Pequignot, Yann and Mathieu, Alexandre and Khomh, Foutse and Marchand, Mario},
  journal = {Journal of Machine Learning Research},
  note = {<http://jmlr.org/papers/v24/23-0149.html>},
  number = {364},
  openalex = {W4300772104},
  pages = {1–50},
  title = {Partial Order in Chaos: Consensus on Feature Attributions in the Rashomon Set},
  volume = {24},
  year = {2023}
}

@article{lam2023doubly,
  author = {Lam, Henry and Zhang, Haofeng},
  journal = {Journal of Machine Learning Research},
  note = {<http://jmlr.org/papers/v24/21-1313.html>},
  number = {85},
  openalex = {W3208796896},
  pages = {1–58},
  title = {Doubly Robust Stein-Kernelized Monte Carlo Estimator: Simultaneous Bias-Variance Reduction and Supercanonical Convergence},
  volume = {24},
  year = {2023}
}

@article{lanthaler2023operator,
  author = {Lanthaler, Samuel},
  journal = {Journal of Machine Learning Research},
  note = {<http://jmlr.org/papers/v24/23-0478.html>},
  number = {318},
  openalex = {W4361865118},
  pages = {1–67},
  title = {Operator learning with PCA-Net: upper and lower complexity bounds},
  volume = {24},
  year = {2023}
}

@article{laux2023large,
  author = {Laux, Tim and Lelmi, Jona},
  journal = {Journal of Machine Learning Research},
  note = {<http://jmlr.org/papers/v24/22-1089.html>},
  number = {344},
  openalex = {W4297835500},
  pages = {1–49},
  title = {Large data limit of the MBO scheme for data clustering: convergence of the dynamics},
  volume = {24},
  year = {2023}
}

@article{lawless2023interpretable,
  author = {Lawless, Connor and Dash, Sanjeeb and Gunluk, Oktay and Wei, Dennis},
  journal = {Journal of Machine Learning Research},
  note = {<http://jmlr.org/papers/v24/22-0880.html>},
  number = {229},
  openalex = {W3211519965},
  pages = {1–50},
  title = {Interpretable and Fair Boolean Rule Sets via Column Generation},
  volume = {24},
  year = {2023}
}

@article{lee2023deep,
  author = {Lee, Hoil and Ayed, Fadhel and Jung, Paul and Lee, Juho and Yang, Hongseok and Caron, Francois},
  journal = {Journal of Machine Learning Research},
  note = {<http://jmlr.org/papers/v24/22-0537.html>},
  number = {289},
  openalex = {W4280524072},
  pages = {1–78},
  title = {Deep neural networks with dependent weights: Gaussian Process mixture limit, heavy tails, sparsity and compressibility},
  volume = {24},
  year = {2023}
}

@article{lee2023tcal,
  author = {Lee, Donghwan and Huang, Xinmeng and Hassani, Hamed and Dobriban, Edgar},
  journal = {Journal of Machine Learning Research},
  note = {<http://jmlr.org/papers/v24/22-0320.html>},
  number = {335},
  openalex = {W4221164009},
  pages = {1–72},
  title = {T-Cal: An optimal test for the calibration of predictive models},
  volume = {24},
  year = {2023}
}

@article{leroy2023cluster,
  author = {Leroy, Arthur and Latouche, Pierre and Guedj, Benjamin and Gey, Servane},
  journal = {Journal of Machine Learning Research},
  note = {<http://jmlr.org/papers/v24/20-1321.html>},
  number = {5},
  openalex = {W3100364760},
  pages = {1–49},
  title = {Cluster-Specific Predictions with Multi-Task Gaussian Processes},
  volume = {24},
  year = {2023}
}

@article{levy2023generalization,
  author = {Levy, Tomer and Abramovich, Felix},
  journal = {Journal of Machine Learning Research},
  note = {<http://jmlr.org/papers/v24/22-0367.html>},
  number = {151},
  openalex = {W4224010979},
  pages = {1–35},
  title = {Generalization Error Bounds for Multiclass Sparse Linear Classifiers},
  volume = {24},
  year = {2023}
}

@article{lewis2023attacks,
  author = {Lewis, Cody and Varadharajan, Vijay and Noman, Nasimul},
  journal = {Journal of Machine Learning Research},
  note = {<http://jmlr.org/papers/v24/22-0014.html>},
  number = {30},
  pages = {1–50},
  title = {Attacks against Federated Learning Defense Systems and their Mitigation},
  volume = {24},
  year = {2023}
}

@article{li2023community,
  author = {Li, Tianxi and Levina, Elizaveta and Zhu, Ji},
  journal = {Journal of Machine Learning Research},
  note = {<http://jmlr.org/papers/v24/22-0313.html>},
  number = {282},
  openalex = {W3139421799},
  pages = {1–36},
  title = {Community models for networks observed through edge nominations},
  volume = {24},
  year = {2023}
}

@article{li2023dimension,
  author = {Li, Wenhao and Chen, Ningyuan and Hong, L. Jeff},
  journal = {Journal of Machine Learning Research},
  note = {<http://jmlr.org/papers/v24/21-0818.html>},
  number = {136},
  openalex = {W3086530088},
  pages = {1–84},
  title = {Dimension Reduction in Contextual Online Learning via Nonparametric Variable Selection},
  volume = {24},
  year = {2023}
}

@article{li2023distance,
  author = {Li, Xuechan and Sung, Anthony D. and Xie, Jichun},
  journal = {Journal of Machine Learning Research},
  note = {<http://jmlr.org/papers/v24/22-1131.html>},
  number = {169},
  openalex = {W3139383728},
  pages = {1–41},
  title = {Distance Assisted Recursive Testing},
  volume = {24},
  year = {2023}
}

@article{li2023double,
  author = {Li, Zihao and Liu, Boyi and Yang, Zhuoran and Wang, Zhaoran and Wang, Mengdi},
  journal = {Journal of Machine Learning Research},
  note = {<http://jmlr.org/papers/v24/22-1190.html>},
  number = {385},
  openalex = {W4391948931},
  pages = {1–43},
  title = {Double Duality: Variational Primal-Dual Policy Optimization for Constrained Reinforcement Learning},
  volume = {24},
  year = {2023}
}

@article{li2023f2a2,
  author = {Li, Wenhao and Jin, Bo and Wang, Xiangfeng and Yan, Junchi and Zha, Hongyuan},
  journal = {Journal of Machine Learning Research},
  note = {<http://jmlr.org/papers/v24/20-700.html>},
  number = {178},
  openalex = {W3019081517},
  pages = {1–75},
  title = {F2A2: Flexible Fully-decentralized Approximate Actor-critic for Cooperative Multi-agent Reinforcement Learning},
  volume = {24},
  year = {2023}
}

@article{li2023fixed,
  author = {Li, Didong and Tang, Wenpin and Banerjee, Sudipto},
  journal = {Journal of Machine Learning Research},
  note = {<http://jmlr.org/papers/v24/22-0503.html>},
  number = {101},
  pages = {1–26},
  title = {Fixed-Domain Inference for Gaussian Processes with Matérn Covariogram on Compact Riemannian Manifolds},
  volume = {24},
  year = {2023}
}

@article{li2023fourier,
  author = {Li, Zongyi and Huang, Daniel Zhengyu and Liu, Burigede and Anandkumar, Anima},
  journal = {Journal of Machine Learning Research},
  note = {<http://jmlr.org/papers/v24/23-0064.html>},
  number = {388},
  openalex = {W4285429067},
  pages = {1–26},
  title = {Fourier Neural Operator with Learned Deformations for PDEs on General Geometries},
  volume = {24},
  year = {2023}
}

@article{li2023importance,
  author = {Li, Mengyu and Yu, Jun and Li, Tao and Meng, Cheng},
  journal = {Journal of Machine Learning Research},
  note = {<http://jmlr.org/papers/v24/22-1311.html>},
  number = {247},
  openalex = {W4380551942},
  pages = {1–44},
  title = {Importance Sparsification for Sinkhorn Algorithm},
  volume = {24},
  year = {2023}
}

@article{li2023inference,
  author = {Li, Chunlin and Shen, Xiaotong and Pan, Wei},
  journal = {Journal of Machine Learning Research},
  note = {<http://jmlr.org/papers/v24/21-0855.html>},
  number = {73},
  openalex = {W4295123281},
  pages = {1–48},
  title = {Inference for a Large Directed Acyclic Graph with Unspecified Interventions},
  volume = {24},
  year = {2023}
}

@article{li2023mars,
  author = {Li, Qian and Jiang, Binyan and Sun, Defeng},
  journal = {Journal of Machine Learning Research},
  note = {<http://jmlr.org/papers/v24/21-0699.html>},
  number = {134},
  openalex = {W3173530920},
  pages = {1–44},
  title = {MARS: A second-order reduction algorithm for high-dimensional sparse precision matrices estimation},
  volume = {24},
  year = {2023}
}

@article{li2023online,
  author = {Li, Lingjun and Li, Jun},
  journal = {Journal of Machine Learning Research},
  note = {<http://jmlr.org/papers/v24/20-1101.html>},
  number = {51},
  openalex = {W2990197469},
  pages = {1–44},
  title = {Online Change-Point Detection in High-Dimensional Covariance Structure with Application to Dynamic Networks},
  volume = {24},
  year = {2023}
}

@article{li2023optimal,
  author = {Li, Jian and Liu, Yong and Wang, Weiping},
  journal = {Journal of Machine Learning Research},
  note = {<http://jmlr.org/papers/v24/21-1049.html>},
  number = {141},
  pages = {1–39},
  title = {Optimal Convergence Rates for Distributed Nystroem Approximation},
  volume = {24},
  year = {2023}
}

@article{li2023reproducing,
  author = {Li, Binglin and Yoon, Changwon and Ahn, Jeongyoun},
  journal = {Journal of Machine Learning Research},
  note = {<http://jmlr.org/papers/v24/21-1398.html>},
  number = {327},
  pages = {1–34},
  title = {Reproducing Kernels and New Approaches in Compositional Data Analysis},
  volume = {24},
  year = {2023}
}

@article{li2023restarted,
  author = {Li, Huan and Lin, Zhouchen},
  journal = {Journal of Machine Learning Research},
  note = {<http://jmlr.org/papers/v24/22-0522.html>},
  number = {157},
  pages = {1–37},
  title = {Restarted Nonconvex Accelerated Gradient Descent: No More Polylogarithmic Factor in the O(epsilon^-7/4) Complexity},
  volume = {24},
  year = {2023}
}

@article{li2023tilted,
  author = {Li, Tian and Beirami, Ahmad and Sanjabi, Maziar and Smith, Virginia},
  journal = {Journal of Machine Learning Research},
  note = {<http://jmlr.org/papers/v24/21-1095.html>},
  number = {142},
  pages = {1–79},
  title = {On Tilted Losses in Machine Learning: Theory and Applications},
  volume = {24},
  year = {2023}
}

@article{liang2023interpolating,
  author = {Liang, Tengyuan and Recht, Benjamin},
  journal = {Journal of Machine Learning Research},
  note = {<http://jmlr.org/papers/v24/21-0844.html>},
  number = {20},
  openalex = {W3121962434},
  pages = {1–27},
  title = {Interpolating Classifiers Make Few Mistakes},
  volume = {24},
  year = {2023}
}

@article{liao2023accelerated,
  author = {Liao, Xiaofeng and He, Xing and Zhou, Mingliang and Li, Chaojie},
  journal = {Journal of Machine Learning Research},
  note = {<http://jmlr.org/papers/v24/22-1069.html>},
  number = {343},
  pages = {1–59},
  title = {Accelerated Primal-Dual Mirror Dynamics for Centralized and Distributed Constrained Convex Optimization Problems},
  volume = {24},
  year = {2023}
}

@article{lin2023libm,
  author = {Lin, Baijiong and Zhang, Yu},
  journal = {Journal of Machine Learning Research},
  note = {<http://jmlr.org/papers/v24/22-0347.html>},
  number = {209},
  pages = {1–7},
  title = {LibMTL: A Python Library for Deep Multi-Task Learning},
  volume = {24},
  year = {2023}
}

@article{liu2023augmented,
  author = {Liu, Molei and Zhang, Yi and Liao, Katherine P. and Cai, Tianxi},
  journal = {Journal of Machine Learning Research},
  note = {<http://jmlr.org/papers/v24/22-0700.html>},
  number = {293},
  openalex = {W4287645642},
  pages = {1–50},
  title = {Augmented Transfer Regression Learning with Semi-non-parametric Nuisance Models},
  volume = {24},
  year = {2023}
}

@article{liu2023convergence,
  author = {Liu, Linxi and Li, Dangna and Wong, Wing Hung},
  journal = {Journal of Machine Learning Research},
  note = {<http://jmlr.org/papers/v24/20-060.html>},
  number = {50},
  pages = {1–64},
  title = {Convergence Rates of a Class of Multivariate Density Estimation Methods Based on Adaptive Partitioning},
  volume = {24},
  year = {2023}
}

@article{liu2023dimension,
  author = {LIU, Yu Liu and Li, Degui and Xia, Yingcun},
  journal = {Journal of Machine Learning Research},
  note = {<http://jmlr.org/papers/v24/22-1422.html>},
  number = {309},
  openalex = {W4320843431},
  pages = {1–30},
  title = {Dimension Reduction and MARS},
  volume = {24},
  year = {2023}
}

@article{liu2023estimation,
  author = {Liu, Zejian and Li, Meng},
  journal = {Journal of Machine Learning Research},
  note = {<http://jmlr.org/papers/v24/21-1110.html>},
  number = {266},
  openalex = {W3170574689},
  pages = {1–37},
  title = {On the Estimation of Derivatives Using Plug-in Kernel Ridge Regression Estimators},
  volume = {24},
  year = {2023}
}

@article{liu2023functional,
  author = {Liu, Hua and You, Jinhong and Cao, Jiguo},
  journal = {Journal of Machine Learning Research},
  note = {<http://jmlr.org/papers/v24/22-0614.html>},
  number = {219},
  pages = {1–41},
  title = {Functional L-Optimality Subsampling for Functional Generalized Linear Models with Massive Data},
  volume = {24},
  year = {2023}
}

@article{liu2023inexact,
  author = {Liu, Wei and Liu, Xin and Chen, Xiaojun},
  journal = {Journal of Machine Learning Research},
  note = {<http://jmlr.org/papers/v24/22-0491.html>},
  number = {212},
  openalex = {W4280495644},
  pages = {1–43},
  title = {An Inexact Augmented Lagrangian Algorithm for Training Leaky ReLU Neural Network with Group Sparsity},
  volume = {24},
  year = {2023}
}

@article{liu2023simple,
  author = {Liu, Jeremiah Zhe and Padhy, Shreyas and Ren, Jie and Lin, Zi and Wen, Yeming and Jerfel, Ghassen and Nado, Zachary and Snoek, Jasper and Lakshminarayanan, Balaji},
  journal = {Journal of Machine Learning Research},
  note = {<http://jmlr.org/papers/v24/22-0479.html>},
  number = {42},
  pages = {1–63},
  title = {A Simple Approach to Improve Single-Model Deep Uncertainty via Distance-Awareness},
  volume = {24},
  year = {2023}
}

@article{liu2023variational,
  author = {Liu, Runjing and McAuliffe, Jon D. and Regier, Jeffrey and Collaboration, The LSST Dark Energy Science},
  journal = {Journal of Machine Learning Research},
  note = {<http://jmlr.org/papers/v24/21-0169.html>},
  number = {179},
  pages = {1–36},
  title = {Variational Inference for Deblending Crowded Starfields},
  volume = {24},
  year = {2023}
}

@article{londschien2023random,
  author = {Londschien, Malte and Bühlmann, Peter and Kovács, Solt},
  journal = {Journal of Machine Learning Research},
  note = {<http://jmlr.org/papers/v24/22-0512.html>},
  number = {216},
  openalex = {W4280631074},
  pages = {1–45},
  title = {Random Forests for Change Point Detection},
  volume = {24},
  year = {2023}
}

@article{lopez2023near,
  author = {López, Oscar},
  journal = {Journal of Machine Learning Research},
  note = {<http://jmlr.org/papers/v24/22-0331.html>},
  number = {283},
  openalex = {W4226197702},
  pages = {1–40},
  title = {Near-Optimal Weighted Matrix Completion},
  volume = {24},
  year = {2023}
}

@article{love2023topological,
  author = {Love, Ephy R. and Filippenko, Benjamin and Maroulas, Vasileios and Carlsson, Gunnar},
  journal = {Journal of Machine Learning Research},
  note = {<http://jmlr.org/papers/v24/21-0073.html>},
  number = {59},
  pages = {1–35},
  title = {Topological Convolutional Layers for Deep Learning},
  volume = {24},
  year = {2023}
}

@article{loyal2023eigenmodel,
  author = {Loyal, Joshua Daniel and Chen, Yuguo},
  journal = {Journal of Machine Learning Research},
  note = {<http://jmlr.org/papers/v24/21-0270.html>},
  number = {128},
  openalex = {W3136609190},
  pages = {1–69},
  title = {An Eigenmodel for Dynamic Multilayer Networks},
  volume = {24},
  year = {2023}
}

@article{lu2023contextual,
  author = {Lu, Chen and Sen, Subhabrata},
  journal = {Journal of Machine Learning Research},
  note = {<http://jmlr.org/papers/v24/20-1419.html>},
  number = {54},
  pages = {1–34},
  title = {Contextual Stochastic Block Model: Sharp Thresholds and Contiguity},
  volume = {24},
  year = {2023}
}

@article{lu2023decentralized,
  author = {Lu, Yucheng and De Sa, Christopher},
  journal = {Journal of Machine Learning Research},
  note = {<http://jmlr.org/papers/v24/22-0044.html>},
  number = {93},
  pages = {1–62},
  title = {Decentralized Learning: Theoretical Optimality and Practical Improvements},
  volume = {24},
  year = {2023}
}

@article{luccioni2023estimating,
  author = {Luccioni, Alexandra Sasha and Viguier, Sylvain and Ligozat, Anne-Laure},
  journal = {Journal of Machine Learning Research},
  note = {<http://jmlr.org/papers/v24/23-0069.html>},
  number = {253},
  openalex = {W4308245305},
  pages = {1–15},
  title = {Estimating the Carbon Footprint of BLOOM, a 176B Parameter Language Model},
  volume = {24},
  year = {2023}
}

@article{lugosi2023bandit,
  author = {Lugosi, Gábor and Pike-Burke, Ciara and Savalle, Pierre-André},
  journal = {Journal of Machine Learning Research},
  note = {<http://jmlr.org/papers/v24/21-1408.html>},
  number = {328},
  openalex = {W4309435390},
  pages = {1–44},
  title = {Bandit problems with fidelity rewards},
  volume = {24},
  year = {2023}
}

@article{luo2023low,
  author = {Luo, Yuetian and Zhang, Anru R.},
  journal = {Journal of Machine Learning Research},
  note = {<http://jmlr.org/papers/v24/21-0438.html>},
  number = {381},
  openalex = {W3157274685},
  pages = {1–48},
  title = {Low-rank Tensor Estimation via Riemannian Gauss-Newton: Statistical Optimality and Second-Order Convergence},
  volume = {24},
  year = {2023}
}

@article{lv2023kernel,
  author = {Lv, Shaogao and He, Xin and Wang, Junhui},
  journal = {Journal of Machine Learning Research},
  note = {<http://jmlr.org/papers/v24/20-1461.html>},
  number = {55},
  openalex = {W3206075628},
  pages = {1–38},
  title = {Kernel-based estimation for partially functional linear model: Minimax rates and randomized sketches},
  volume = {24},
  year = {2023}
}

@article{lyu2023sampling,
  author = {Lyu, Hanbaek and Memoli, Facundo and Sivakoff, David},
  journal = {Journal of Machine Learning Research},
  note = {<http://jmlr.org/papers/v24/20-449.html>},
  number = {9},
  openalex = {W2981181201},
  pages = {1–79},
  title = {Sampling random graph homomorphisms and applications to network data analysis},
  volume = {24},
  year = {2023}
}

@article{ma2023decentralized,
  author = {Ma, Shaocong and Chen, Ziyi and Zou, Shaofeng and Zhou, Yi},
  journal = {Journal of Machine Learning Research},
  note = {<http://jmlr.org/papers/v24/23-0310.html>},
  number = {371},
  pages = {1–40},
  title = {Decentralized Robust V-learning for Solving Markov Games with Model Uncertainty},
  volume = {24},
  year = {2023}
}

@article{ma2023global,
  author = {Ma, Jianhao and Fattahi, Salar},
  journal = {Journal of Machine Learning Research},
  note = {<http://jmlr.org/papers/v24/22-0233.html>},
  number = {96},
  openalex = {W4221150064},
  pages = {1–84},
  title = {Global Convergence of Sub-gradient Method for Robust Matrix Recovery: Small Initialization, Noisy Measurements, and Over-parameterization},
  volume = {24},
  year = {2023}
}

@article{ma2023learning,
  author = {Ma, Haixu and Zeng, Donglin and Liu, Yufeng},
  journal = {Journal of Machine Learning Research},
  note = {<http://jmlr.org/papers/v24/22-0520.html>},
  number = {102},
  openalex = {W4385898254},
  pages = {1–48},
  title = {Learning Optimal Group-structured Individualized Treatment Rules with Many Treatments},
  volume = {24},
  year = {2023}
}

@article{machado2023temporal,
  author = {Machado, Marlos C. and Barreto, Andre and Precup, Doina and Bowling, Michael},
  journal = {Journal of Machine Learning Research},
  note = {<http://jmlr.org/papers/v24/21-1213.html>},
  number = {80},
  pages = {1–69},
  title = {Temporal Abstraction in Reinforcement Learning with the Successor Representation},
  volume = {24},
  year = {2023}
}

@article{magesh2023principled,
  author = {Magesh, Akshayaa and Veeravalli, Venugopal V. and Roy, Anirban and Jha, Susmit},
  journal = {Journal of Machine Learning Research},
  note = {<http://jmlr.org/papers/v24/23-0838.html>},
  number = {378},
  pages = {1–35},
  title = {Principled Out-of-Distribution Detection via Multiple Testing},
  volume = {24},
  year = {2023}
}

@article{masud2023multivariate,
  author = {Masud, Shoaib Bin and Werenski, Matthew and Murphy, James M. and Aeron, Shuchin},
  journal = {Journal of Machine Learning Research},
  note = {<http://jmlr.org/papers/v24/22-0616.html>},
  number = {160},
  pages = {1–65},
  title = {Multivariate Soft Rank via Entropy-Regularized Optimal Transport: Sample Efficiency and Generative Modeling},
  volume = {24},
  year = {2023}
}

@article{matei2023sensitivity,
  author = {Matei, Ion and Zhenirovskyy, Maksym and de Kleer, Johan and Maxwell, John},
  journal = {Journal of Machine Learning Research},
  note = {<http://jmlr.org/papers/v24/22-1002.html>},
  number = {300},
  pages = {1–26},
  title = {Sensitivity-Free Gradient Descent Algorithms},
  volume = {24},
  year = {2023}
}

@article{mazouchi2023finite,
  author = {Mazouchi, Majid and Nageshrao, Subramanya and Modares, Hamidreza},
  journal = {Journal of Machine Learning Research},
  note = {<http://jmlr.org/papers/v24/22-0349.html>},
  number = {336},
  openalex = {W3160881809},
  pages = {1–35},
  title = {Finite-time Koopman Identifier: A Unified Batch-online Learning Framework for Joint Learning of Koopman Structure and Parameters},
  volume = {24},
  year = {2023}
}

@article{mazuelas2023minimax,
  author = {Mazuelas, Santiago and Romero, Mauricio and Grunwald, Peter},
  journal = {Journal of Machine Learning Research},
  note = {<http://jmlr.org/papers/v24/22-0339.html>},
  number = {208},
  openalex = {W4224910604},
  pages = {1–48},
  title = {Minimax risk classifiers with 0-1 loss},
  volume = {24},
  year = {2023}
}

@article{mcelroy2023flip,
  author = {McElroy, Tucker and Roy, Anindya and Hore, Gaurab},
  journal = {Journal of Machine Learning Research},
  note = {<http://jmlr.org/papers/v24/22-0734.html>},
  number = {111},
  openalex = {W4286236364},
  pages = {1–29},
  title = {FLIP: A Utility Preserving Privacy Mechanism for Time Series},
  volume = {24},
  year = {2023}
}

@article{mehta2023empirical,
  author = {Mehta, Sanket Vaibhav and Patil, Darshan and Chandar, Sarath and Strubell, Emma},
  journal = {Journal of Machine Learning Research},
  note = {<http://jmlr.org/papers/v24/22-0496.html>},
  number = {214},
  openalex = {W4225620948},
  pages = {1–50},
  title = {An Empirical Investigation of the Role of Pre-training in Lifelong Learning},
  volume = {24},
  year = {2023}
}

@article{meng2023impact,
  author = {Meng, Xuran and Yao, Jeff},
  journal = {Journal of Machine Learning Research},
  note = {<http://jmlr.org/papers/v24/21-1441.html>},
  number = {28},
  pages = {1–40},
  title = {Impact of classification difficulty on the weight matrices spectra in Deep Learning and application to early-stopping},
  volume = {24},
  year = {2023}
}

@article{merad2023robust,
  author = {Merad, Ibrahim and Gaïffas, Stéphane},
  journal = {Journal of Machine Learning Research},
  note = {<http://jmlr.org/papers/v24/22-0964.html>},
  number = {165},
  pages = {1–44},
  title = {Robust Methods for High-Dimensional Linear Learning},
  volume = {24},
  year = {2023}
}

@article{metel2023sparse,
  author = {Metel, Michael R.},
  journal = {Journal of Machine Learning Research},
  note = {<http://jmlr.org/papers/v24/22-0615.html>},
  number = {103},
  openalex = {W4221162728},
  pages = {1–44},
  title = {Sparse Training with Lipschitz Continuous Loss Functions and a Weighted Group L0-norm Constraint},
  volume = {24},
  year = {2023}
}

@article{miranda2023haclass,
  author = {Miranda, Fábio M. and Köhnecke, Niklas and Renard, Bernhard Y.},
  journal = {Journal of Machine Learning Research},
  note = {<http://jmlr.org/papers/v24/21-1518.html>},
  number = {29},
  pages = {1–17},
  title = {HiClass: a Python library for local hierarchical classification compatible with scikit-learn},
  volume = {24},
  year = {2023}
}

@article{mokhtarian2023unified,
  author = {Mokhtarian, Ehsan and Salehkaleybar, Saber and Ghassami, AmirEmad and Kiyavash, Negar},
  journal = {Journal of Machine Learning Research},
  note = {<http://jmlr.org/papers/v24/22-1425.html>},
  number = {354},
  openalex = {W4281400371},
  pages = {1–31},
  title = {A Unified Experiment Design Approach for Cyclic and Acyclic Causal Models},
  volume = {24},
  year = {2023}
}

@article{morris2023weisfeiler,
  author = {Morris, Christopher and Lipman, Yaron and Maron, Haggai and Rieck, Bastian and Kriege, Nils M. and Grohe, Martin and Fey, Matthias and Borgwardt, Karsten},
  journal = {Journal of Machine Learning Research},
  note = {<http://jmlr.org/papers/v24/22-0240.html>},
  number = {333},
  openalex = {W4226343493},
  pages = {1–59},
  title = {Weisfeiler and Leman go Machine Learning: The Story so far},
  volume = {24},
  year = {2023}
}

@article{moseley2023approximation,
  author = {Moseley, Benjamin and Wang, Joshua R.},
  journal = {Journal of Machine Learning Research},
  note = {<http://jmlr.org/papers/v24/18-080.html>},
  number = {1},
  openalex = {W2768467070},
  pages = {1–36},
  title = {Approximation Bounds for Hierarchical Clustering: Average Linkage, Bisecting K-means, and Local Search},
  volume = {24},
  year = {2023}
}

@article{motwani2023revisiting,
  author = {Motwani, Keshav and Witten, Daniela},
  journal = {Journal of Machine Learning Research},
  note = {<http://jmlr.org/papers/v24/23-0896.html>},
  number = {394},
  openalex = {W4382319320},
  pages = {1–18},
  title = {Revisiting inference after prediction},
  volume = {24},
  year = {2023}
}

@article{mousavi2023generic,
  author = {Mousavi, Hamid and Drefs, Jakob and Hirschberger, Florian and Lücke, Jörg},
  journal = {Journal of Machine Learning Research},
  note = {<http://jmlr.org/papers/v24/22-0359.html>},
  number = {285},
  openalex = {W4389911153},
  pages = {1–59},
  title = {Generic Unsupervised Optimization for a Latent Variable Model With Exponential Family Observables},
  volume = {24},
  year = {2023}
}

@article{mutti2023convex,
  author = {Mutti, Mirco and De Santi, Riccardo and De Bartolomeis, Piersilvio and Restelli, Marcello},
  journal = {Journal of Machine Learning Research},
  note = {<http://jmlr.org/papers/v24/22-1514.html>},
  number = {250},
  pages = {1–42},
  title = {Convex Reinforcement Learning in Finite Trials},
  volume = {24},
  year = {2023}
}

@article{naf2023confidence,
  author = {Näf, Jeffrey and Emmenegger, Corinne and Bühlmann, Peter and Meinshausen, Nicolai},
  journal = {Journal of Machine Learning Research},
  note = {<http://jmlr.org/papers/v24/23-0185.html>},
  number = {366},
  openalex = {W4320843241},
  pages = {1–77},
  title = {Confidence and Uncertainty Assessment for Distributional Random Forests},
  volume = {24},
  year = {2023}
}

@article{narang2023multiplayer,
  author = {Narang, Adhyyan and Faulkner, Evan and Drusvyatskiy, Dmitriy and Fazel, Maryam and Ratliff, Lillian J.},
  journal = {Journal of Machine Learning Research},
  note = {<http://jmlr.org/papers/v24/22-0131.html>},
  number = {202},
  openalex = {W4223571424},
  pages = {1–56},
  title = {Multiplayer Performative Prediction: Learning in Decision-Dependent Games},
  volume = {24},
  year = {2023}
}

@article{newman2023efficient,
  author = {Newman, M. E. J.},
  journal = {Journal of Machine Learning Research},
  note = {<http://jmlr.org/papers/v24/22-1086.html>},
  number = {238},
  pages = {1–25},
  title = {Efficient computation of rankings from pairwise comparisons},
  volume = {24},
  year = {2023}
}

@article{nguyen2023unbalanced,
  author = {Nguyen, Quang Minh and Nguyen, Hoang H. and Zhou, Yi and Nguyen, Lam M.},
  journal = {Journal of Machine Learning Research},
  note = {<http://jmlr.org/papers/v24/22-1158.html>},
  number = {384},
  pages = {1–41},
  title = {On Unbalanced Optimal Transport: Gradient Methods, Sparsity and Approximation Error},
  volume = {24},
  year = {2023}
}

@article{ni2023learning,
  author = {Ni, Chengzhuo and Duan, Yaqi and Dahleh, Munther and Wang, Mengdi and Zhang, Anru R.},
  journal = {Journal of Machine Learning Research},
  note = {<http://jmlr.org/papers/v24/22-0917.html>},
  number = {115},
  pages = {1–53},
  title = {Learning Good State and Action Representations for Markov Decision Process via Tensor Decomposition},
  volume = {24},
  year = {2023}
}

@article{ning2023iterated,
  author = {Ning, Ning and Ionides, Edward L.},
  journal = {Journal of Machine Learning Research},
  note = {<http://jmlr.org/papers/v24/21-1253.html>},
  number = {82},
  openalex = {W3206451841},
  pages = {1–76},
  title = {Iterated Block Particle Filter for High-dimensional Parameter Learning: Beating the Curse of Dimensionality},
  volume = {24},
  year = {2023}
}

@article{niu2023intrinsic,
  author = {Niu, Mu and Dai, Zhenwen and Cheung, Pokman and Wang, Yizhu},
  journal = {Journal of Machine Learning Research},
  note = {<http://jmlr.org/papers/v24/22-0627.html>},
  number = {104},
  openalex = {W4320705946},
  pages = {1–42},
  title = {Intrinsic Gaussian Process on Unknown Manifolds with Probabilistic Metrics},
  volume = {24},
  year = {2023}
}

@article{oneill2023line,
  author = {O'Neill, Michael J. and Wright, Stephen J.},
  journal = {Journal of Machine Learning Research},
  note = {<http://jmlr.org/papers/v24/20-608.html>},
  number = {10},
  openalex = {W3034599196},
  pages = {1–34},
  title = {A Line-Search Descent Algorithm for Strict Saddle Functions with Complexity Guarantees},
  volume = {24},
  year = {2023}
}

@article{ost2023sparse,
  author = {Ost, Guilherme and Takahashi, Daniel Y.},
  journal = {Journal of Machine Learning Research},
  note = {<http://jmlr.org/papers/v24/22-0266.html>},
  number = {279},
  openalex = {W4225825951},
  pages = {1–54},
  title = {Sparse Markov Models for High-dimensional Inference},
  volume = {24},
  year = {2023}
}

@article{ouyang2023high,
  author = {Ouyang, Jing and Tan, Kean Ming and Xu, Gongjun},
  journal = {Journal of Machine Learning Research},
  note = {<http://jmlr.org/papers/v24/22-0834.html>},
  number = {296},
  openalex = {W4295105933},
  pages = {1–61},
  title = {High-Dimensional Inference for Generalized Linear Models with Hidden Confounding},
  volume = {24},
  year = {2023}
}

@article{pan2023neural,
  author = {Pan, Shaowu and Brunton, Steven L. and Kutz, J. Nathan},
  journal = {Journal of Machine Learning Research},
  note = {<http://jmlr.org/papers/v24/22-0365.html>},
  number = {41},
  openalex = {W4223543806},
  pages = {1–60},
  title = {Neural Implicit Flow: a mesh-agnostic dimensionality reduction paradigm of spatio-temporal data},
  volume = {24},
  year = {2023}
}

@article{panigrahi2023approximate,
  author = {Panigrahi, Snigdha and MacDonald, Peter W and Kessler, Daniel},
  journal = {Journal of Machine Learning Research},
  note = {<http://jmlr.org/papers/v24/21-1186.html>},
  number = {79},
  openalex = {W4292121532},
  pages = {1–49},
  title = {Approximate Post-Selective Inference for Regression with the Group LASSO},
  volume = {24},
  year = {2023}
}

@article{patil2023bagging,
  author = {Patil, Pratik and Du, Jin-Hong and Kuchibhotla, Arun Kumar},
  journal = {Journal of Machine Learning Research},
  note = {<http://jmlr.org/papers/v24/23-0887.html>},
  number = {319},
  openalex = {W4307079372},
  pages = {1–113},
  title = {Bagging in overparameterized learning: Risk characterization and risk monotonization},
  volume = {24},
  year = {2023}
}

@article{pattanayak2023necessary,
  author = {Pattanayak, Kunal and Krishnamurthy, Vikram},
  journal = {Journal of Machine Learning Research},
  note = {<http://jmlr.org/papers/v24/20-1202.html>},
  number = {52},
  openalex = {W3094216403},
  pages = {1–64},
  title = {Necessary and Sufficient Conditions for Inverse Reinforcement Learning of Bayesian Stopping Time Problems},
  volume = {24},
  year = {2023}
}

@article{paul2023higher,
  author = {Paul, Subhadeep and Milenkovic, Olgica and Chen, Yuguo},
  journal = {Journal of Machine Learning Research},
  note = {<http://jmlr.org/papers/v24/19-183.html>},
  number = {320},
  openalex = {W2904927492},
  pages = {1–58},
  title = {Higher-Order Spectral Clustering under Superimposed Stochastic Block Model},
  volume = {24},
  year = {2023}
}

@article{pavao2023codalab,
  author = {Pavao, Adrien and Guyon, Isabelle and Letournel, Anne-Catherine and Tran, Dinh-Tuan and Baro, Xavier and Escalante, Hugo Jair and Escalera, Sergio and Thomas, Tyler and Xu, Zhen},
  journal = {Journal of Machine Learning Research},
  note = {<http://jmlr.org/papers/v24/21-1436.html>},
  number = {198},
  pages = {1–6},
  title = {CodaLab Competitions: An open source platform to organize scientific challenges},
  volume = {24},
  year = {2023}
}

@article{peluchetti2023diffusion,
  author = {Peluchetti, Stefano},
  journal = {Journal of Machine Learning Research},
  note = {<http://jmlr.org/papers/v24/23-0527.html>},
  number = {374},
  openalex = {W4362598759},
  pages = {1–51},
  title = {Diffusion Bridge Mixture Transports, Schrödinger Bridge Problems and Generative Modeling},
  volume = {24},
  year = {2023}
}

@article{perdomo2023complete,
  author = {Perdomo, Juan C. and Krishnamurthy, Akshay and Bartlett, Peter and Kakade, Sham},
  journal = {Journal of Machine Learning Research},
  note = {<http://jmlr.org/papers/v24/22-0341.html>},
  number = {284},
  openalex = {W4221141176},
  pages = {1–50},
  title = {A Complete Characterization of Linear Estimators for Offline Policy Evaluation},
  volume = {24},
  year = {2023}
}

@article{perrakis2023regularized,
  author = {Perrakis, Konstantinos and Lartigue, Thomas and Dondelinger, Frank and Mukherjee, Sach},
  journal = {Journal of Machine Learning Research},
  note = {<http://jmlr.org/papers/v24/21-0796.html>},
  number = {19},
  openalex = {W4319988762},
  pages = {1–47},
  title = {Regularized joint mixture models},
  volume = {24},
  year = {2023}
}

@article{petrova2023limitations,
  author = {Petrova, Guergana and Wojtaszczyk, Przemyslaw},
  journal = {Journal of Machine Learning Research},
  note = {<http://jmlr.org/papers/v24/22-1381.html>},
  number = {353},
  openalex = {W4310829263},
  pages = {1–38},
  title = {Limitations on approximation by deep and shallow neural networks},
  volume = {24},
  year = {2023}
}

@article{pu2023multizoo,
  author = {Liang, Paul Pu and Lyu, Yiwei and Fan, Xiang and Agarwal, Arav and Cheng, Yun and Morency, Louis-Philippe and Salakhutdinov, Ruslan},
  journal = {Journal of Machine Learning Research},
  note = {<http://jmlr.org/papers/v24/22-1021.html>},
  number = {234},
  openalex = {W4382619411},
  pages = {1–7},
  title = {MultiZoo     MultiBench: A Standardized Toolkit for Multimodal Deep Learning},
  volume = {24},
  year = {2023}
}

@article{qiu2023first,
  author = {Qiu, Xinchi and Parcollet, Titouan and Fernandez-Marques, Javier and Gusmao, Pedro P. B. and Gao, Yan and Beutel, Daniel J. and Topal, Taner and Mathur, Akhil and Lane, Nicholas D.},
  journal = {Journal of Machine Learning Research},
  note = {<http://jmlr.org/papers/v24/21-0445.html>},
  number = {129},
  pages = {1–23},
  title = {A first look into the carbon footprint of federated learning},
  volume = {24},
  year = {2023}
}

@article{rahman2023general,
  author = {Rahman, Arrasy and Carlucho, Ignacio and Höpner, Niklas and Albrecht, Stefano V.},
  journal = {Journal of Machine Learning Research},
  note = {<http://jmlr.org/papers/v24/22-099.html>},
  number = {298},
  openalex = {W4305031576},
  pages = {1–74},
  title = {A General Learning Framework for Open Ad Hoc Teamwork Using Graph-based Policy Learning},
  volume = {24},
  year = {2023}
}

@article{ren2023torchopt,
  author = {Ren, Jie and Feng, Xidong and Liu, Bo and Pan, Xuehai and Fu, Yao and Mai, Luo and Yang, Yaodong},
  journal = {Journal of Machine Learning Research},
  note = {<http://jmlr.org/papers/v24/23-0191.html>},
  number = {367},
  openalex = {W4309131813},
  pages = {1–14},
  title = {TorchOpt: An Efficient Library for Differentiable Optimization},
  volume = {24},
  year = {2023}
}

@article{resin2023from,
  author = {Resin, Johannes},
  journal = {Journal of Machine Learning Research},
  note = {<http://jmlr.org/papers/v24/23-0106.html>},
  number = {173},
  openalex = {W4318621097},
  pages = {1–21},
  title = {From Classification Accuracy to Proper Scoring Rules: Elicitability of Probabilistic Top List Predictions},
  volume = {24},
  year = {2023}
}

@article{roberts2023scaling,
  author = {Roberts, Adam and Chung, Hyung Won and Mishra, Gaurav and Levskaya, Anselm and Bradbury, James and Andor, Daniel and Narang, Sharan and Lester, Brian and Gaffney, Colin and Mohiuddin, Afroz and Hawthorne, Curtis and Lewkowycz, Aitor and Salcianu, Alex and van Zee, Marc and Austin, Jacob and Goodman, Sebastian and Soares, Livio Baldini and Hu, Haitang and Tsvyashchenko, Sasha and Chowdhery, Aakanksha and Bastings, Jasmijn and Bulian, Jannis and Garcia, Xavier and Ni, Jianmo and Chen, Andrew and Kenealy, Kathleen and Han, Kehang and Casbon, Michelle and Clark, Jonathan H. and Lee, Stephan and Garrette, Dan and Lee-Thorp, James and Raffel, Colin and Shazeer, Noam and Ritter, Marvin and Bosma, Maarten and Passos, Alexandre and Maitin-Shepard, Jeremy and Fiedel, Noah and Omernick, Mark and Saeta, Brennan and Sepassi, Ryan and Spiridonov, Alexander and Newlan, Joshua and Gesmundo, Andrea},
  journal = {Journal of Machine Learning Research},
  note = {<http://jmlr.org/papers/v24/23-0795.html>},
  number = {377},
  openalex = {W4224442590},
  pages = {1–8},
  title = {Scaling Up Models and Data with and},
  volume = {24},
  year = {2023}
}

@article{robnik2023microcanonical,
  author = {Robnik, Jakob and De Luca, G. Bruno and Silverstein, Eva and Seljak, Uroš},
  journal = {Journal of Machine Learning Research},
  note = {<http://jmlr.org/papers/v24/22-1450.html>},
  number = {311},
  openalex = {W4311994930},
  pages = {1–34},
  title = {Microcanonical Hamiltonian Monte Carlo},
  volume = {24},
  year = {2023}
}

@article{roddenberry2023limits,
  author = {Roddenberry, T. Mitchell and Segarra, Santiago},
  journal = {Journal of Machine Learning Research},
  note = {<http://jmlr.org/papers/v24/22-0808.html>},
  number = {225},
  openalex = {W4286233822},
  pages = {1–42},
  title = {Limits of Dense Simplicial Complexes},
  volume = {24},
  year = {2023}
}

@article{romano2023fast,
  author = {Romano, Gaetano and Eckley, Idris A. and Fearnhead, Paul and Rigaill, Guillem},
  journal = {Journal of Machine Learning Research},
  note = {<http://jmlr.org/papers/v24/21-1230.html>},
  number = {81},
  openalex = {W4286903049},
  pages = {1–36},
  title = {Fast Online Changepoint Detection via Functional Pruning CUSUM statistics},
  volume = {24},
  year = {2023}
}

@article{rothfuss2023scalable,
  author = {Rothfuss, Jonas and Josifoski, Martin and Fortuin, Vincent and Krause, Andreas},
  journal = {Journal of Machine Learning Research},
  note = {<http://jmlr.org/papers/v24/22-1254.html>},
  number = {386},
  openalex = {W4309134309},
  pages = {1–62},
  title = {Scalable PAC-Bayesian Meta-Learning via the PAC-Optimal Hyper-Posterior: From Theory to Practice},
  volume = {24},
  year = {2023}
}

@article{rudin2023globally,
  author = {Rudin, Cynthia and Shaposhnik, Yaron},
  journal = {Journal of Machine Learning Research},
  note = {<http://jmlr.org/papers/v24/21-0488.html>},
  number = {16},
  openalex = {W2969964925},
  pages = {1–44},
  title = {Globally-Consistent Rule-Based Summary-Explanations for Machine Learning Models: Application to Credit-Risk Evaluation},
  volume = {24},
  year = {2023}
}

@article{sagnol2023fast,
  author = {Sagnol, Guillaume and Pronzato, Luc},
  journal = {Journal of Machine Learning Research},
  note = {<http://jmlr.org/papers/v24/22-1305.html>},
  number = {307},
  openalex = {W4387687281},
  pages = {1–32},
  title = {Fast Screening Rules for Optimal Design via Quadratic Lasso Reformulation},
  volume = {24},
  year = {2023}
}

@article{scheikl2023lapgym,
  author = {Scheikl, Paul Maria and Gyenes, Balázs and Younis, Rayan and Haas, Christoph and Neumann, Gerhard and Wagner, Martin and Mathis-Ullrich, Franziska},
  journal = {Journal of Machine Learning Research},
  note = {<http://jmlr.org/papers/v24/23-0207.html>},
  number = {368},
  openalex = {W4321473287},
  pages = {1–42},
  title = {LapGym – An Open Source Framework for Reinforcement Learning in Robot-Assisted Laparoscopic Surgery},
  volume = {24},
  year = {2023}
}

@article{schrab2023mmd,
  author = {Schrab, Antonin and Kim, Ilmun and Albert, Mélisande and Laurent, Béatrice and Guedj, Benjamin and Gretton, Arthur},
  journal = {Journal of Machine Learning Research},
  note = {<http://jmlr.org/papers/v24/21-1289.html>},
  number = {194},
  openalex = {W4286891023},
  pages = {1–81},
  title = {MMD Aggregated Two-Sample Test},
  volume = {24},
  year = {2023}
}

@article{sekkat2023mini,
  author = {Sekkat, Inass and Stoltz, Gabriel},
  journal = {Journal of Machine Learning Research},
  note = {<http://jmlr.org/papers/v24/21-1412.html>},
  number = {329},
  openalex = {W3165111336},
  pages = {1–58},
  title = {Mini-batching error and adaptive Langevin dynamics},
  volume = {24},
  year = {2023}
}

@article{serrano2023skrl,
  author = {Serrano-Muñoz, Antonio and Chrysostomou, Dimitrios and Bøgh, Simon and Arana-Arexolaleiba, Nestor},
  journal = {Journal of Machine Learning Research},
  note = {<http://jmlr.org/papers/v24/23-0112.html>},
  number = {254},
  openalex = {W4226449706},
  pages = {1–9},
  title = {skrl: Modular and Flexible Library for Reinforcement Learning},
  volume = {24},
  year = {2023}
}

@article{sesia2023conformal,
  author = {Sesia, Matteo and Favaro, Stefano and Dobriban, Edgar},
  journal = {Journal of Machine Learning Research},
  note = {<http://jmlr.org/papers/v24/22-1278.html>},
  number = {348},
  openalex = {W4308756715},
  pages = {1–80},
  title = {Conformal Frequency Estimation using Discrete Sketched Data with Coverage for Distinct Queries},
  volume = {24},
  year = {2023}
}

@article{shamir2023implicit,
  author = {Shamir, Ohad},
  journal = {Journal of Machine Learning Research},
  note = {<http://jmlr.org/papers/v24/22-0784.html>},
  number = {113},
  openalex = {W4226372400},
  pages = {1–40},
  title = {The Implicit Bias of Benign Overfitting},
  volume = {24},
  year = {2023}
}

@article{shekhar2023permutation,
  author = {Shekhar, Shubhanshu and Kim, Ilmun and Ramdas, Aaditya},
  journal = {Journal of Machine Learning Research},
  note = {<http://jmlr.org/papers/v24/23-0248.html>},
  number = {369},
  openalex = {W4312048562},
  pages = {1–68},
  title = {A Permutation-Free Kernel Independence Test},
  volume = {24},
  year = {2023}
}

@article{shen2023adaptation,
  author = {Shen, Jian and Lai, Hang and Liu, Minghuan and Zhao, Han and Yu, Yong and Zhang, Weinan},
  journal = {Journal of Machine Learning Research},
  note = {<http://jmlr.org/papers/v24/22-0606.html>},
  number = {218},
  pages = {1–35},
  title = {Adaptation Augmented Model-based Policy Optimization},
  volume = {24},
  year = {2023}
}

@article{sheng2023distance,
  author = {Sheng, Tianhong and Sriperumbudur, Bharath K.},
  journal = {Journal of Machine Learning Research},
  note = {<http://jmlr.org/papers/v24/20-238.html>},
  number = {7},
  pages = {1–16},
  title = {On Distance and Kernel Measures of Conditional Dependence},
  volume = {24},
  year = {2023}
}

@article{shi2023learning,
  author = {Shi, Bin and Su, Weijie and Jordan, Michael I.},
  journal = {Journal of Machine Learning Research},
  note = {<http://jmlr.org/papers/v24/20-364.html>},
  number = {379},
  openalex = {W3016499390},
  pages = {1–53},
  title = {On Learning Rates and Schrödinger Operators},
  volume = {24},
  year = {2023}
}

@article{shpitser2023proximal,
  author = {Shpitser, Ilya and Wood-Doughty, Zach and Tchetgen Tchetgen, Eric J.},
  journal = {Journal of Machine Learning Research},
  note = {<http://jmlr.org/papers/v24/21-0950.html>},
  number = {188},
  openalex = {W4293436482},
  pages = {1–46},
  title = {The Proximal ID Algorithm},
  volume = {24},
  year = {2023}
}

@article{shridharan2023scalable,
  author = {Shridharan, Madhumitha and Iyengar, Garud},
  journal = {Journal of Machine Learning Research},
  note = {<http://jmlr.org/papers/v24/22-1081.html>},
  number = {237},
  openalex = {W4385681106},
  pages = {1–35},
  title = {Scalable Computation of Causal Bounds},
  volume = {24},
  year = {2023}
}

@article{shu2023learning,
  author = {Shu, Jun and Meng, Deyu and Xu, Zongben},
  journal = {Journal of Machine Learning Research},
  note = {<http://jmlr.org/papers/v24/21-0742.html>},
  number = {186},
  pages = {1–74},
  title = {Learning an Explicit Hyper-parameter Prediction Function Conditioned on Tasks},
  volume = {24},
  year = {2023}
}

@article{siegel2023mauve,
  author = {Siegel, Jonathan W.},
  journal = {Journal of Machine Learning Research},
  note = {<http://jmlr.org/papers/v24/23-0023.html>},
  number = {356},
  pages = {1–92},
  title = {MAUVE Scores for Generative Models: Theory and Practice},
  volume = {24},
  year = {2023}
}

@article{siegel2023optimal,
  author = {Siegel, Jonathan W.},
  journal = {Journal of Machine Learning Research},
  note = {<http://jmlr.org/papers/v24/23-0025.html>},
  number = {357},
  openalex = {W4310413607},
  pages = {1–52},
  title = {Optimal Approximation Rates for Deep ReLU Neural Networks on Sobolev and Besov Spaces},
  volume = {24},
  year = {2023}
}

@article{simchoni2023integrating,
  author = {Simchoni, Giora and Rosset, Saharon},
  journal = {Journal of Machine Learning Research},
  note = {<http://jmlr.org/papers/v24/22-0501.html>},
  number = {156},
  openalex = {W4281734508},
  pages = {1–57},
  title = {Integrating Random Effects in Deep Neural Networks},
  volume = {24},
  year = {2023}
}

@article{simkus2023variational,
  author = {Simkus, Vaidotas and Rhodes, Benjamin and Gutmann, Michael U.},
  journal = {Journal of Machine Learning Research},
  note = {<http://jmlr.org/papers/v24/21-1373.html>},
  number = {196},
  openalex = {W4307124991},
  pages = {1–72},
  title = {Variational Gibbs Inference for Statistical Model Estimation from Incomplete Data},
  volume = {24},
  year = {2023}
}

@article{simongabriel2023metrizing,
  author = {Simon-Gabriel, Carl-Johann and Barp, Alessandro and Schölkopf, Bernhard and Mackey, Lester},
  journal = {Journal of Machine Learning Research},
  note = {<http://jmlr.org/papers/v24/21-0599.html>},
  number = {184},
  pages = {1–20},
  title = {Metrizing Weak Convergence with Maximum Mean Discrepancies},
  volume = {24},
  year = {2023}
}

@article{siry2023theoretical,
  author = {Siry, Rodrigue and Webster, Ryan and Simon, Loic and Rabin, Julien},
  journal = {Journal of Machine Learning Research},
  note = {<http://jmlr.org/papers/v24/21-0607.html>},
  number = {185},
  openalex = {W4306294705},
  pages = {1–34},
  title = {On the Theoretical Equivalence of Several Trade-Off Curves Assessing Statistical Proximity},
  volume = {24},
  year = {2023}
}

@article{smith2023strategic,
  author = {Smith, Max Olan and Anthony, Thomas and Wellman, Michael P.},
  journal = {Journal of Machine Learning Research},
  note = {<http://jmlr.org/papers/v24/22-0968.html>},
  number = {233},
  pages = {1–96},
  title = {Strategic Knowledge Transfer},
  volume = {24},
  year = {2023}
}

@article{sonabendw2023semi,
  author = {Sonabend-W, Aaron and Laha, Nilanjana and Ananthakrishnan, Ashwin and Cai, Tianxi and Mukherjee, Rajarshi},
  journal = {Journal of Machine Learning Research},
  note = {<http://jmlr.org/papers/v24/21-0187.html>},
  number = {323},
  pages = {1–86},
  title = {Semi-Supervised Off-Policy Reinforcement Learning and Value Estimation for Dynamic Treatment Regimes},
  volume = {24},
  year = {2023}
}

@article{song2023minimal,
  author = {Song, Chang hoon and Hwang, Geonho and Lee, Jun ho and Kang, Myungjoo},
  journal = {Journal of Machine Learning Research},
  note = {<http://jmlr.org/papers/v24/22-1191.html>},
  number = {121},
  openalex = {W4310281035},
  pages = {1–41},
  title = {Minimal Width for Universal Property of Deep RNN},
  volume = {24},
  year = {2023}
}

@article{spitieris2023bayesian,
  author = {Spitieris, Michail and Steinsland, Ingelin},
  journal = {Journal of Machine Learning Research},
  note = {<http://jmlr.org/papers/v24/22-0676.html>},
  number = {108},
  openalex = {W4221142064},
  pages = {1–39},
  title = {Bayesian Calibration of Imperfect Computer Models using Physics-Informed Priors},
  volume = {24},
  year = {2023}
}

@article{statuto2023scalable,
  author = {Statuto, Nahuel and Unceta, Irene and Nin, Jordi and Pujol, Oriol},
  journal = {Journal of Machine Learning Research},
  note = {<http://jmlr.org/papers/v24/23-0135.html>},
  number = {390},
  openalex = {W4320712039},
  pages = {1–34},
  title = {A Scalable and Efficient Iterative Method for Copying Machine Learning Classifiers},
  volume = {24},
  year = {2023}
}

@article{stein2023annotated,
  author = {Stein, Stefan and Leng, Chenlei},
  journal = {Journal of Machine Learning Research},
  note = {<http://jmlr.org/papers/v24/22-1138.html>},
  number = {119},
  openalex = {W3193782855},
  pages = {1–69},
  title = {An Annotated Graph Model with Differential Degree Heterogeneity for Directed Networks},
  volume = {24},
  year = {2023}
}

@article{steinwart2023adaptive,
  author = {Steinwart, Ingo and Sriperumbudur, Bharath K. and Thomann, Philipp},
  journal = {Journal of Machine Learning Research},
  note = {<http://jmlr.org/papers/v24/21-1532.html>},
  number = {275},
  openalex = {W2750426698},
  pages = {1–56},
  title = {Adaptive Clustering Using Kernel Density Estimators},
  volume = {24},
  year = {2023}
}

@article{stepaniants2023learning,
  author = {Stepaniants, George},
  journal = {Journal of Machine Learning Research},
  note = {<http://jmlr.org/papers/v24/21-1363.html>},
  number = {86},
  openalex = {W4287020235},
  pages = {1–72},
  title = {Learning Partial Differential Equations in Reproducing Kernel Hilbert Spaces},
  volume = {24},
  year = {2023}
}

@article{stolz2023outlier,
  author = {Stolz, Bernadette J.},
  journal = {Journal of Machine Learning Research},
  note = {<http://jmlr.org/papers/v24/21-1526.html>},
  number = {90},
  openalex = {W4287252721},
  pages = {1–35},
  title = {Outlier-robust subsampling techniques for persistent homology},
  volume = {24},
  year = {2023}
}

@article{su2023higrad,
  author = {Su, Weijie J. and Zhu, Yuancheng},
  journal = {Journal of Machine Learning Research},
  note = {<http://jmlr.org/papers/v24/18-521.html>},
  number = {124},
  pages = {1–53},
  title = {HiGrad: Uncertainty Quantification for Online Learning and Stochastic Approximation},
  volume = {24},
  year = {2023}
}

@article{su2023non,
  author = {Su, Lili and Xu, Jiaming and Yang, Pengkun},
  journal = {Journal of Machine Learning Research},
  note = {<http://jmlr.org/papers/v24/22-0153.html>},
  number = {203},
  openalex = {W4287111101},
  pages = {1–48},
  title = {A Non-parametric View of FedAvg and FedProx: Beyond Stationary Points},
  volume = {24},
  year = {2023}
}

@article{sun2023multi,
  author = {Sun, Shiliang and Fei, Jingjing and Zhao, Jing and Mao, Liang},
  journal = {Journal of Machine Learning Research},
  note = {<http://jmlr.org/papers/v24/19-094.html>},
  number = {258},
  pages = {1–32},
  title = {Multi-view Collaborative Gaussian Process Dynamical Systems},
  volume = {24},
  year = {2023}
}

@article{sun2023unifieda,
  author = {Sun, Wei-Fang and Lee, Cheng-Kuang and See, Simon and Lee, Chun-Yi},
  journal = {Journal of Machine Learning Research},
  note = {<http://jmlr.org/papers/v24/22-0630.html>},
  number = {220},
  openalex = {W4379539524},
  pages = {1–32},
  title = {A Unified Framework for Factorizing Distributional Value Functions for Multi-Agent Reinforcement Learning},
  volume = {24},
  year = {2023}
}

@article{sun2023unifiedb,
  author = {Sun, Haoyuan and Gatmiry, Khashayar and Ahn, Kwangjun and Azizan, Navid},
  journal = {Journal of Machine Learning Research},
  note = {<http://jmlr.org/papers/v24/23-0836.html>},
  number = {393},
  openalex = {W4382319594},
  pages = {1–58},
  title = {A Unified Approach to Controlling Implicit Regularization via Mirror Descent},
  volume = {24},
  year = {2023}
}

@article{sundaram2023paclearning,
  author = {Sundaram, Ravi and Vullikanti, Anil and Xu, Haifeng and Yao, Fan},
  journal = {Journal of Machine Learning Research},
  note = {<http://jmlr.org/papers/v24/21-1250.html>},
  number = {192},
  openalex = {W3172650560},
  pages = {1–38},
  title = {PAC-Learning for Strategic Classification},
  volume = {24},
  year = {2023}
}

@article{tachella2023sensing,
  author = {Tachella, Julián and Chen, Dongdong and Davies, Mike},
  journal = {Journal of Machine Learning Research},
  note = {<http://jmlr.org/papers/v24/22-0315.html>},
  number = {39},
  openalex = {W4221161322},
  pages = {1–45},
  title = {Sensing Theorems for Unsupervised Learning in Linear Inverse Problems},
  volume = {24},
  year = {2023}
}

@article{tan2023mixed,
  author = {Tan, Nelvin and Venkataramanan, Ramji},
  journal = {Journal of Machine Learning Research},
  note = {<http://jmlr.org/papers/v24/23-0473.html>},
  number = {317},
  openalex = {W4362679260},
  pages = {1–44},
  title = {Mixed Regression via Approximate Message Passing},
  volume = {24},
  year = {2023}
}

@article{tan2023online,
  author = {Tan, Yan Shuo and Vershynin, Roman},
  journal = {Journal of Machine Learning Research},
  note = {<http://jmlr.org/papers/v24/20-902.html>},
  number = {58},
  pages = {1–47},
  title = {Online Stochastic Gradient Descent with Arbitrary Initialization Solves Non-smooth, Non-convex Phase Retrieval},
  volume = {24},
  year = {2023}
}

@article{tikka2023clustering,
  author = {Tikka, Santtu and Helske, Jouni and Karvanen, Juha},
  journal = {Journal of Machine Learning Research},
  note = {<http://jmlr.org/papers/v24/21-1322.html>},
  number = {195},
  openalex = {W4226225250},
  pages = {1–32},
  title = {Clustering and Structural Robustness in Causal Diagrams},
  volume = {24},
  year = {2023}
}

@article{trillos2023large,
  author = {Garcia Trillos, Nicolas and He, Pengfei and Li, Chenghui},
  journal = {Journal of Machine Learning Research},
  note = {<http://jmlr.org/papers/v24/21-1254.html>},
  number = {143},
  openalex = {W3186513908},
  pages = {1–71},
  title = {Large sample spectral analysis of graph-based multi-manifold clustering},
  volume = {24},
  year = {2023}
}

@article{trillos2023multimarginal,
  author = {García Trillos, Nicolás and Jacobs, Matt and Kim, Jakwang},
  journal = {Journal of Machine Learning Research},
  note = {<http://jmlr.org/papers/v24/22-0698.html>},
  number = {45},
  openalex = {W4225096562},
  pages = {1–56},
  title = {The Multimarginal Optimal Transport Formulation of Adversarial Multiclass Classification},
  volume = {24},
  year = {2023}
}

@article{trottner2023concentration,
  author = {Trottner, Lukas and Aeckerle-Willems, Cathrine and Strauch, Claudia},
  journal = {Journal of Machine Learning Research},
  note = {<http://jmlr.org/papers/v24/22-0666.html>},
  number = {106},
  openalex = {W4281781655},
  pages = {1–38},
  title = {Concentration analysis of multivariate elliptic diffusion processes},
  volume = {24},
  year = {2023}
}

@article{truong2023fundamental,
  author = {Truong, Lan V.},
  journal = {Journal of Machine Learning Research},
  note = {<http://jmlr.org/papers/v24/21-0543.html>},
  number = {64},
  openalex = {W4297782657},
  pages = {1–49},
  title = {Fundamental limits and algorithms for sparse linear regression with sublinear sparsity},
  volume = {24},
  year = {2023}
}

@article{tsai2023faith,
  author = {Tsai, Che-Ping and Yeh, Chih-Kuan and Ravikumar, Pradeep},
  journal = {Journal of Machine Learning Research},
  note = {<http://jmlr.org/papers/v24/22-0202.html>},
  number = {94},
  openalex = {W4226137384},
  pages = {1–42},
  title = {Faith-Shap: The Faithful Shapley Interaction Index},
  volume = {24},
  year = {2023}
}

@article{tsigler2023benign,
  author = {Tsigler, Alexander and Bartlett, Peter L.},
  journal = {Journal of Machine Learning Research},
  note = {<http://jmlr.org/papers/v24/22-1398.html>},
  number = {123},
  openalex = {W3090091013},
  pages = {1–76},
  title = {Benign overfitting in ridge regression},
  volume = {24},
  year = {2023}
}

@article{tsitsulin2023graph,
  author = {Tsitsulin, Anton and Palowitch, John and Perozzi, Bryan and Müller, Emmanuel},
  journal = {Journal of Machine Learning Research},
  note = {<http://jmlr.org/papers/v24/20-998.html>},
  number = {127},
  openalex = {W4287749054},
  pages = {1–21},
  title = {Graph Clustering with Graph Neural Networks},
  volume = {24},
  year = {2023}
}

@article{uelwer2023learning,
  author = {Uelwer, Tobias and Konietzny, Sebastian and Oberstrass, Alexander and Harmeling, Stefan},
  journal = {Journal of Machine Learning Research},
  note = {<http://jmlr.org/papers/v24/22-0106.html>},
  number = {332},
  pages = {1–28},
  title = {Learning Conditional Generative Models for Phase Retrieval},
  volume = {24},
  year = {2023}
}

@article{unser2023ridges,
  author = {Unser, Michael},
  journal = {Journal of Machine Learning Research},
  note = {<http://jmlr.org/papers/v24/22-0227.html>},
  number = {37},
  openalex = {W4225343232},
  pages = {1–33},
  title = {Ridges, Neural Networks, and the Radon Transform},
  volume = {24},
  year = {2023}
}

@article{vadillo2023extending,
  author = {Vadillo, Jon and Santana, Roberto and Lozano, Jose A.},
  journal = {Journal of Machine Learning Research},
  note = {<http://jmlr.org/papers/v24/21-0326.html>},
  number = {15},
  openalex = {W3016758115},
  pages = {1–42},
  title = {Extending Adversarial Attacks to Produce Adversarial Class Probability Distributions},
  volume = {24},
  year = {2023}
}

@article{vankadara2023insights,
  author = {Vankadara, Leena Chennuru and Lohaus, Michael and Haghiri, Siavash and Ul Wahab, Faiz and von Luxburg, Ulrike},
  journal = {Journal of Machine Learning Research},
  note = {<http://jmlr.org/papers/v24/21-1170.html>},
  number = {191},
  openalex = {W4287999678},
  pages = {1–83},
  title = {Insights into Ordinal Embedding Algorithms: A Systematic Evaluation},
  volume = {24},
  year = {2023}
}

@article{varici2023causal,
  author = {Varici, Burak and Shanmugam, Karthikeyan and Sattigeri, Prasanna and Tajer, Ali},
  journal = {Journal of Machine Learning Research},
  note = {<http://jmlr.org/papers/v24/22-0969.html>},
  number = {297},
  openalex = {W4293566146},
  pages = {1–59},
  title = {Causal Bandits for Linear Structural Equation Models},
  volume = {24},
  year = {2023}
}

@article{vayer2023controlling,
  author = {Vayer, Titouan and Gribonval, Rémi},
  journal = {Journal of Machine Learning Research},
  note = {<http://jmlr.org/papers/v24/21-1516.html>},
  number = {149},
  openalex = {W4379032773},
  pages = {1–51},
  title = {Controlling Wasserstein Distances by Kernel Norms with Application to Compressive Statistical Learning},
  volume = {24},
  year = {2023}
}

@article{veld2023augmented,
  author = {Veldt, Nate and Benson, Austin R. and Kleinberg, Jon},
  journal = {Journal of Machine Learning Research},
  note = {<http://jmlr.org/papers/v24/22-0305.html>},
  number = {207},
  openalex = {W3042850937},
  pages = {1–50},
  title = {Augmented Sparsifiers for Generalized Hypergraph Cuts},
  volume = {24},
  year = {2023}
}

@article{vignault2023erratum,
  author = {Vignault, Louis-Philippe and Durand, Audrey and Germain, Pascal},
  journal = {Journal of Machine Learning Research},
  note = {<http://jmlr.org/papers/v24/22-0747.html>},
  number = {294},
  pages = {1–13},
  title = {Erratum: Risk Bounds for the Majority Vote: From a PAC-Bayesian Analysis to a Learning Algorithm},
  volume = {24},
  year = {2023}
}

@article{villar2023dimensionless,
  author = {Villar, Soledad and Yao, Weichi and Hogg, David W. and Blum-Smith, Ben and Dumitrascu, Bianca},
  journal = {Journal of Machine Learning Research},
  note = {<http://jmlr.org/papers/v24/22-0680.html>},
  number = {109},
  openalex = {W4224910515},
  pages = {1–32},
  title = {Dimensionless machine learning: Imposing exact units equivariance},
  volume = {24},
  year = {2023}
}

@article{vogels2023beyond,
  author = {Vogels, Thijs and Hendrikx, Hadrien and Jaggi, Martin},
  journal = {Journal of Machine Learning Research},
  note = {<http://jmlr.org/papers/v24/22-1471.html>},
  number = {355},
  openalex = {W4281656148},
  pages = {1–31},
  title = {Beyond spectral gap: The role of the topology in decentralized learning},
  volume = {24},
  year = {2023}
}

@article{vysogorets2023connectivity,
  author = {Vysogorets, Artem and Kempe, Julia},
  journal = {Journal of Machine Learning Research},
  note = {<http://jmlr.org/papers/v24/22-0415.html>},
  number = {99},
  openalex = {W4287100587},
  pages = {1–23},
  title = {Connectivity Matters: Neural Network Pruning Through the Lens of Effective Sparsity},
  volume = {24},
  year = {2023}
}

@article{wainer2023bayesian,
  author = {Wainer, Jacques},
  journal = {Journal of Machine Learning Research},
  note = {<http://jmlr.org/papers/v24/22-0907.html>},
  number = {341},
  openalex = {W4290802753},
  pages = {1–34},
  title = {A Bayesian Bradley-Terry model to compare multiple ML algorithms on multiple data sets},
  volume = {24},
  year = {2023}
}

@article{wang2023causal,
  author = {Wang, Y. Samuel and Drton, Mathias},
  journal = {Journal of Machine Learning Research},
  note = {<http://jmlr.org/papers/v24/21-1329.html>},
  number = {271},
  openalex = {W3045061576},
  pages = {1–61},
  title = {Causal Discovery with Unobserved Confounding and non-Gaussian Data},
  volume = {24},
  year = {2023}
}

@article{wang2023convergence,
  author = {Wang, Xiaoyu and Yuan, Ya-xiang},
  journal = {Journal of Machine Learning Research},
  note = {<http://jmlr.org/papers/v24/19-1009.html>},
  number = {48},
  openalex = {W3129556906},
  pages = {1–49},
  title = {On the Convergence of Stochastic Gradient Descent with Bandwidth-based Step Size},
  volume = {24},
  year = {2023}
}

@article{wang2023distributed,
  author = {Wang, Ruoyu and Su, Miaomiao and Wang, Qihua},
  journal = {Journal of Machine Learning Research},
  note = {<http://jmlr.org/papers/v24/21-0673.html>},
  number = {68},
  openalex = {W3167959622},
  pages = {1–52},
  title = {Distributed nonparametric regression imputation for missing response problems with large-scale data},
  volume = {24},
  year = {2023}
}

@article{wang2023gap,
  author = {Wang, Boyu and Mendez, Jorge A. and Shui, Changjian and Zhou, Fan and Wu, Di and Xu, Gezheng and Gagné, Christian and Eaton, Eric},
  journal = {Journal of Machine Learning Research},
  note = {<http://jmlr.org/papers/v24/22-0099.html>},
  number = {33},
  openalex = {W4221149695},
  pages = {1–57},
  title = {Gap Minimization for Knowledge Sharing and Transfer},
  volume = {24},
  year = {2023}
}

@article{wang2023generalization,
  author = {Wang, Hao and Gao, Rui and Calmon, Flavio P.},
  journal = {Journal of Machine Learning Research},
  note = {<http://jmlr.org/papers/v24/21-1396.html>},
  number = {26},
  openalex = {W4287332259},
  pages = {1–43},
  title = {Generalization Bounds for Noisy Iterative Algorithms Using Properties of Additive Noise Channels},
  volume = {24},
  year = {2023}
}

@article{wang2023generalized,
  author = {Wang, Di and Hu, Lijie and Zhang, Huanyu and Gaboardi, Marco and Xu, Jinhui},
  journal = {Journal of Machine Learning Research},
  note = {<http://jmlr.org/papers/v24/21-0523.html>},
  number = {132},
  pages = {1–57},
  title = {Generalized Linear Models in Non-interactive Local Differential Privacy with Public Data},
  volume = {24},
  year = {2023}
}

@article{wang2023implicit,
  author = {Wang, Haifeng and Chen, Jinchi and Wei, Ke},
  journal = {Journal of Machine Learning Research},
  note = {<http://jmlr.org/papers/v24/22-1256.html>},
  number = {347},
  openalex = {W3211987814},
  pages = {1–84},
  title = {Implicit Regularization and Entrywise Convergence of Riemannian Optimization for Low Tucker-Rank Tensor Completion},
  volume = {24},
  year = {2023}
}

@article{wang2023lifted,
  author = {Wang, Xiaoyu and Benning, Martin},
  journal = {Journal of Machine Learning Research},
  note = {<http://jmlr.org/papers/v24/22-0934.html>},
  number = {232},
  openalex = {W4292447944},
  pages = {1–51},
  title = {Lifted Bregman Training of Neural Networks},
  volume = {24},
  year = {2023}
}

@article{wang2023memory,
  author = {Wang, Bokun and Yuan, Zhuoning and Ying, Yiming and Yang, Tianbao},
  journal = {Journal of Machine Learning Research},
  note = {<http://jmlr.org/papers/v24/21-1301.html>},
  number = {145},
  openalex = {W3172133648},
  pages = {1–46},
  title = {Memory-Based Optimization Methods for Model-Agnostic Meta-Learning and Personalized Federated Learning},
  volume = {24},
  year = {2023}
}

@article{wang2023online,
  author = {Wang, Xi and Tu, Zhipeng and Hong, Yiguang and Wu, Yingyi and Shi, Guodong},
  journal = {Journal of Machine Learning Research},
  note = {<http://jmlr.org/papers/v24/21-1308.html>},
  number = {84},
  pages = {1–67},
  title = {Online Optimization over Riemannian Manifolds},
  volume = {24},
  year = {2023}
}

@article{wang2023rvcl,
  author = {Wang, Zekai and Liu, Weiwei},
  journal = {Journal of Machine Learning Research},
  note = {<http://jmlr.org/papers/v24/23-0668.html>},
  number = {396},
  pages = {1–43},
  title = {RVCL: Evaluating the Robustness of Contrastive Learning via Verification},
  volume = {24},
  year = {2023}
}

@article{wang2023set,
  author = {Wang, Zhou and Qiao, Xingye},
  journal = {Journal of Machine Learning Research},
  note = {<http://jmlr.org/papers/v24/23-0712.html>},
  number = {375},
  pages = {1–39},
  title = {Set-valued Classification with Out-of-distribution Detection for Many Classes},
  volume = {24},
  year = {2023}
}

@article{wang2023tractable,
  author = {Wang, Ziyue and Tan, Zhiqiang},
  journal = {Journal of Machine Learning Research},
  note = {<http://jmlr.org/papers/v24/22-1053.html>},
  number = {235},
  openalex = {W4226148600},
  pages = {1–112},
  title = {Tractable and Near-Optimal Adversarial Algorithms for Robust Estimation in Contaminated Gaussian Models},
  volume = {24},
  year = {2023}
}

@article{wang2023unbiased,
  author = {Wang, Tianze and Wang, Guanyang},
  journal = {Journal of Machine Learning Research},
  note = {<http://jmlr.org/papers/v24/22-1468.html>},
  number = {249},
  openalex = {W4224903801},
  pages = {1–40},
  title = {Unbiased Multilevel Monte Carlo methods for intractable distributions: MLMC meets MCMC},
  volume = {24},
  year = {2023}
}

@article{weerts2023fairlearn,
  author = {Weerts, Hilde and Dudík, Miroslav and Edgar, Richard and Jalali, Adrin and Lutz, Roman and Madaio, Michael},
  journal = {Journal of Machine Learning Research},
  note = {<http://jmlr.org/papers/v24/23-0389.html>},
  number = {257},
  openalex = {W4361806824},
  pages = {1–8},
  title = {Fairlearn: Assessing and Improving Fairness of AI Systems},
  volume = {24},
  year = {2023}
}

@article{weinstein2023bayesian,
  author = {Weinstein, Eli N. and Miller, Jeffrey W.},
  journal = {Journal of Machine Learning Research},
  note = {<http://jmlr.org/papers/v24/21-1067.html>},
  number = {23},
  pages = {1–72},
  title = {Bayesian Data Selection},
  volume = {24},
  year = {2023}
}

@article{wienobst2023polynomial,
  author = {Wienöbst, Marcel and Bannach, Max and Liśkiewicz, Maciej},
  journal = {Journal of Machine Learning Research},
  note = {<http://jmlr.org/papers/v24/22-0495.html>},
  number = {213},
  openalex = {W4320339879},
  pages = {1–45},
  title = {Polynomial-Time Algorithms for Counting and Sampling Markov Equivalent DAGs with Applications},
  volume = {24},
  year = {2023}
}

@article{wilkinson2023bayes,
  author = {Wilkinson, William J. and Särkkä, Simo and Solin, Arno},
  journal = {Journal of Machine Learning Research},
  note = {<http://jmlr.org/papers/v24/21-1298.html>},
  number = {83},
  openalex = {W4225883271},
  pages = {1–50},
  title = {Bayes-Newton Methods for Approximate Bayesian Inference with PSD Guarantees},
  volume = {24},
  year = {2023}
}

@article{williamson2023geometry,
  author = {Williamson, Robert C. and Cranko, Zac},
  journal = {Journal of Machine Learning Research},
  note = {<http://jmlr.org/papers/v24/22-0987.html>},
  number = {342},
  openalex = {W4294533841},
  pages = {1–72},
  title = {The Geometry and Calculus of Losses},
  volume = {24},
  year = {2023}
}

@article{wollstadt2023rigorous,
  author = {Wollstadt, Patricia and Schmitt, Sebastian and Wibral, Michael},
  journal = {Journal of Machine Learning Research},
  note = {<http://jmlr.org/papers/v24/21-0482.html>},
  number = {131},
  openalex = {W4287183407},
  pages = {1–44},
  title = {A Rigorous Information-Theoretic Definition of Redundancy and Relevancy in Feature Selection Based on (Partial) Information Decomposition},
  volume = {24},
  year = {2023}
}

@article{wood2023unified,
  author = {Wood, Danny and Mu, Tingting and Webb, Andrew M. and Reeve, Henry W. J. and Luján, Mikel and Brown, Gavin},
  journal = {Journal of Machine Learning Research},
  note = {<http://jmlr.org/papers/v24/23-0041.html>},
  number = {359},
  openalex = {W4315706600},
  pages = {1–49},
  title = {A Unified Theory of Diversity in Ensemble Learning},
  volume = {24},
  year = {2023}
}

@article{wu2023when,
  author = {Wu, Hau-Tieng and Wu, Nan},
  journal = {Journal of Machine Learning Research},
  note = {<http://jmlr.org/papers/v24/21-0697.html>},
  number = {69},
  openalex = {W2900233741},
  pages = {1–80},
  title = {When Locally Linear Embedding Hits Boundary},
  volume = {24},
  year = {2023}
}

@article{xia2023adaptive,
  author = {Xia, Xintao and Cai, Zhanrui},
  journal = {Journal of Machine Learning Research},
  note = {<http://jmlr.org/papers/v24/23-0039.html>},
  number = {252},
  pages = {1–35},
  title = {Adaptive False Discovery Rate Control with Privacy Guarantee},
  volume = {24},
  year = {2023}
}

@article{xia2023instance,
  author = {Xia, Eric and Khamaru, Koulik and Wainwright, Martin J. and Jordan, Michael I.},
  journal = {Journal of Machine Learning Research},
  note = {<http://jmlr.org/papers/v24/23-0646.html>},
  number = {392},
  openalex = {W4221151967},
  pages = {1–43},
  title = {Instance-Dependent Confidence and Early Stopping for Reinforcement Learning},
  volume = {24},
  year = {2023}
}

@article{xiang2023optimality,
  author = {Xiang, Yunhua and Zhang, Tianyu and Wang, Xu and Shojaie, Ali and Simon, Noah},
  journal = {Journal of Machine Learning Research},
  note = {<http://jmlr.org/papers/v24/22-0850.html>},
  number = {228},
  openalex = {W3159252983},
  pages = {1–38},
  title = {On the Optimality of Nuclear-norm-based Matrix Completion for Problems with Smooth Non-linear Structure},
  volume = {24},
  year = {2023}
}

@article{xu2023fair,
  author = {Xu, Shizhou and Strohmer, Thomas},
  journal = {Journal of Machine Learning Research},
  note = {<http://jmlr.org/papers/v24/22-0005.html>},
  number = {331},
  openalex = {W4221148696},
  pages = {1–63},
  title = {Fair Data Representation for Machine Learning at the Pareto Frontier},
  volume = {24},
  year = {2023}
}

@article{xu2023label,
  author = {Xu, Chao and Tao, Hong and Zhang, Jing and Hu, Dewen and Hou, Chenping},
  journal = {Journal of Machine Learning Research},
  note = {<http://jmlr.org/papers/v24/22-0210.html>},
  number = {36},
  pages = {1–48},
  title = {Label Distribution Changing Learning with Sample Space Expanding},
  volume = {24},
  year = {2023}
}

@article{xu2023non,
  author = {Xu, Lihu and Yao, Fang and Yao, Qiuran and Zhang, Huiming},
  journal = {Journal of Machine Learning Research},
  note = {<http://jmlr.org/papers/v24/22-0034.html>},
  number = {92},
  openalex = {W4304984780},
  pages = {1–46},
  title = {Non-Asymptotic Guarantees for Robust Statistical Learning under Infinite Variance Assumption},
  volume = {24},
  year = {2023}
}

@article{xu2023zeroth,
  author = {Xu, Zi and Wang, Zi-Qi and Wang, Jun-Lin and Dai, Yu-Hong},
  journal = {Journal of Machine Learning Research},
  note = {<http://jmlr.org/papers/v24/22-1518.html>},
  number = {313},
  openalex = {W4320858140},
  pages = {1–25},
  title = {Zeroth-Order Alternating Gradient Descent Ascent Algorithms for a Class of Nonconvex-Nonconcave Minimax Problems},
  volume = {24},
  year = {2023}
}

@article{yan2023confidence,
  author = {Yan, Yibo and Wang, Xiaozhou and Zhang, Riquan},
  journal = {Journal of Machine Learning Research},
  note = {<http://jmlr.org/papers/v24/22-1217.html>},
  number = {245},
  pages = {1–49},
  title = {Confidence Intervals and Hypothesis Testing for High-dimensional Quantile Regression: Convolution Smoothing and Debiasing},
  volume = {24},
  year = {2023}
}

@article{yan2023online,
  author = {Yan, Yu-Hu and Zhao, Peng and Zhou, Zhi-Hua},
  journal = {Journal of Machine Learning Research},
  note = {<http://jmlr.org/papers/v24/21-1444.html>},
  number = {273},
  pages = {1–50},
  title = {Online Non-stochastic Control with Partial Feedback},
  volume = {24},
  year = {2023}
}

@article{yang2023basgd,
  author = {Yang, Yi-Rui and Li, Wu-Jun},
  journal = {Journal of Machine Learning Research},
  note = {<http://jmlr.org/papers/v24/22-0184.html>},
  number = {204},
  openalex = {W3007741598},
  pages = {1–62},
  title = {BASGD: Buffered Asynchronous SGD for Byzantine Learning},
  volume = {24},
  year = {2023}
}

@article{yang2023improved,
  author = {Yang, Zhuang},
  journal = {Journal of Machine Learning Research},
  note = {<http://jmlr.org/papers/v24/22-1149.html>},
  number = {241},
  pages = {1–29},
  title = {Improved Powered Stochastic Optimization Algorithms for Large-Scale Machine Learning},
  volume = {24},
  year = {2023}
}

@article{ye2023multi,
  author = {Ye, Haishan and Luo, Luo and Zhou, Ziang and Zhang, Tong},
  journal = {Journal of Machine Learning Research},
  note = {<http://jmlr.org/papers/v24/22-1210.html>},
  number = {306},
  openalex = {W3023928325},
  pages = {1–50},
  title = {Multi-consensus Decentralized Accelerated Gradient Descent},
  volume = {24},
  year = {2023}
}

@article{yu2023group,
  author = {Yu, Haizi and Mineyev, Igor and Varshney, Lav R.},
  journal = {Journal of Machine Learning Research},
  note = {<http://jmlr.org/papers/v24/18-508.html>},
  number = {47},
  openalex = {W2963088080},
  pages = {1–61},
  title = {A Group-Theoretic Approach to Computational Abstraction: Symmetry-Driven Hierarchical Clustering},
  volume = {24},
  year = {2023}
}

@article{yuan2023removing,
  author = {Yuan, Kun and Alghunaim, Sulaiman A. and Huang, Xinmeng},
  journal = {Journal of Machine Learning Research},
  note = {<http://jmlr.org/papers/v24/22-0283.html>},
  number = {280},
  pages = {1–53},
  title = {Removing Data Heterogeneity Influence Enhances Network Topology Dependence of Decentralized SGD},
  volume = {24},
  year = {2023}
}

@article{yuan2023sharper,
  author = {Yuan, Xiao-Tong and Li, Ping},
  journal = {Journal of Machine Learning Research},
  note = {<http://jmlr.org/papers/v24/21-1219.html>},
  number = {270},
  openalex = {W4315588781},
  pages = {1–52},
  title = {Sharper Analysis for Minibatch Stochastic Proximal Point Methods: Stability, Smoothness, and Deviation},
  volume = {24},
  year = {2023}
}

@article{zellinger2023adaptive,
  author = {Zellinger, Werner and Kindermann, Stefan and Pereverzyev, Sergei V.},
  journal = {Journal of Machine Learning Research},
  note = {<http://jmlr.org/papers/v24/23-1004.html>},
  number = {395},
  openalex = {W4385473876},
  pages = {1–28},
  title = {Adaptive learning of density ratios in RKHS},
  volume = {24},
  year = {2023}
}

@article{zeng2023consistent,
  author = {Zeng, Dun and Liang, Siqi and Hu, Xiangjing and Wang, Hui and Xu, Zenglin},
  journal = {Journal of Machine Learning Research},
  note = {<http://jmlr.org/papers/v24/22-0436.html>},
  number = {153},
  pages = {1–32},
  title = {Consistent Model-based Clustering: using the Quasi-Bernoulli Stick-Breaking Process},
  volume = {24},
  year = {2023}
}

@article{zeng2023fedlab,
  author = {Zeng, Dun and Liang, Siqi and Hu, Xiangjing and Wang, Hui and Xu, Zenglin},
  journal = {Journal of Machine Learning Research},
  note = {<http://jmlr.org/papers/v24/22-0440.html>},
  number = {100},
  openalex = {W3184328775},
  pages = {1–7},
  title = {FedLab: A Flexible Federated Learning Framework},
  volume = {24},
  year = {2023}
}

@article{zhang2023factor,
  author = {Zhang, Zhen and Dupty, Mohammed Haroon and Wu, Fan and Shi, Javen Qinfeng and Lee, Wee Sun},
  journal = {Journal of Machine Learning Research},
  note = {<http://jmlr.org/papers/v24/21-0434.html>},
  number = {181},
  pages = {1–54},
  title = {Factor Graph Neural Network},
  volume = {24},
  year = {2023}
}

@article{zhang2023least,
  author = {Zhang, Haili and Liu, Zhaobo and Zou, Guohua},
  journal = {Journal of Machine Learning Research},
  note = {<http://jmlr.org/papers/v24/22-0511.html>},
  number = {215},
  pages = {1–59},
  title = {Least Squares Model Averaging for Distributed Data},
  volume = {24},
  year = {2023}
}

@article{zhang2023model,
  author = {Zhang, Kaiqing and Kakade, Sham M. and Basar, Tamer and Yang, Lin F.},
  journal = {Journal of Machine Learning Research},
  note = {<http://jmlr.org/papers/v24/20-1131.html>},
  number = {175},
  openalex = {W3106398159},
  pages = {1–53},
  title = {Model-Based Multi-Agent RL in Zero-Sum Markov Games with Near-Optimal Sample Complexity},
  volume = {24},
  year = {2023}
}

@article{zhang2023preconditioned,
  author = {Zhang, Gavin and Fattahi, Salar and Zhang, Richard Y.},
  journal = {Journal of Machine Learning Research},
  note = {<http://jmlr.org/papers/v24/22-0882.html>},
  number = {163},
  openalex = {W4281609257},
  pages = {1–55},
  title = {Preconditioned Gradient Descent for Overparameterized Nonconvex Burer–Monteiro Factorization with Global Optimality Certification},
  volume = {24},
  year = {2023}
}

@article{zhang2023weibull,
  author = {Zhang, Quan and Xu, Yanxun and Wang, Mei-Cheng and Zhou, Mingyuan},
  journal = {Journal of Machine Learning Research},
  note = {<http://jmlr.org/papers/v24/22-0833.html>},
  number = {295},
  openalex = {W4288031288},
  pages = {1–43},
  title = {Weibull Racing Survival Analysis with Competing Events, Left Truncation, and Time-varying Covariates},
  volume = {24},
  year = {2023}
}

@article{zhao2023non,
  author = {Zhao, Peng and Yan, Yu-Hu and Wang, Yu-Xiang and Zhou, Zhi-Hua},
  journal = {Journal of Machine Learning Research},
  note = {<http://jmlr.org/papers/v24/22-0218.html>},
  number = {206},
  pages = {1–70},
  title = {Non-stationary Online Learning with Memory and Non-stochastic Control},
  volume = {24},
  year = {2023}
}

@article{zheng2023understanding,
  author = {Zheng, Weijie and Doerr, Benjamin},
  journal = {Journal of Machine Learning Research},
  note = {<http://jmlr.org/papers/v24/22-0628.html>},
  number = {292},
  openalex = {W4283365871},
  pages = {1–40},
  title = {From Understanding Genetic Drift to a Smart-Restart Mechanism for Estimation-of-Distribution Algorithms},
  volume = {24},
  year = {2023}
}

@article{zhong2023can,
  author = {Zhong, Han and Yang, Zhuoran and Wang, Zhaoran and Jordan, Michael I.},
  journal = {Journal of Machine Learning Research},
  note = {<http://jmlr.org/papers/v24/22-0203.html>},
  number = {35},
  pages = {1–52},
  title = {Can Reinforcement Learning Find Stackelberg-Nash Equilibria in General-Sum Markov Games with Myopically Rational Followers?},
  volume = {24},
  year = {2023}
}

@article{zhou2023dynamics,
  author = {Zhou, Xiong and Liu, Xianming and Wang, Hanzhang and Zhai, Deming and Jiangjunjun and Ji, Xiangyang},
  journal = {Journal of Machine Learning Research},
  note = {<http://jmlr.org/papers/v24/23-0771.html>},
  number = {376},
  openalex = {W4389768025},
  pages = {1–62},
  title = {On the Dynamics Under the Unhinged Loss and Beyond},
  volume = {24},
  year = {2023}
}

@article{zhou2023fast,
  author = {Zhou, Jackson and Ormerod, John T. and Grazian, Clara},
  journal = {Journal of Machine Learning Research},
  note = {<http://jmlr.org/papers/v24/23-0104.html>},
  number = {314},
  pages = {1–39},
  title = {Fast Expectation Propagation for Heteroscedastic, Lasso-Penalized, and Quantile Regression},
  volume = {24},
  year = {2023}
}

@article{zhou2023gaussian,
  author = {Zhou, Shuang and Pati, Debdeep and Wang, Tianying and Yang, Yun and Carroll, Raymond J.},
  journal = {Journal of Machine Learning Research},
  note = {<http://jmlr.org/papers/v24/21-1480.html>},
  number = {87},
  openalex = {W2979934467},
  pages = {1–53},
  title = {Gaussian Processes with Errors in Variables: Theory and Computation},
  volume = {24},
  year = {2023}
}

@article{zhou2023malib,
  author = {Zhou, Ming and Wan, Ziyu and Wang, Hanjing and Wen, Muning and Wu, Runzhe and Wen, Ying and Yang, Yaodong and Yu, Yong and Wang, Jun and Zhang, Weinan},
  journal = {Journal of Machine Learning Research},
  note = {<http://jmlr.org/papers/v24/22-0169.html>},
  number = {150},
  openalex = {W3196792970},
  pages = {1–12},
  title = {MALib: A Parallel Framework for Population-based Multi-agent Reinforcement Learning},
  volume = {24},
  year = {2023}
}

@article{zhou2023multi,
  author = {Zhou, Doudou and Cai, Tianxi and Lu, Junwei},
  journal = {Journal of Machine Learning Research},
  note = {<http://jmlr.org/papers/v24/22-0642.html>},
  number = {221},
  openalex = {W3207940143},
  pages = {1–43},
  title = {Multi-source Learning via Completion of Block-wise Overlapping Noisy Matrices},
  volume = {24},
  year = {2023}
}

@article{zhou2023sample,
  author = {Zhou, Zhengyu and Liu, Weiwei},
  journal = {Journal of Machine Learning Research},
  note = {<http://jmlr.org/papers/v24/22-0881.html>},
  number = {230},
  pages = {1–27},
  title = {Sample Complexity for Distributionally Robust Learning under chi-square divergence},
  volume = {24},
  year = {2023}
}

@article{zhou2023single,
  author = {Zhou, Mo and Lu, Jianfeng},
  journal = {Journal of Machine Learning Research},
  note = {<http://jmlr.org/papers/v24/22-0644.html>},
  number = {222},
  pages = {1–34},
  title = {Single Timescale Actor-Critic Method to Solve the Linear Quadratic Regulator with Convergence Guarantees},
  volume = {24},
  year = {2023}
}

@article{zhou2023sqlflow,
  author = {Zhou, Jun and Zhang, Ke and Wang, Lin and Wu, Hua and Wang, Yi and Chen, ChaoChao},
  journal = {Journal of Machine Learning Research},
  note = {<http://jmlr.org/papers/v24/22-1047.html>},
  number = {116},
  pages = {1–9},
  title = {SQLFlow: An Extensible Toolkit Integrating DB and AI},
  volume = {24},
  year = {2023}
}

@article{zhu2023continuous,
  author = {Zhu, Yuhua and Izzo, Zachary and Ying, Lexing},
  journal = {Journal of Machine Learning Research},
  note = {<http://jmlr.org/papers/v24/22-1181.html>},
  number = {305},
  pages = {1–35},
  title = {Continuous-in-time Limit for Bayesian Bandits},
  volume = {24},
  year = {2023}
}

@article{zou2023benign,
  author = {Zou, Difan and Wu, Jingfeng and Braverman, Vladimir and Gu, Quanquan and Kakade, Sham M.},
  journal = {Journal of Machine Learning Research},
  note = {<http://jmlr.org/papers/v24/21-1297.html>},
  number = {326},
  openalex = {W3138832176},
  pages = {1–58},
  title = {Benign Overfitting of Constant-Stepsize SGD for Linear Regression},
  volume = {24},
  year = {2023}
}

@article{zou2023generalization,
  author = {Zou, Xin and Liu, Weiwei},
  journal = {Journal of Machine Learning Research},
  note = {<http://jmlr.org/papers/v24/22-0866.html>},
  number = {114},
  openalex = {W4321593950},
  pages = {1–54},
  title = {Generalization Bounds for Adversarial Contrastive Learning},
  volume = {24},
  year = {2023}
}
