@article{akhavan2024estimating,
  author = {Akhavan, Arya A. and Gogolashvili, Davit and Tsybakov, Alexandre B.},
  journal = {Journal of Machine Learning Research},
  note = {<http://jmlr.org/papers/v25/22-1396.html>},
  number = {11},
  openalex = {W4310515070},
  pages = {1–37},
  title = {Estimating the minimizer and the minimum value of a regression function under passive design},
  volume = {25},
  year = {2024}
}

@article{ankirchner2024comparison,
  author = {Ankirchner, Stefan and Perko, Stefan},
  journal = {Journal of Machine Learning Research},
  note = {<http://jmlr.org/papers/v25/23-0237.html>},
  number = {13},
  openalex = {W4390786676},
  pages = {1–55},
  title = {A comparison of continuous-time approximations to stochastic gradient descent},
  volume = {25},
  year = {2024}
}

@article{araya2024seeded,
  author = {Araya, Ernesto and Braun, Guillaume and Tyagi, Hemant},
  journal = {Journal of Machine Learning Research},
  note = {<http://jmlr.org/papers/v25/22-0402.html>},
  number = {5},
  pages = {1–43},
  title = {Seeded Graph Matching for the Correlated Gaussian Wigner Model via the Projected Power Method},
  volume = {25},
  year = {2024}
}

@article{baptista2024learning,
  author = {Baptista, Ricardo and Marzouk, Youssef and Morrison, Rebecca E. and Zahm, Olivier},
  journal = {Journal of Machine Learning Research},
  note = {<http://jmlr.org/papers/v25/21-0022.html>},
  number = {85},
  openalex = {W4322810898},
  pages = {1–46},
  title = {Learning non-Gaussian graphical models via Hessian scores and triangular transport},
  volume = {25},
  year = {2024}
}

@article{barber2024convergence,
  author = {Barber, Rina Foygel and Sidky, Emil Y.},
  journal = {Journal of Machine Learning Research},
  note = {<http://jmlr.org/papers/v25/21-0831.html>},
  number = {38},
  openalex = {W4387113815},
  pages = {1–46},
  title = {Convergence for nonconvex ADMM, with applications to CT imaging},
  volume = {25},
  year = {2024}
}

@article{bedi2024on,
  author = {Bedi, Amrit Singh and Parayil, Anjaly and Zhang, Junyu and Wang, Mengdi and Koppel, Alec},
  journal = {Journal of Machine Learning Research},
  note = {<http://jmlr.org/papers/v25/21-1343.html>},
  number = {39},
  openalex = {W4287119221},
  pages = {1–58},
  title = {On the Sample Complexity and Metastability of Heavy-tailed Policy Search in Continuous Control},
  volume = {25},
  year = {2024}
}

@article{behdin2024sparse,
  author = {Behdin, Kayhan and Mazumder, Rahul},
  journal = {Journal of Machine Learning Research},
  note = {<http://jmlr.org/papers/v25/21-0233.html>},
  number = {36},
  pages = {1–62},
  title = {Sparse NMF with Archetypal Regularization: Computational and Robustness Properties},
  volume = {25},
  year = {2024}
}

@article{belhadji2024revisiting,
  author = {Belhadji, Ayoub and Gribonval, Rémi},
  journal = {Journal of Machine Learning Research},
  note = {<http://jmlr.org/papers/v25/23-0044.html>},
  number = {55},
  openalex = {W4310647065},
  pages = {1–68},
  title = {Revisiting RIP guarantees for sketching operators on mixture models},
  volume = {25},
  year = {2024}
}

@article{bighashdel2024offpolicy,
  author = {Bighashdel, Ariyan and Geus, Daan de and Jancura, Pavol and Dubbelman, Gijs},
  journal = {Journal of Machine Learning Research},
  note = {<http://jmlr.org/papers/v25/23-0413.html>},
  number = {67},
  openalex = {W4362655535},
  pages = {1–31},
  title = {Off-Policy Action Anticipation in Multi-Agent Reinforcement Learning},
  volume = {25},
  year = {2024}
}

@article{bihlo2024improving,
  author = {Bihlo, Alex},
  journal = {Journal of Machine Learning Research},
  note = {<http://jmlr.org/papers/v25/23-0356.html>},
  number = {14},
  openalex = {W4327485940},
  pages = {1–26},
  title = {Improving physics-informed neural networks with meta-learned optimization},
  volume = {25},
  year = {2024}
}

@article{borsos2024data,
  author = {Borsos, Zalán and Mutný, Mojmír and Tagliasacchi, Marco and Krause, Andreas},
  journal = {Journal of Machine Learning Research},
  note = {<http://jmlr.org/papers/v25/21-1132.html>},
  number = {73},
  openalex = {W3201895909},
  pages = {1–53},
  title = {Data Summarization via Bilevel Optimization},
  volume = {25},
  year = {2024}
}

@article{bouman2024unsupervised,
  author = {Bouman, Roel and Bukhsh, Zaharah and Heskes, Tom},
  journal = {Journal of Machine Learning Research},
  note = {<http://jmlr.org/papers/v25/23-0570.html>},
  number = {105},
  openalex = {W4367701135},
  pages = {1–34},
  title = {Unsupervised anomaly detection algorithms on real-world data: how many do we need?},
  volume = {25},
  year = {2024}
}

@article{bystrov2024choosing,
  author = {Bystrov, Victor and Naboka, Viktoriia and Staszewska‐Bystrova, Anna and Winker, Peter},
  journal = {Journal of Machine Learning Research},
  note = {<http://jmlr.org/papers/v25/23-0188.html>},
  number = {79},
  openalex = {W4313443081},
  pages = {1–30},
  title = {Choosing the Number of Topics in LDA Models -- A Monte Carlo Comparison of Selection Criteria},
  volume = {25},
  year = {2024}
}

@article{cai2024distributed,
  author = {Cai, T. Tony and Wei, Hongji},
  journal = {Journal of Machine Learning Research},
  note = {<http://jmlr.org/papers/v25/21-0316.html>},
  number = {37},
  openalex = {W4287901558},
  pages = {1–63},
  title = {Distributed Gaussian Mean Estimation under Communication Constraints:
  Optimal Rates and Communication-Efficient Algorithms},
  volume = {25},
  year = {2024}
}

@article{cen2024fast,
  author = {Cen, Shicong and Wei, Yuting and Chi, Yuejie},
  journal = {Journal of Machine Learning Research},
  note = {<http://jmlr.org/papers/v25/21-1205.html>},
  number = {4},
  openalex = {W3169452765},
  pages = {1–48},
  title = {Fast Policy Extragradient Methods for Competitive Games with Entropy Regularization},
  volume = {25},
  year = {2024}
}

@article{chagneux2024additive,
  author = {Chagneux, Mathis and Gassiat, Elisabeth and Gloaguen, Pierre and Le Corff, Sylvain},
  journal = {Journal of Machine Learning Research},
  note = {<http://jmlr.org/papers/v25/22-1392.html>},
  number = {28},
  pages = {1–33},
  title = {Additive smoothing error in backward variational inference for general state-space models},
  volume = {25},
  year = {2024}
}

@article{chalumeau2024qdax,
  author = {Chalumeau, Félix and Lim, Bryan and Boige, Raphael and Allard, Maxime and Grillotti, Luca and Flageat, Manon and Macé, Valentin and Flajolet, Arthur and Pierrot, Thomas and Cully, Antoine},
  journal = {Journal of Machine Learning Research},
  note = {<http://jmlr.org/papers/v25/23-1027.html>},
  number = {108},
  openalex = {W4385682158},
  pages = {1–16},
  title = {QDax: A Library for Quality-Diversity and Population-based Algorithms with Hardware Acceleration},
  volume = {25},
  year = {2024}
}

@article{chen2024neural,
  author = {Chen, Zhengdao},
  journal = {Journal of Machine Learning Research},
  note = {<http://jmlr.org/papers/v25/23-1225.html>},
  number = {109},
  openalex = {W4383180670},
  pages = {1–65},
  title = {Neural Hilbert Ladders: Multi-Layer Neural Networks in Function Space},
  volume = {25},
  year = {2024}
}

@article{chen2024survival,
  author = {Chen, George H.},
  journal = {Journal of Machine Learning Research},
  note = {<http://jmlr.org/papers/v25/22-0667.html>},
  number = {40},
  openalex = {W4283317790},
  pages = {1–78},
  title = {Survival Kernets: Scalable and Interpretable Deep Kernel Survival Analysis with an Accuracy Guarantee},
  volume = {25},
  year = {2024}
}

@article{chung2024scaling,
  author = {Chung, Hyung Won and Hou, Le and Longpre, Shayne and Zoph, Barret and Tay, Yi and Fedus, William and Li, Eric and Wang, Xuezhi and Dehghani, Mostafa and Brahma, Siddhartha and Webson, Albert and Gu, Shixiang and Dai, Zhuyun and Süzgün, Mirac and Chen, Xinyun and Chowdhery, Aakanksha and Narang, Sharan and Mishra, Gaurav and Yu, Adams and Zhao, Vincent and Huang, Yanping and Dai, Andrew M. and Yu, Hongkun and Petrov, Slav and H., Ed and Dean, Jeff and Devlin, Jacob and Roberts, Adam and Zhou, Denny and Le, Quoc V. and Lee, Jason},
  journal = {Journal of Machine Learning Research},
  note = {<http://jmlr.org/papers/v25/23-0970.html>},
  number = {70},
  openalex = {W4307079201},
  pages = {1–53},
  title = {Scaling Instruction-Finetuned Language Models},
  volume = {25},
  year = {2024}
}

@article{cirkovic2024modeling,
  author = {Cirkovic, Daniel and Wang, Tiandong},
  journal = {Journal of Machine Learning Research},
  note = {<http://jmlr.org/papers/v25/22-1317.html>},
  number = {10},
  openalex = {W4386081073},
  pages = {1–40},
  title = {Modeling Random Networks with Heterogeneous Reciprocity},
  volume = {25},
  year = {2024}
}

@article{cutler2024stochastic,
  author = {Cutler, Joshua and Díaz, Mateo and Drusvyatskiy, Dmitriy},
  journal = {Journal of Machine Learning Research},
  note = {<http://jmlr.org/papers/v25/22-0832.html>},
  number = {90},
  openalex = {W4285070064},
  pages = {1–49},
  title = {Stochastic Approximation with Decision-Dependent Distributions: Asymptotic Normality and Optimality},
  volume = {25},
  year = {2024}
}

@article{dai2024post,
  author = {Dai, Xiaowu and Li, Lexin},
  journal = {Journal of Machine Learning Research},
  note = {<http://jmlr.org/papers/v25/22-0487.html>},
  number = {23},
  openalex = {W3210191573},
  pages = {1–51},
  title = {Post-Regularization Confidence Bands for Ordinary Differential Equations},
  volume = {25},
  year = {2024}
}

@article{depalma2024scaling,
  author = {Palma, Alessandro De and Behl, Harkirat Singh and Bunel, Rudy and Torr, Philip H. S. and Kumar, Manish},
  journal = {Journal of Machine Learning Research},
  note = {<http://jmlr.org/papers/v25/21-0076.html>},
  number = {61},
  openalex = {W3124533198},
  pages = {1–51},
  title = {Scaling the Convex Barrier with Sparse Dual Algorithms},
  volume = {25},
  year = {2024}
}

@article{ducotterd2024improving,
  author = {Ducotterd, Stanislas and Goujon, Alexis and Bohra, Pakshal and Perdios, Dimitris and Neumayer, Sebastian and Unser, Michaël},
  journal = {Journal of Machine Learning Research},
  note = {<http://jmlr.org/papers/v25/22-1347.html>},
  number = {65},
  openalex = {W4307786837},
  pages = {1–30},
  title = {Improving Lipschitz-Constrained Neural Networks by Learning Activation Functions},
  volume = {25},
  year = {2024}
}

@article{duval2024phast,
  author = {Duval, Alexandre and Schmidt, Victor and Miret, Santiago and Bengio, Yoshua and Hernández-García, Álex and Rolnick, David},
  journal = {Journal of Machine Learning Research},
  note = {<http://jmlr.org/papers/v25/23-0680.html>},
  number = {106},
  openalex = {W4309870673},
  pages = {1–26},
  title = {PhAST: Physics-Aware, Scalable, and Task-specific GNNs for Accelerated Catalyst Design},
  volume = {25},
  year = {2024}
}

@article{fang2024learnability,
  author = {Fang, Zhen and Li, Yixuan and Liu, Feng and Han, Bo and Lu, Jie},
  journal = {Journal of Machine Learning Research},
  note = {<http://jmlr.org/papers/v25/23-1257.html>},
  number = {84},
  openalex = {W4394663910},
  pages = {1–83},
  title = {On the Learnability of Out-of-distribution Detection},
  volume = {25},
  year = {2024}
}

@article{feofanov2024multi,
  author = {Feofanov, Vasilii and Devijver, Emilie and Amini, Massih-Reza},
  journal = {Journal of Machine Learning Research},
  note = {<http://jmlr.org/papers/v25/23-0121.html>},
  number = {104},
  pages = {1–47},
  title = {Multi-Class Probabilistic Bounds for Majority Vote Classifiers with Partially Labeled Data},
  volume = {25},
  year = {2024}
}

@article{fernandez2024general,
  author = {Fernández, Tamara and Rivera, Nicolás},
  journal = {Journal of Machine Learning Research},
  note = {<http://jmlr.org/papers/v25/23-0985.html>},
  number = {95},
  openalex = {W4294534214},
  pages = {1–40},
  title = {A general framework for the analysis of kernel-based tests},
  volume = {25},
  year = {2024}
}

@article{finocchiaro2024embedding,
  author = {Finocchiaro, Jessie and Frongillo, Rafael and Waggoner, Bo},
  journal = {Journal of Machine Learning Research},
  note = {<http://jmlr.org/papers/v25/22-0743.html>},
  number = {63},
  openalex = {W4283757707},
  pages = {1–60},
  title = {An Embedding Framework for the Design and Analysis of Consistent Polyhedral Surrogates},
  volume = {25},
  year = {2024}
}

@article{frank2024existence,
  author = {Frank, Natalie S. and Niles-Weed, Jonathan},
  journal = {Journal of Machine Learning Research},
  note = {<http://jmlr.org/papers/v25/23-0456.html>},
  number = {58},
  pages = {1–41},
  title = {Existence and Minimax Theorems for Adversarial Surrogate Risks in Binary Classification},
  volume = {25},
  year = {2024}
}

@article{gess2024stochastic,
  author = {Gess, Benjamin and Kassing, Sebastian and Konarovskyi, Vitalii},
  journal = {Journal of Machine Learning Research},
  note = {<http://jmlr.org/papers/v25/23-0220.html>},
  number = {30},
  openalex = {W4321013734},
  pages = {1–27},
  title = {Stochastic Modified Flows, Mean-Field Limits and Dynamics of Stochastic Gradient Descent},
  volume = {25},
  year = {2024}
}

@article{gijsbers2024am,
  author = {Gijsbers, Pieter and Bueno, Marcos L. P. and Coors, Stefan and LeDell, Erin and Poirier, Sébastien and Thomas, Janek and Bischl, Bernd and Vanschoren, Joaquin},
  journal = {Journal of Machine Learning Research},
  note = {<http://jmlr.org/papers/v25/22-0493.html>},
  number = {101},
  openalex = {W4288096884},
  pages = {1–65},
  title = {AMLB: an AutoML Benchmark},
  volume = {25},
  year = {2024}
}

@article{giordano2024black,
  author = {Giordano, Ryan and Ingram, Martin and Broderick, Tamara},
  journal = {Journal of Machine Learning Research},
  note = {<http://jmlr.org/papers/v25/23-1015.html>},
  number = {18},
  openalex = {W4365516763},
  pages = {1–39},
  title = {Black Box Variational Inference with a Deterministic Objective: Faster, More Accurate, and Even More Black Box},
  volume = {25},
  year = {2024}
}

@article{granziol2024iterative,
  author = {Granziol, Diego and Wan, Xingchen and Albanie, Samuel and Roberts, Stephen},
  journal = {Journal of Machine Learning Research},
  note = {<http://jmlr.org/papers/v25/21-1125.html>},
  number = {20},
  openalex = {W4287829571},
  pages = {1–55},
  title = {Iterative Averaging in the Quest for Best Test Error},
  volume = {25},
  year = {2024}
}

@article{gunsilius2024tangential,
  author = {Gunsilius, Florian and Hsieh, Meng Hsuan and Lee, Myung Jin},
  journal = {Journal of Machine Learning Research},
  note = {<http://jmlr.org/papers/v25/23-0708.html>},
  number = {69},
  openalex = {W4289446299},
  pages = {1–41},
  title = {Tangential Wasserstein Projections},
  volume = {25},
  year = {2024}
}

@article{han2024lower,
  author = {Han, Yuze and Xie, Guangzeng and Zhang, Zhihua},
  journal = {Journal of Machine Learning Research},
  note = {<http://jmlr.org/papers/v25/21-0264.html>},
  number = {2},
  openalex = {W3139467552},
  pages = {1–86},
  title = {Lower Complexity Bounds of Finite-Sum Optimization Problems: The Results and Construction},
  volume = {25},
  year = {2024}
}

@article{haxholli2024on,
  author = {Haxholli, Etrit and Lorenzi, Marco},
  journal = {Journal of Machine Learning Research},
  note = {<http://jmlr.org/papers/v25/22-0846.html>},
  number = {25},
  openalex = {W4315606860},
  pages = {1–47},
  title = {On Tail Decay Rate Estimation of Loss Function Distributions},
  volume = {25},
  year = {2024}
}

@article{he2024efficient,
  author = {He, Yifei and Cheng, Runxiang and Balasubramaniam, Gargi and Tsai, Yao-Hung Hubert and Zhao, Han},
  journal = {Journal of Machine Learning Research},
  note = {<http://jmlr.org/papers/v25/23-0439.html>},
  number = {47},
  pages = {1–39},
  title = {Efficient Modality Selection in Multimodal Learning},
  volume = {25},
  year = {2024}
}

@article{he2024mean,
  author = {He, Ye and Farghly, Tyler and Balasubramanian, Krishnakumar and Erdogdu, Murat A.},
  journal = {Journal of Machine Learning Research},
  note = {<http://jmlr.org/papers/v25/22-1198.html>},
  number = {43},
  openalex = {W4323066295},
  pages = {1–44},
  title = {Mean-Square Analysis of Discretized Itô Diffusions for Heavy-tailed Sampling},
  volume = {25},
  year = {2024}
}

@article{heng2024unbiased,
  author = {Heng, Jeremy and Houssineau, Jeremie and Jasra, Ajay},
  journal = {Journal of Machine Learning Research},
  note = {<http://jmlr.org/papers/v25/23-0347.html>},
  number = {66},
  pages = {1–66},
  title = {Unbiased Parameter Estimation for Partially Observed Diffusions},
  volume = {25},
  year = {2024}
}

@article{hu2024projected,
  author = {Hu, Jiang and Deng, Kangkang and Jiayuan, Wu and Li, Quanzheng},
  journal = {Journal of Machine Learning Research},
  note = {<http://jmlr.org/papers/v25/23-0371.html>},
  number = {56},
  openalex = {W4323927318},
  pages = {1–32},
  title = {A projected semismooth Newton method for a class of nonconvex composite programs with strong prox-regularity},
  volume = {25},
  year = {2024}
}

@article{huleihel2024mathematical,
  author = {Huleihel, Wasim and Refael, Yehonathan},
  journal = {Journal of Machine Learning Research},
  note = {<http://jmlr.org/papers/v25/22-1112.html>},
  number = {64},
  pages = {1–40},
  title = {Mathematical Framework for Online Social Media Auditing},
  volume = {25},
  year = {2024}
}

@article{hyvonen2024multilabel,
  author = {Hyvönen, Ville and Jääsaari, Elias and Roos, Teemu},
  journal = {Journal of Machine Learning Research},
  note = {<http://jmlr.org/papers/v25/23-0286.html>},
  number = {46},
  openalex = {W4288091037},
  pages = {1–51},
  title = {A Multilabel Classification Framework for Approximate Nearest Neighbor Search},
  volume = {25},
  year = {2024}
}

@article{jung2024sampleefficient,
  author = {Jung, Dahuin and Lee, Hyungyu and Yoon, Sungroh},
  journal = {Journal of Machine Learning Research},
  note = {<http://jmlr.org/papers/v25/23-0314.html>},
  number = {31},
  pages = {1–32},
  title = {Sample-Efficient Adversarial Imitation Learning from Observation},
  volume = {25},
  year = {2024}
}

@article{kallus2024localized,
  author = {Kallus, Nathan and Mao, Xiaojie and Uehara, Masatoshi},
  journal = {Journal of Machine Learning Research},
  note = {<http://jmlr.org/papers/v25/23-0661.html>},
  number = {16},
  openalex = {W3084410516},
  pages = {1–59},
  title = {Localized Debiased Machine Learning: Efficient Inference on Quantile Treatment Effects and Beyond},
  volume = {25},
  year = {2024}
}

@article{ke2024power,
  author = {Ke, Zheng Tracy and Liu, Jun S. and Ma, Yucong},
  journal = {Journal of Machine Learning Research},
  note = {<http://jmlr.org/papers/v25/21-1137.html>},
  number = {3},
  pages = {1–67},
  title = {Power of knockoff: The impact of ranking algorithm, augmented design, and symmetric statistic},
  volume = {25},
  year = {2024}
}

@article{kikkawa2024on,
  author = {Kikkawa, Nobuaki and Ohno, Hiroshi},
  journal = {Journal of Machine Learning Research},
  note = {<http://jmlr.org/papers/v25/22-0186.html>},
  number = {100},
  openalex = {W4311991882},
  pages = {1–40},
  title = {Materials Discovery using Max K-Armed Bandit},
  volume = {25},
  year = {2024}
}

@article{konig2024critically,
  author = {König, Matthias and Bosman, Annelot W. and Hoos, Holger H. and van Rijn, Jan N.},
  journal = {Journal of Machine Learning Research},
  note = {<http://jmlr.org/papers/v25/23-0119.html>},
  number = {12},
  pages = {1–53},
  title = {Critically Assessing the State of the Art in Neural Network Verification},
  volume = {25},
  year = {2024}
}

@article{lee2024functional,
  author = {Lee, Kuang-Yao and Li, Lexin and Li, Bing},
  journal = {Journal of Machine Learning Research},
  note = {<http://jmlr.org/papers/v25/22-1038.html>},
  number = {78},
  pages = {1–48},
  title = {Functional Directed Acyclic Graphs},
  volume = {25},
  year = {2024}
}

@article{leiter2024towards,
  author = {Leiter, Christoph and Lertvittayakumjorn, Piyawat and Fomicheva, Marina and Zhao, Wei and Gao, Yang and Eger, Steffen},
  journal = {Journal of Machine Learning Research},
  note = {<http://jmlr.org/papers/v25/22-0416.html>},
  number = {75},
  openalex = {W4381797953},
  pages = {1–49},
  title = {Towards Explainable Evaluation Metrics for Machine Translation},
  volume = {25},
  year = {2024}
}

@article{lejeune2024monotonic,
  author = {LeJeune, Daniel and Liu, Jiayu and Heckel, Reinhard},
  journal = {Journal of Machine Learning Research},
  note = {<http://jmlr.org/papers/v25/22-1197.html>},
  number = {54},
  openalex = {W4320343183},
  pages = {1–37},
  title = {Monotonic Risk Relationships under Distribution Shifts for Regularized Risk Minimization},
  volume = {25},
  year = {2024}
}

@article{li2024eigenvalue,
  author = {Li, Yicheng and Yu, Zixiong and Chen, Guhan and Lin, Qian},
  journal = {Journal of Machine Learning Research},
  note = {<http://jmlr.org/papers/v25/23-0866.html>},
  number = {82},
  openalex = {W4372273247},
  pages = {1–47},
  title = {On the Eigenvalue Decay Rates of a Class of Neural-Network Related Kernel Functions Defined on General Domains},
  volume = {25},
  year = {2024}
}

@article{li2024nonparametrica,
  author = {Li, Kexuan and Liu, Ruiqi and Xu, Ganggang and Shang, Zuofeng},
  journal = {Journal of Machine Learning Research},
  note = {<http://jmlr.org/papers/v25/20-075.html>},
  number = {19},
  pages = {1–68},
  title = {Nonparametric Inference under B-bits Quantization},
  volume = {25},
  year = {2024}
}

@article{li2024nonparametricb,
  author = {Li, Xinyi and Yu, Shan and Wang, Yueying and Wang, Guannan and Wang, Li and Lai, Ming‐Jun},
  journal = {Journal of Machine Learning Research},
  note = {<http://jmlr.org/papers/v25/22-0735.html>},
  number = {102},
  openalex = {W4287123163},
  pages = {1–56},
  title = {Nonparametric Regression for 3D Point Cloud Learning},
  volume = {25},
  year = {2024}
}

@article{li2024sufficient,
  author = {Li, Bing and Kim, Kyongwon},
  journal = {Journal of Machine Learning Research},
  note = {<http://jmlr.org/papers/v25/23-0893.html>},
  number = {17},
  openalex = {W4383989149},
  pages = {1–64},
  title = {On Sufficient Graphical Models},
  volume = {25},
  year = {2024}
}

@article{lim2024polygonal,
  author = {Lim, Dong‐Young and Sabanis, Sotirios},
  journal = {Journal of Machine Learning Research},
  note = {<http://jmlr.org/papers/v25/22-0796.html>},
  number = {53},
  openalex = {W4287165198},
  pages = {1–52},
  title = {Polygonal Unadjusted Langevin Algorithms: Creating stable and efficient adaptive algorithms for neural networks},
  volume = {25},
  year = {2024}
}

@article{lin2024good,
  author = {Lin, Chi-Heng and Kaushik, Chiraag and Dyer, Eva L. and Muthukumar, Vidya},
  journal = {Journal of Machine Learning Research},
  note = {<http://jmlr.org/papers/v25/22-1312.html>},
  number = {91},
  openalex = {W4305007587},
  pages = {1–85},
  title = {The good, the bad and the ugly sides of data augmentation: An implicit spectral regularization perspective},
  volume = {25},
  year = {2024}
}

@article{liu2024deep,
  author = {Liu, Hao and Yang, Haizhao and Chen, Minshuo and Zhao, Tuo and Liao, Wenjing},
  journal = {Journal of Machine Learning Research},
  note = {<http://jmlr.org/papers/v25/22-0719.html>},
  number = {24},
  openalex = {W4226370728},
  pages = {1–67},
  title = {Deep Nonparametric Estimation of Operators between Infinite Dimensional Spaces},
  volume = {25},
  year = {2024}
}

@article{luo2024semi,
  author = {Luo, Wei and Zhu, Yeying and Zhang, Xuekui and Lin, Lin},
  journal = {Journal of Machine Learning Research},
  note = {<http://jmlr.org/papers/v25/21-1181.html>},
  number = {86},
  pages = {1–38},
  title = {A Semi-parametric Estimation of Personalized Dose-response Function Using Instrumental Variables},
  volume = {25},
  year = {2024}
}

@article{meng2024multiple,
  author = {Meng, Xuran and Yao, Jianfeng and Cao, Yuan},
  journal = {Journal of Machine Learning Research},
  note = {<http://jmlr.org/papers/v25/22-1389.html>},
  number = {44},
  openalex = {W4292955350},
  pages = {1–49},
  title = {Multiple Descent in the Multiple Random Feature Model},
  volume = {25},
  year = {2024}
}

@article{modi2024model,
  author = {Modi, Aditya and Chen, Jing‐Lin and Krishnamurthy, Akshay and Jiang, Nan and Agarwal, Alekh},
  journal = {Journal of Machine Learning Research},
  note = {<http://jmlr.org/papers/v25/22-0687.html>},
  number = {6},
  openalex = {W3129266958},
  pages = {1–76},
  title = {Model-free Representation Learning and Exploration in Low-rank MDPs.},
  volume = {25},
  year = {2024}
}

@article{mudrik2024decomposed,
  author = {Mudrik, Noga and Chen, Yenho and Yezerets, Eva and Rozell, Christopher J. and Charles, Adam S.},
  journal = {Journal of Machine Learning Research},
  note = {<http://jmlr.org/papers/v25/23-0777.html>},
  number = {59},
  openalex = {W4281627263},
  pages = {1–44},
  title = {Decomposed Linear Dynamical Systems (dLDS) for learning the latent components of neural dynamics},
  volume = {25},
  year = {2024}
}

@article{neufeld2024data,
  author = {Neufeld, Anna and Dharamshi, Ameer and Gao, Lucy L. and Witten, Daniela},
  journal = {Journal of Machine Learning Research},
  note = {<http://jmlr.org/papers/v25/23-0446.html>},
  number = {57},
  openalex = {W4317548315},
  pages = {1–35},
  title = {Data thinning for convolution-closed distributions},
  volume = {25},
  year = {2024}
}

@article{neumayer2024effect,
  author = {Neumayer, Sebastian and Chizat, Lénaïc and Unser, Michaël},
  journal = {Journal of Machine Learning Research},
  note = {<http://jmlr.org/papers/v25/23-0549.html>},
  number = {15},
  openalex = {W4362508498},
  pages = {1–24},
  title = {On the Effect of Initialization: The Scaling Path of 2-Layer Neural Networks},
  volume = {25},
  year = {2024}
}

@article{oreilly2024minimax,
  author = {O'Reilly, Eliza and Tran, Ngoc Mai},
  journal = {Journal of Machine Learning Research},
  note = {<http://jmlr.org/papers/v25/22-0673.html>},
  number = {89},
  pages = {1–32},
  title = {Minimax Rates for High-Dimensional Random Tessellation Forests},
  volume = {25},
  year = {2024}
}

@article{ortega2024learnability,
  author = {Ortega, Juan‐Pablo and Yin, Daiying},
  journal = {Journal of Machine Learning Research},
  note = {<http://jmlr.org/papers/v25/23-0450.html>},
  number = {68},
  openalex = {W4361230975},
  pages = {1–56},
  title = {Learnability of Linear Port-Hamiltonian Systems},
  volume = {25},
  year = {2024}
}

@article{pacchiardi2024probabilistic,
  author = {Pacchiardi, Lorenzo and Adewoyin, Rilwan and Dueben, Peter and Dutta, Ritabrata},
  journal = {Journal of Machine Learning Research},
  note = {<http://jmlr.org/papers/v25/23-0038.html>},
  number = {45},
  openalex = {W4226301677},
  pages = {1–64},
  title = {Probabilistic Forecasting with Conditional Generative Networks via
  Scoring Rule Minimization},
  volume = {25},
  year = {2024}
}

@article{panangaden2024policy,
  author = {Panangaden, Prakash and Rezaei-Shoshtari, Sahand and Zhao, Rosie and Meger, David and Precup, Doina},
  journal = {Journal of Machine Learning Research},
  note = {<http://jmlr.org/papers/v25/23-1415.html>},
  number = {71},
  openalex = {W4376864530},
  pages = {1–57},
  title = {Policy Gradient Methods in the Presence of Symmetries and State Abstractions},
  volume = {25},
  year = {2024}
}

@article{park2024optimal,
  author = {Park, Chanwoo and Ryu, Ernest K.},
  journal = {Journal of Machine Learning Research},
  note = {<http://jmlr.org/papers/v25/21-1256.html>},
  number = {51},
  openalex = {W4286897771},
  pages = {1–66},
  title = {Optimal First-Order Algorithms as a Function of Inequalities},
  volume = {25},
  year = {2024}
}

@article{pena2024differentially,
  author = {Peña, Víctor and Barrientos, Andrés F.},
  journal = {Journal of Machine Learning Research},
  note = {<http://jmlr.org/papers/v25/21-1536.html>},
  number = {74},
  pages = {1–44},
  title = {Differentially private methods for managing model uncertainty in linear regression models},
  volume = {25},
  year = {2024}
}

@article{pratap2024scaling,
  author = {Pratap, Vineel and Tjandra, Andros and Shi, Bowen and Tomasello, Paden and Babu, Arun and Kundu, Sayani and Elkahky, Ali and Ni, Zhaoheng and Vyas, Apoorv and Fazel-Zarandi, Maryam and Baevski, Alexei and Adi, Yossi and Zhang, Shouxin and Hsu, Wei-Ning and Conneau, Alexis and Auli, Michael},
  journal = {Journal of Machine Learning Research},
  note = {<http://jmlr.org/papers/v25/23-1318.html>},
  number = {97},
  openalex = {W4378105483},
  pages = {1–52},
  title = {Scaling Speech Technology to 1,000+ Languages},
  volume = {25},
  year = {2024}
}

@article{puchkin2024rates,
  author = {Belomestny, Denis and Moulines, Éric and Alexey, Naumov and Puchkin, Nikita and Samsonov, Sergey},
  journal = {Journal of Machine Learning Research},
  note = {<http://jmlr.org/papers/v25/23-0062.html>},
  number = {29},
  openalex = {W3128042839},
  pages = {1–47},
  title = {Rates of convergence for density estimation with generative adversarial networks},
  volume = {25},
  year = {2024}
}

@article{qiu2024random,
  author = {Qiu, Rui and Yu, Zhou and Zhu, Ruoqing},
  journal = {Journal of Machine Learning Research},
  note = {<http://jmlr.org/papers/v25/23-0811.html>},
  number = {107},
  pages = {1–69},
  title = {Random Forest Weighted Local Fréchet Regression with Random Objects},
  volume = {25},
  year = {2024}
}

@article{rodriguezgalvez2024more,
  author = {Rodríguez-Gálvez, Borja and Thobaben, Ragnar and Skoglund, Mikael},
  journal = {Journal of Machine Learning Research},
  note = {<http://jmlr.org/papers/v25/23-1360.html>},
  number = {110},
  openalex = {W4381714197},
  pages = {1–43},
  title = {More PAC-Bayes bounds: From bounded losses, to losses with general tail behaviors, to anytime-validity},
  volume = {25},
  year = {2024}
}

@article{roth2024resource,
  author = {Roth, Wolfgang R. and Schindler, G. and Klein, Bernhard and Peharz, Robert and Tschiatschek, Sebastian and Fröning, Holger and Pernkopf, Franz and Ghahramani, Zoubin},
  journal = {Journal of Machine Learning Research},
  note = {<http://jmlr.org/papers/v25/18-566.html>},
  number = {50},
  openalex = {W4311415687},
  pages = {1–51},
  title = {Resource-Efficient Neural Networks for Embedded Systems},
  volume = {25},
  year = {2024}
}

@article{roverato2024exploration,
  author = {Roverato, Alberto and Nguyen, Dung Ngoc},
  journal = {Journal of Machine Learning Research},
  note = {<http://jmlr.org/papers/v25/23-0295.html>},
  number = {92},
  openalex = {W4324107080},
  pages = {1–41},
  title = {Exploration of the search space of Gaussian graphical models for paired data},
  volume = {25},
  year = {2024}
}

@article{saengkyongam2024effect,
  author = {Saengkyongam, Sorawit and Pfister, Niklas and Klasnja, Predrag and Murphy, Susan A. and Peters, Jonas},
  journal = {Journal of Machine Learning Research},
  note = {<http://jmlr.org/papers/v25/23-0802.html>},
  number = {34},
  openalex = {W4381571245},
  pages = {1–36},
  title = {Effect-Invariant Mechanisms for Policy Generalization},
  volume = {25},
  year = {2024}
}

@article{sannai2024equivariant,
  author = {Sannai, Akiyoshi and Kawano, Makoto and Kumagai, Wataru},
  journal = {Journal of Machine Learning Research},
  note = {<http://jmlr.org/papers/v25/22-0891.html>},
  number = {42},
  openalex = {W3205662036},
  pages = {1–36},
  title = {Equivariant and Invariant Reynolds Networks},
  volume = {25},
  year = {2024}
}

@article{shen2024estimation,
  author = {Shen, Guohao and Jiao, Yuling and Lin, Yuanyuan and Horowitz, Joël L. and Huang, Jian},
  journal = {Journal of Machine Learning Research},
  note = {<http://jmlr.org/papers/v25/22-0488.html>},
  number = {88},
  openalex = {W4286750555},
  pages = {1–75},
  title = {Estimation of Non-Crossing Quantile Regression Process with Deep ReQU Neural Networks},
  volume = {25},
  year = {2024}
}

@article{shi2024personalized,
  author = {Shi, Naichen and Kontar, Raed Al},
  journal = {Journal of Machine Learning Research},
  note = {<http://jmlr.org/papers/v25/22-0810.html>},
  number = {41},
  openalex = {W4286233820},
  pages = {1–82},
  title = {Personalized PCA: Decoupling Shared and Unique Features},
  volume = {25},
  year = {2024}
}

@article{simon2024map,
  author = {Simon, Hans Ulrich and Telle, Jan Arne},
  journal = {Journal of Machine Learning Research},
  note = {<http://jmlr.org/papers/v25/23-1086.html>},
  number = {96},
  openalex = {W4384112247},
  pages = {1–34},
  title = {MAP- and MLE-Based Teaching},
  volume = {25},
  year = {2024}
}

@article{singal2024axiomatic,
  author = {Singal, Raghav and Michailidis, George},
  journal = {Journal of Machine Learning Research},
  note = {<http://jmlr.org/papers/v25/22-0285.html>},
  number = {52},
  pages = {1–71},
  title = {Axiomatic effect propagation in structural causal models},
  volume = {25},
  year = {2024}
}

@article{song2024semi,
  author = {Song, Shanshan and Lin, Yuanyuan and Zhou, Yong},
  journal = {Journal of Machine Learning Research},
  note = {<http://jmlr.org/papers/v25/21-1504.html>},
  number = {99},
  pages = {1–36},
  title = {Semi-supervised Inference for Block-wise Missing Data without Imputation},
  volume = {25},
  year = {2024}
}

@article{su2024on,
  author = {Su, Jonathan K.},
  journal = {Journal of Machine Learning Research},
  note = {<http://jmlr.org/papers/v25/19-301.html>},
  number = {1},
  pages = {1–91},
  title = {On Truthing Issues in Supervised Classification},
  volume = {25},
  year = {2024}
}

@article{terenin2024numerically,
  author = {Terenin, Alexander and Burt, David R. and Artemev, Artem and Flaxman, Seth and Wilk, Mark van der and Rasmussen, Carl Edward and Ge, Hong},
  journal = {Journal of Machine Learning Research},
  note = {<http://jmlr.org/papers/v25/22-1170.html>},
  number = {26},
  openalex = {W4306706988},
  pages = {1–36},
  title = {Numerically Stable Sparse Gaussian Processes via Minimum Separation using Cover Trees},
  volume = {25},
  year = {2024}
}

@article{tu2024distributed,
  author = {Tu, Jiyuan and Liu, Weidong and Mao, Xiaojun},
  journal = {Journal of Machine Learning Research},
  note = {<http://jmlr.org/papers/v25/22-0670.html>},
  number = {76},
  pages = {1–41},
  title = {Distributed Estimation on Semi-Supervised Generalized Linear Model},
  volume = {25},
  year = {2024}
}

@article{van2024low,
  author = {Niekerk, Janet van and Rue, Håvard},
  journal = {Journal of Machine Learning Research},
  note = {<http://jmlr.org/papers/v25/21-1405.html>},
  number = {62},
  openalex = {W4321153814},
  pages = {1–25},
  title = {Low-rank variational Bayes correction to the Laplace method},
  volume = {25},
  year = {2024}
}

@article{vehtari2024pareto,
  author = {Vehtari, Aki and Simpson, Daniel and Gelman, Andrew and Yao, Yuling and Gabry, Jonah},
  journal = {Journal of Machine Learning Research},
  note = {<http://jmlr.org/papers/v25/19-556.html>},
  number = {72},
  pages = {1–58},
  title = {Pareto Smoothed Importance Sampling},
  volume = {25},
  year = {2024}
}

@article{velikanov2024tight,
  author = {Velikanov, Maksim and Yarotsky, Dmitry},
  journal = {Journal of Machine Learning Research},
  note = {<http://jmlr.org/papers/v25/23-0698.html>},
  number = {81},
  openalex = {W4221165655},
  pages = {1–78},
  title = {Tight Convergence Rate Bounds for Optimization Under Power Law Spectral Conditions},
  volume = {25},
  year = {2024}
}

@article{verdinelli2024decorrelated,
  author = {Verdinelli, Isabella and Wasserman, Larry},
  journal = {Journal of Machine Learning Research},
  note = {<http://jmlr.org/papers/v25/22-0801.html>},
  number = {7},
  openalex = {W4307435429},
  pages = {1–27},
  title = {Decorrelated Variable Importance},
  volume = {25},
  year = {2024}
}

@article{wang2024pygmtools,
  author = {Wang, Runzhong and Guo, Ziao and Pan, Wenzheng and Ma, Jiale and Zhang, Yikai and Yang, Nan and Liu, Qi and Wei, Longxuan and Zhang, Hanxue and Liu, Chang and Jiang, Zetian and Yang, Xiaokang and Yan, Junchi},
  journal = {Journal of Machine Learning Research},
  note = {<http://jmlr.org/papers/v25/23-0572.html>},
  number = {33},
  pages = {1–7},
  title = {Pygmtools: A Python Graph Matching Toolkit},
  volume = {25},
  year = {2024}
}

@article{wang2024sparse,
  author = {Wang, Rui and Xu, Yuesheng and Yan, Mingsong},
  journal = {Journal of Machine Learning Research},
  note = {<http://jmlr.org/papers/v25/23-0645.html>},
  number = {93},
  openalex = {W4377864500},
  pages = {1–45},
  title = {Sparse Representer Theorems for Learning in Reproducing Kernel Banach Spaces},
  volume = {25},
  year = {2024}
}

@article{williamson2024information,
  author = {Williamson, Robert C. and Cranko, Zac},
  journal = {Journal of Machine Learning Research},
  note = {<http://jmlr.org/papers/v25/22-0988.html>},
  number = {103},
  openalex = {W4288054881},
  pages = {1–53},
  title = {Information Processing Equalities and the Information-Risk Bridge},
  volume = {25},
  year = {2024}
}

@article{wojtowytsch2024optimal,
  author = {Wojtowytsch, Stephan},
  journal = {Journal of Machine Learning Research},
  note = {<http://jmlr.org/papers/v25/22-1296.html>},
  number = {27},
  openalex = {W4294783007},
  pages = {1–49},
  title = {Optimal bump functions for shallow ReLU networks: Weight decay, depth separation and the curse of dimensionality},
  volume = {25},
  year = {2024}
}

@article{wolter2024ptwt,
  author = {Wolter, Moritz and Blanke, Felix and Garcke, Jochen and Hoyt, Charles Tapley},
  journal = {Journal of Machine Learning Research},
  note = {<http://jmlr.org/papers/v25/23-0636.html>},
  number = {80},
  pages = {1–7},
  title = {ptwt - The PyTorch Wavelet Toolbox},
  volume = {25},
  year = {2024}
}

@article{xiao2024adamfamily,
  author = {Xiao, Nachuan and Hu, Xiaoyin and Liu, Xin and Toh, Kim-Chuan},
  journal = {Journal of Machine Learning Research},
  note = {<http://jmlr.org/papers/v25/23-0576.html>},
  number = {48},
  pages = {1–53},
  title = {Adam-Family Methods for Nonsmooth Optimization with Convergence Guarantees},
  volume = {25},
  year = {2024}
}

@article{xu2024overparametrized,
  author = {Xu, Jiaming and Zhu, Hanjing},
  journal = {Journal of Machine Learning Research},
  note = {<http://jmlr.org/papers/v25/23-0740.html>},
  number = {94},
  pages = {1–83},
  title = {Overparametrized Multi-Layer Neural Networks: Uniform Concentration of Neural Tangent Kernel and Convergence of Stochastic Gradient Descent},
  volume = {25},
  year = {2024}
}

@article{yagishita2024pursuit,
  author = {Yagishita, Shotaro and Gotoh, Jun‐ya},
  journal = {Journal of Machine Learning Research},
  note = {<http://jmlr.org/papers/v25/21-1190.html>},
  number = {21},
  openalex = {W3112201118},
  pages = {1–42},
  title = {Pursuit of the Cluster Structure of Network Lasso: Recovery Condition and Non-convex Extension},
  volume = {25},
  year = {2024}
}

@article{yang2024exploration,
  author = {Yang, Zixian and Liu, Xin and Ying, Lei},
  journal = {Journal of Machine Learning Research},
  note = {<http://jmlr.org/papers/v25/22-1251.html>},
  number = {9},
  openalex = {W4281753576},
  pages = {1–55},
  title = {Exploration. Exploitation, and Engagement in Multi-Armed Bandits with Abandonment},
  volume = {25},
  year = {2024}
}

@article{yao2024unlabeled,
  author = {Yao, Yunzhen and Peng, Liangzu and Tsakiris, Manolis C.},
  journal = {Journal of Machine Learning Research},
  note = {<http://jmlr.org/papers/v25/22-0816.html>},
  number = {77},
  openalex = {W4387558946},
  pages = {1–38},
  title = {Unlabeled Principal Component Analysis and Matrix Completion},
  volume = {25},
  year = {2024}
}

@article{zhang2024deep,
  author = {Zhang, Shijun and Lu, Jianfeng and Zhao, Hongkai},
  journal = {Journal of Machine Learning Research},
  note = {<http://jmlr.org/papers/v25/23-0912.html>},
  number = {35},
  pages = {1–39},
  title = {Deep Network Approximation: Beyond ReLU to Diverse Activation Functions},
  volume = {25},
  year = {2024}
}

@article{zhang2024on,
  author = {Zhang, Yangjing and Cui, Ying and Sen, Bodhisattva and Toh, Kim-Chuan},
  journal = {Journal of Machine Learning Research},
  note = {<http://jmlr.org/papers/v25/22-1120.html>},
  number = {8},
  openalex = {W4292227181},
  pages = {1–46},
  title = {On Efficient and Scalable Computation of the Nonparametric Maximum Likelihood Estimator in Mixture Models},
  volume = {25},
  year = {2024}
}

@article{zhang2024trained,
  author = {Zhang, Ruiqi and Frei, Spencer and Bartlett, Peter L.},
  journal = {Journal of Machine Learning Research},
  note = {<http://jmlr.org/papers/v25/23-1042.html>},
  number = {49},
  openalex = {W4381252822},
  pages = {1–55},
  title = {Trained Transformers Learn Linear Models In-Context},
  volume = {25},
  year = {2024}
}

@article{zhao2024adaptivity,
  author = {Zhao, Peng and Zhang, Yujie and Zhang, Lijun and Zhou, Zhihua},
  journal = {Journal of Machine Learning Research},
  note = {<http://jmlr.org/papers/v25/21-0748.html>},
  number = {98},
  openalex = {W4226507192},
  pages = {1–52},
  title = {Adaptivity and Non-stationarity: Problem-dependent Dynamic Regret for Online Convex Optimization},
  volume = {25},
  year = {2024}
}

@article{zheng2024causal,
  author = {Zheng, Yujia and Huang, Biwei and Chen, Wei and Ramsey, Joseph and Gong, Mingming and Cai, Ruichu and Shimizu, Shohei and Spirtes, Peter and Zhang, Kun},
  journal = {Journal of Machine Learning Research},
  note = {<http://jmlr.org/papers/v25/23-0970.html>},
  number = {60},
  openalex = {W4385474105},
  pages = {1–8},
  title = {Causal-learn: Causal Discovery in Python},
  volume = {25},
  year = {2024}
}

@article{zhong2024heterogeneous,
  author = {Zhong, Yifan and Kuba, Jakub Grudzien and Hu, Siyi and Ji, Jiaming and Yang, Yaodong},
  journal = {Journal of Machine Learning Research},
  note = {<http://jmlr.org/papers/v25/23-0488.html>},
  number = {32},
  openalex = {W4366731969},
  pages = {1–67},
  title = {Heterogeneous-Agent Reinforcement Learning},
  volume = {25},
  year = {2024}
}

@article{zhou2024win,
  author = {Zhou, Pan and Xie, Xingyu and Lin, Zhouchen and Toh, Kim-Chuan and Yan, Shuicheng},
  journal = {Journal of Machine Learning Research},
  note = {<http://jmlr.org/papers/v25/23-1073.html>},
  number = {83},
  pages = {1–74},
  title = {Win: Weight-Decay-Integrated Nesterov Acceleration for Faster Network Training},
  volume = {25},
  year = {2024}
}
