@book{dayan2005theoretical,
  author    = {Dayan, Peter and Abbott, L. F.},
  title     = {Theoretical Neuroscience: Computational and Mathematical Modeling of Neural Systems},
  publisher = {The MIT Press},
  year      = {2005},
  isbn      = {0262541858},
  file      = {:/home/b/documents/books/biology/dayan2005theoretical.pdf:pdf}
}

@book{kandel2021principles,
  author    = {Eric R. Kandel and John D. Koester and Sarah H. Mack and Steven A. Siegelbaum},
  title     = {Principles of Neural Science, Sixth Edition},
  publisher = {McGraw-Hill Education},
  address   = {New York},
  year      = {2021},
  isbn      = {9781259642241},
  file      = {:/home/b/documents/books/biology/kandel2021principles.pdf:pdf}
}
