@book{burkov2019hundred,
  title={The hundred-page machine learning book},
  author={Burkov, Andriy},
  volume={1},
  year={2019},
  publisher={Andriy Burkov Quebec City, QC, Canada}
}
@book{Petkovšek1997A,
  title={A=B},
  author={Marko Petkovšek and Herbert S. Wilf and Doron Zeilberger},
  volume={1},
  year={1997},
  url={https://api.semanticscholar.org/CorpusID:174553790}
}
@book{russell2016artificial,
  title={Artificial intelligence: a modern approach},
  author={Russell, Stuart J and Norvig, Peter},
  year={2021},
  publisher={Pearson}
}

