@book{anderson2016fundamentals,
 address = {Nueva York},
 author = {Anderson, John D.},
 file = {:/home/b/documents/books/engineering/anderson2016fundamentals.pdf:pdf},
 isbn = {9781259251344},
 note = {Core reference in aerodynamics},
 pages = {1130},
 publisher = {McGraw-Hill Education},
 title = {Fundamentals of Aerodynamics},
 year = {2016}
}

@book{kerzner1998project,
 address = {New York},
 author = {Kerzner, Harold},
 file = {:/home/b/documents/books/engineering/kerzner1998project.pdf:pdf},
 isbn = {9780471288350},
 note = {Project management and industrial project management},
 pages = {1180},
 publisher = {Wiley},
 title = {Project Management: A Systems Approach to Planning, Scheduling and Controlling},
 year = {1998}
}

@book{wasson2006system,
 address = {New Jersey},
 author = {Wasson, Charles S.},
 file = {:/home/b/documents/books/engineering/wasson2006system.pdf:pdf},
 isbn = {9780471393337},
 note = {System design and system analysis},
 pages = {818},
 publisher = {Wiley & Sons, Incorporated, John},
 title = {System Engineering Analysis, Design, and Development: Concepts, Principles, and Practices},
 year = {2006}
}

@book{wasson2015system,
 address = {New York},
 author = {Wasson, Charles S.},
 file = {:/home/b/documents/books/engineering/wasson2015system.pdf:pdf},
 isbn = {9781118967140},
 note = {System design and system analysis},
 pages = {880},
 publisher = {Wiley & Sons, Incorporated, John},
 title = {System Analysis, Design, and Development},
 year = {2015}
}
