@book{dessler2012introduction,
 address = {32 Avenue of the Americas, New York},
 author = {Dessler, Andrew E.},
 file = {:/home/b/documents/books/environmental-science/dessler2012introduction.pdf:pdf},
 isbn = {9781107001893},
 publisher = {Cambridge University Press},
 title = {Introduction to Modern Climate Change},
 year = {2012}
}
