@book{henkel2008nonequilibrium,
  author       = {Henkel, Malte and Hinrichsen, Haye and Lübeck, Sven},
  title        = {Non-Equilibrium Phase Transitions},
  volume       = {1},
  publisher    = {Springer},
  year         = {2008},
  address      = {Dordrecht, The Netherlands},
  pages        = {385},
  isbn         = {9781402087646},
  note         = {Absorbing Phase Transitions},
  file         = {:/home/b/documents/books/physics/henkel2008nonequilibrium.pdf:pdf}
}

@book{bovier2018metastability,
  author       = {Bovier, Anton and den Hollander, Frank},
  title        = {Metastability},
  publisher    = {Springer},
  year         = {2018},
  address      = {Switzerland},
  pages        = {581},
  isbn         = {9783319796765},
  note         = {Markov processes},
  file         = {:/home/b/documents/books/physics/bovier2018metastability.pdf:pdf}
}

@book{henkel2010nonequilibrium,
  author       = {Henkel, Malte and Pleimling, Michel},
  title        = {Non-Equilibrium Phase Transitions},
  volume       = {2},
  publisher    = {Springer},
  year         = {2010},
  address      = {Dordrecht, The Netherlands},
  pages        = {544},
  isbn         = {9789048128686},
  note         = {Ageing and Dynamical Scaling Far from Equilibrium},
  file         = {:/home/b/documents/books/physics/henkel2010nonequilibrium.pdf:pdf}
}

@book{roberts2022principles,
  author       = {Roberts, Daniel A. and Yaida, Sho and Hanin, Boris},
  title        = {The Principles of Deep Learning Theory},
  publisher    = {Cambridge University Press},
  year         = {2022},
  address      = {Cambridge, UK},
  pages        = {460},
  isbn         = {9781316519332},
  note         = {\url{https://deeplearningtheory.com}},
  file         = {:/home/b/documents/books/physics/roberts2022principles.pdf:pdf}
}

@book{sussman2015structure,
  author       = {Sussman, Gerald Jay and Wisdom, Jack},
  title        = {Structure and Interpretation of Classical Mechanics},
  publisher    = {MIT Press},
  year         = {2015},
  address      = {Cambridge, MA, USA},
  pages        = {554},
  isbn         = {9780262326667},
  note         = {Physics, Classical Mechanics, Programming},
  file         = {:/home/b/documents/books/physics/sussman2015structure.pdf:pdf}
}

@book{jose1998classical,
  author       = {José, Jorge V. and Saletan, Eugene J.},
  title        = {Classical Dynamics},
  publisher    = {Cambridge University Press},
  year         = {1998},
  address      = {New York},
  pages        = {670},
  isbn         = {0521631769},
  note         = {Analytic Mechanics},
  file         = {:/home/b/documents/books/physics/jose1998classical.pdf:pdf}
}

@misc{josé2002solutionsclassical,
  author       = {José, Jorge V. and Saletan, Eugene J.},
  title        = {Classical Dynamics: Answers to Problems},
  year         = {2002},
  month        = {May},
  note         = {Instructor's Solution Manual},
  file         = {:/home/b/documents/books/physics/jose2002solutionsclassical.pdf:pdf}
}

@book{simon2013oxford,
  author       = {Simon, Steven H.},
  title        = {Oxford Solid State Basics},
  publisher    = {Oxford University Press},
  year         = {2013},
  address      = {Oxford, UK},
  pages        = {304},
  isbn         = {0191502103},
  note         = {Solid State Physics},
  file         = {:/home/b/documents/books/physics/simon2013oxford.pdf:pdf}
}

@book{reif1965fundamentals,
  author       = {Reif, F.},
  title        = {Fundamentals of Statistical and Thermal Physics},
  publisher    = {McGraw-Hill},
  year         = {1965},
  address      = {New York},
  pages        = {651},
  isbn         = {9780070518001},
  note         = {Statistical Mechanics, Thermodynamics},
  file         = {:/home/b/documents/books/physics/reif1965fundamentals.pdf:pdf}
}

@book{ma2018modern,
  author       = {Ma, Shang-Keng},
  title        = {Modern Theory of Critical Phenomena},
  publisher    = {Westview Press},
  year         = {2018},
  address      = {Boulder, Colorado},
  pages        = {561},
  isbn         = {0429989598},
  note         = {Critical Phenomena},
  file         = {:/home/b/documents/books/physics/ma2018modern.pdf:pdf}
}

@book{schwabl2008advanced,
  author       = {Schwabl, Franz},
  title        = {Advanced Quantum Mechanics},
  publisher    = {Springer},
  year         = {2008},
  address      = {Berlin},
  pages        = {405},
  isbn         = {9783540850618},
  note         = {Quantum Theory, Quantum Computing},
  file         = {:/home/b/documents/books/physics/schwabl2008advanced.pdf:pdf}
}

@book{krauth2006statistical,
  author       = {Krauth, Werner},
  title        = {Statistical Mechanics},
  publisher    = {Oxford University Press},
  year         = {2006},
  address      = {Oxford, UK},
  pages        = {348},
  isbn         = {9781280752407},
  note         = {Statistical Mechanics, Problems, Exercises},
  file         = {:/home/b/documents/books/physics/krauth2006statistical.pdf:pdf}
}

@book{hassani2013mathematical,
  author       = {Hassani, Sadri},
  title        = {Mathematical Physics},
  publisher    = {Springer},
  year         = {2013},
  address      = {New York},
  pages        = {1131},
  isbn         = {3319011952},
  note         = {Mathematical Physics},
  file         = {:/home/b/documents/books/physics/hassani2013mathematical.pdf:pdf}
}

@book{pippard1957elements,
  author       = {Pippard, Brian and Pippard, A. B.},
  title        = {Elements of Classical Thermodynamics},
  publisher    = {Cambridge University Press},
  year         = {1957},
  address      = {London, UK},
  pages        = {165},
  isbn         = {0521059550},
  file         = {:/home/b/documents/books/physics/pippard1957elements.pdf:pdf}
}

@book{feynman1998statistical,
  author       = {Feynman, Richard Phillips},
  title        = {Statistical Mechanics},
  publisher    = {Addison-Wesley},
  year         = {1998},
  address      = {Boulder, Colorado},
  pages        = {354},
  isbn         = {0201360764},
  note         = {Statistical Mechanics},
  file         = {:/home/b/documents/books/physics/feynman1998statistical.pdf:pdf}
}

@book{saad2019advanced,
  author       = {Saad, David},
  title        = {Advanced Mean Field Methods},
  publisher    = {MIT Press},
  year         = {2019},
  address      = {Cambridge, MA, USA},
  pages        = {300},
  isbn         = {9780262150545},
  note         = {Mean Field Theory},
  file         = {:/home/b/documents/books/physics/saad2019advanced.pdf:pdf}
}

@book{nishimori2001statistical,
  author       = {Nishimori, Hidetoshi},
  title        = {Statistical Physics of Spin Glasses and Information Processing},
  publisher    = {Oxford University Press},
  year         = {2001},
  address      = {New York},
  pages        = {243},
  isbn         = {9780198509400},
  note         = {Spin Glasses, Statistical Mechanics},
  file         = {:/home/b/documents/books/physics/nishimori2001statistical.pdf:pdf}
}

@book{shankar1994principles,
  author       = {Shankar, Ramamurti},
  title        = {Principles of Quantum Mechanics},
  publisher    = {Plenum Press},
  year         = {1994},
  address      = {New York},
  pages        = {644},
  isbn         = {9780306447907},
  note         = {Quantum Theory},
  file         = {:/home/b/documents/books/physics/shankar1994principles.pdf:pdf}
}

@book{jackson2006classical,
  author       = {Jackson, John David},
  title        = {Classical Electrodynamics},
  publisher    = {Wiley},
  year         = {2006},
  address      = {New York},
  pages        = {832},
  isbn         = {9788301003098},
  note         = {Electrodynamics},
  file         = {:/home/b/documents/books/physics/jackson2006classical.pdf:pdf}
}

@book{zangwill2019modern,
  author       = {Zangwill, Andrew},
  title        = {Modern Electrodynamics},
  publisher    = {Cambridge University Press},
  year         = {2019},
  address      = {Cambridge, UK},
  pages        = {977},
  isbn         = {9781139034777},
  note         = {Electrodynamics},
  file         = {:/home/b/documents/books/physics/zangwill2019modern.pdf:pdf}
}

@book{peskin1995introduction,
  author       = {Peskin, Michael Edward},
  title        = {An Introduction to Quantum Field Theory},
  publisher    = {Addison-Wesley},
  year         = {1995},
  address      = {Reading, MA, USA},
  pages        = {842},
  isbn         = {9780201503975},
  note         = {Quantum Field Theory},
  file         = {:/home/b/documents/books/physics/peskin1995introduction.pdf:pdf}
}

@book{ying2024foundations,
  author       = {Ying, Mingsheng},
  title        = {Foundations of Quantum Programming},
  publisher    = {Elsevier},
  year         = {2024},
  address      = {Cambridge, MA, USA},
  pages        = {372},
  isbn         = {9780443159435},
  note         = {Quantum Programming},
  file         = {:/home/b/documents/books/physics/ying2024foundations.pdf:pdf}
}

@book{shankar1995basic,
  author       = {Shankar, Ramamurti},
  title        = {Basic Training in Mathematics},
  publisher    = {Plenum Press},
  year         = {1995},
  address      = {New York},
  pages        = {365},
  isbn         = {0306450356},
  note         = {Mathematics},
  file         = {:/home/b/documents/books/physics/shankar1995basic.pdf:pdf}
}

@book{andrews2000introduction,
  author       = {Andrews, David G.},
  title        = {An Introduction to Atmospheric Physics},
  publisher    = {Cambridge University Press},
  year         = {2000},
  address      = {New York, NY},
  pages        = {229},
  isbn         = {9780521629584},
  note         = {Atmospheric Physics},
  file         = {:/home/b/documents/books/physics/andrews2000introduction.pdf:pdf}
}

@book{landau2015guide,
  author       = {Landau, David P.},
  title        = {A Guide to Monte Carlo Simulations in Statistical Physics},
  publisher    = {Cambridge University Press},
  year         = {2015},
  address      = {Cambridge, UK},
  pages        = {488},
  isbn         = {9781107074026},
  note         = {Monte Carlo Methods, Statistical Physics},
  file         = {:/home/b/documents/books/physics/landau2015guide.pdf:pdf}
}

@book{stillinger2015energy,
  author       = {Stillinger, Frank H.},
  title        = {Energy Landscapes, Inherent Structures, and Condensed-Matter Phenomena},
  publisher    = {Princeton University Press},
  year         = {2015},
  address      = {Princeton, NJ, USA},
  pages        = {528},
  isbn         = {9781400873975},
  note         = {Condensed Matter Physics},
  file         = {:/home/b/documents/books/physics/stillinger2015energy.pdf:pdf}
}

@book{schutz2022first,
  author       = {Schutz, Bernard F.},
  title        = {A First Course in General Relativity},
  publisher    = {Cambridge University Press},
  year         = {2022},
  address      = {Cambridge, UK},
  pages        = {385},
  isbn         = {9780521887052},
  note         = {General Relativity},
  file         = {:/home/b/documents/books/physics/schutz2022first.pdf:pdf}
}

@book{yeomans1992statistical,
  author       = {Yeomans, J. M.},
  title        = {Statistical Mechanics of Phase Transitions},
  publisher    = {Clarendon Press},
  year         = {1992},
  address      = {New York},
  pages        = {153},
  isbn         = {1280869747},
  note         = {Phase Transitions},
  file         = {:/home/b/documents/books/physics/yeomans1992statistical.pdf:pdf}
}

@book{stein2013spin,
  author       = {Stein, Daniel L. and Newman, Charles M.},
  title        = {Spin Glasses and Complexity},
  publisher    = {Princeton University Press},
  year         = {2013},
  address      = {Princeton, NJ, USA},
  pages        = {336},
  isbn         = {1400845637},
  note         = {Spin Glasses, Complexity},
  file         = {:/home/b/documents/books/physics/stein2013spin.pdf:pdf}
}

@book{newman1999monte,
  author       = {Newman, M. E. J.},
  title        = {Monte Carlo Methods in Statistical Physics},
  publisher    = {Clarendon Press},
  year         = {1999},
  address      = {New York},
  pages        = {475},
  isbn         = {0198517963},
  note         = {Monte Carlo Methods, Statistical Physics},
  file         = {:/home/b/documents/books/physics/newman1999monte.pdf:pdf}
}

@book{nielsen2013quantum,
  author       = {Nielsen, Michael A. and Chuang, Isaac L.},
  title        = {Quantum Computation and Quantum Information},
  publisher    = {Foundation Books},
  year         = {2013},
  address      = {Cambridge, UK},
  pages        = {676},
  isbn         = {9781107002173},
  note         = {Quantum Computing},
  file         = {:/home/b/documents/books/physics/nielsen2013quantum.pdf:pdf}
}

@book{gimeno-segovia2019programming,
  author       = {Gimeno-Segovia, Mercedes and Harrigan, Nic and Johnston, Eric R.},
  title        = {Programming Quantum Computers},
  publisher    = {O'Reilly Media},
  year         = {2019},
  address      = {Unknown Location},
  pages        = {340},
  isbn         = {9781492039686},
  note         = {Quantum Computing},
  file         = {:/home/b/documents/books/physics/gimeno-segovia2019programming.pdf:pdf}
}

@book{rovelli2010quantum,
  author       = {Rovelli, Carlo},
  title        = {Quantum Gravity},
  publisher    = {Cambridge University Press},
  year         = {2010},
  address      = {Cambridge, UK},
  pages        = {457},
  isbn         = {7506291835},
  note         = {Quantum Gravity},
  file         = {:/home/b/documents/books/physics/rovelli2010quantum.pdf:pdf}
}

@book{lawrie2017unified,
  author       = {Lawrie, Ian D.},
  title        = {A Unified Grand Tour of Theoretical Physics},
  publisher    = {Taylor & Francis},
  year         = {2017},
  address      = {London, UK},
  pages        = {580},
  isbn         = {9781439884478},
  file         = {:/home/b/documents/books/physics/lawrie2017unified.pdf:pdf}
}

@book{schwabl2013quantum,
  author       = {Schwabl, Franz},
  title        = {Quantum Mechanics},
  publisher    = {Springer},
  year         = {2013},
  address      = {Berlin, Germany},
  pages        = {423},
  isbn         = {3642091075},
  note         = {Quantum Theory},
  file         = {:/home/b/documents/books/physics/schwabl2013quantum.pdf:pdf}
}

@book{kittel2005introduction,
  author       = {Kittel, Charles},
  title        = {Introduction to Solid State Physics},
  publisher    = {John Wiley & Sons},
  year         = {2005},
  address      = {New York},
  pages        = {647},
  isbn         = {9780471415268},
  note         = {Solid State Physics},
  file         = {:/home/b/documents/books/physics/kittel2005introduction.pdf:pdf}
}

@book{bovier2006statistical,
  author       = {Bovier, Anton},
  title        = {Statistical Mechanics of Disordered Systems: A Mathematical Perspective},
  publisher    = {Cambridge University Press},
  year         = {2006},
  address      = {Cambridge, UK},
  pages        = {328},
  isbn         = {0521849918},
  note         = {Statistical Mechanics},
  file         = {:/home/b/documents/books/physics/bovier2006statistical.pdf:pdf}
}

@book{zee2012quantum,
  author       = {Zee, A.},
  title        = {Quantum Field Theory in a Nutshell},
  publisher    = {Princeton University Press},
  year         = {2012},
  address      = {Princeton, NJ, USA},
  pages        = {576},
  isbn         = {9780691140346},
  note         = {Quantum Field Theory},
  file         = {:/home/b/documents/books/physics/zee2012quantum.pdf:pdf}
}

@book{watrous2018theory,
  author       = {Watrous, John},
  title        = {Theory of Quantum Information},
  publisher    = {Cambridge University Press},
  year         = {2018},
  address      = {Cambridge, UK},
  pages        = {598},
  isbn         = {1316848140},
  note         = {Quantum Computing},
  file         = {:/home/b/documents/books/physics/watrous2018theory.pdf:pdf}
}

@book{safko2013classical,
  author       = {Goldstein, Herbert and Poole, Charles and Safko, John},
  title        = {Classical Mechanics},
  publisher    = {Addison Wesley},
  year         = {2013},
  address      = {San Francisco},
  pages        = {664},
  isbn         = {9788131758915},
  note         = {Analytic Mechanics},
  file         = {:/home/b/documents/books/physics/safko2013classical.pdf:pdf}
}

@book{thijssen2014computational,
  author       = {Thijssen, Jos},
  title        = {Computational Physics},
  publisher    = {Cambridge University Press},
  year         = {2014},
  address      = {Cambridge, UK},
  pages        = {635},
  isbn         = {1107677130},
  note         = {Computational Physics},
  file         = {:/home/b/documents/books/physics/thijssen2014computational.pdf:pdf}
}

@book{wales2003energy,
  author       = {Wales, David J.},
  title        = {Energy Landscapes},
  publisher    = {Cambridge University Press},
  year         = {2003},
  address      = {New York},
  pages        = {681},
  isbn         = {0521891140},
  note         = {Energy Landscapes, Surface Chemistry},
  file         = {:/home/b/documents/books/physics/wales2003energy.pdf:pdf}
}

@book{schwabl2006statistical,
  author       = {Schwabl, Franz},
  title        = {Statistical Mechanics},
  publisher    = {Springer},
  year         = {2006},
  address      = {Berlin, Germany},
  pages        = {577},
  isbn         = {3540323430},
  note         = {Statistical Mechanics},
  file         = {:/home/b/documents/books/physics/schwabl2006statistical.pdf:pdf}
}

@book{nadel1991lectures,
  author       = {Nadel, Lynn and Stein, Daniel L.},
  title        = {1990 Lectures in Complex Systems},
  publisher    = {Westview Press},
  year         = {1991},
  address      = {Boca Raton, FL, USA},
  volume       = {3},
  isbn         = {9780201525755},
  note         = {Published 2018 by CRC Press},
  file         = {:/home/b/documents/books/physics/nadel1991lectures.pdf:pdf}
}

@book{newman2012computational,
  author       = {Newman, Mark},
  title        = {Computational Physics},
  publisher    = {CreateSpace Independent Publishing Platform},
  year         = {2012},
  address      = {Cambridge, UK},
  pages        = {561},
  isbn         = {1480145513},
  note         = {Computational Physics},
  file         = {:/home/b/documents/books/physics/newman2012computational.pdf:pdf}
}

@book{taylor1997spacetime,
  author       = {Taylor, Edwin F.},
  title        = {Spacetime Physics},
  publisher    = {W.H. Freeman},
  year         = {1997},
  address      = {San Francisco},
  pages        = {260},
  isbn         = {0716723263},
  note         = {Special Relativity, Space and Time},
  file         = {:/home/b/documents/books/physics/taylor1997spacetime.pdf:pdf}
}

@misc{zangwill2019solutionsmodern,
  author       = {Zangwill, Andrew},
  title        = {Solution Manual for Modern Electrodynamics},
  year         = {2019},
  note         = {Author's Solution Manual},
  file         = {:/home/b/documents/books/physics/zangwill2019solutionsmodern.pdf:pdf}
}

@book{longair2020theoretical,
  author       = {Longair, Malcolm S.},
  title        = {Theoretical Concepts in Physics},
  publisher    = {Cambridge University Press},
  year         = {2020},
  address      = {Cambridge, UK},
  pages        = {612},
  isbn         = {9780521821261},
  note         = {Theoretical Physics},
  file         = {:/home/b/documents/books/physics/longair2020theoretical.pdf:pdf}
}

@book{prigogine2017non-equilibrium,
  author       = {Prigogine, Ilya},
  title        = {Non-Equilibrium Statistical Mechanics},
  publisher    = {Dover Publications},
  year         = {2017},
  address      = {New York},
  pages        = {336},
  isbn         = {9780486815558},
  note         = {Statistical Mechanics},
  file         = {:/home/b/documents/books/physics/prigogine2017non-equilibrium.pdf:pdf}
}

@book{mezard1987spin,
  author       = {Mézard, Marc and Parisi, Giorgio and Virasoro, Miguel Angel},
  title        = {Spin Glass Theory and Beyond},
  publisher    = {World Scientific},
  year         = {1987},
  address      = {Singapore},
  pages        = {469},
  isbn         = {9789971501150},
  note         = {Spin Glasses},
  file         = {:/home/b/documents/books/physics/mezard1987spin.pdf:pdf}
}

@book{arfken2013mathematical,
  author       = {Arfken, George B. and Weber, Hans J. and Harris, Frank E.},
  title        = {Mathematical Methods for Physicists},
  publisher    = {Elsevier},
  year         = {2013},
  address      = {San Diego, CA, USA},
  pages        = {1007},
  isbn         = {0120598256},
  note         = {Mathematical Physics},
  file         = {:/home/b/documents/books/physics/arfken2013mathematical.pdf:pdf}
}

@misc{arfken2005solutionsmathematical,
  author       = {Weber, Hans J. and Arfken, George B.},
  title        = {Instructor's Manual for Essential Mathematical Methods for Physicists},
  publisher    = {Elsevier},
  year         = {2005},
  address      = {Waltham, MA, USA},
  pages        = {521},
  isbn         = {0080916422},
  file         = {:/home/b/documents/books/physics/arfken2005solutionsmathematical.pdf:pdf}
}

@book{baez1994knots,
  author       = {Baez, John C.},
  title        = {Knots and Quantum Gravity},
  publisher    = {Clarendon Press},
  year         = {1994},
  address      = {New York},
  pages        = {229},
  isbn         = {9780198534907},
  note         = {Quantum Gravity, Knot Theory},
  file         = {:/home/b/documents/books/physics/baez1994knots.pdf:pdf}
}

@book{balakrishnan2021mathematical,
  author       = {Balakrishnan, V.},
  title        = {Mathematical Physics},
  publisher    = {Springer},
  year         = {2021},
  address      = {Cham, Switzerland},
  pages        = {781},
  isbn         = {9783030396800},
  file         = {:/home/b/documents/books/physics/balakrishnan2021mathematical.pdf:pdf}
}

@book{balakrishnan2021elements,
  author       = {Balakrishnan, V.},
  title        = {Elements of Nonequilibrium Statistical Mechanics},
  publisher    = {Springer},
  year         = {2021},
  address      = {Cham, Switzerland},
  pages        = {314},
  isbn         = {9783030622336},
  file         = {:/home/b/documents/books/physics/balakrishnan2021elements.pdf:pdf}
}

@book{becker2012string,
  author       = {Becker, Katrin and Becker, Melanie and Schwarz, John H.},
  title        = {String Theory and M-Theory},
  publisher    = {Cambridge University Press},
  year         = {2012},
  address      = {Cambridge, UK},
  pages        = {756},
  isbn         = {9780511256530},
  note         = {String Theory, Superstrings},
  file         = {:/home/b/documents/books/physics/becker2012string.pdf:pdf}
}

@book{boas2006mathematical,
  author       = {Boas, Mary L.},
  title        = {Mathematical Methods in the Physical Sciences},
  publisher    = {Wiley},
  year         = {2006},
  address      = {New York},
  pages        = {793},
  isbn         = {0471365807},
  note         = {Mathematics, Physical Sciences},
  file         = {:/home/b/documents/books/physics/boas2006mathematical.pdf:pdf}
}

@book{callen1985thermodynamics,
  author       = {Callen, Herbert B.},
  title        = {Thermodynamics and an Introduction to Thermostatistics},
  publisher    = {Wiley},
  year         = {1985},
  address      = {New York},
  pages        = {493},
  isbn         = {9780471862567},
  note         = {Thermodynamics, Statistical Mechanics},
  file         = {:/home/b/documents/books/physics/callen1985thermodynamics.pdf:pdf}
}

@book{chaikin2013principles,
  author       = {Chaikin, P. M. and Lubensky, T. C.},
  title        = {Principles of Condensed Matter Physics},
  publisher    = {Cambridge University Press},
  year         = {2013},
  address      = {Cambridge, UK},
  pages        = {699},
  isbn         = {9780521794503},
  note         = {Condensed Matter Physics},
  file         = {:/home/b/documents/books/physics/chaikin2013principles.pdf:pdf}
}

@book{peacock1999cosmological,
  author       = {Peacock, John A.},
  title        = {Cosmological Physics},
  publisher    = {Cambridge University Press},
  year         = {1999},
  address      = {New York},
  pages        = {682},
  isbn         = {0521422701},
  note         = {Cosmology, Astrophysics},
  file         = {:/home/b/documents/books/physics/peacock1999cosmological.pdf:pdf}
}

@book{fecko2011differential,
  author       = {Fecko, Marián},
  title        = {Differential Geometry and Lie Groups for Physicists},
  publisher    = {Cambridge University Press},
  year         = {2011},
  address      = {Cambridge, UK},
  pages        = {706},
  isbn         = {0521845076},
  note         = {Differential Geometry, Lie Groups},
  file         = {:/home/b/documents/books/physics/fecko2011differential.pdf:pdf}
}

@book{sakurai2011modern,
  author       = {Sakurai, J. J.},
  title        = {Modern Quantum Mechanics},
  publisher    = {Addison Wesley},
  year         = {2011},
  address      = {San Francisco},
  pages        = {550},
  isbn         = {9780805382914},
  note         = {Quantum Mechanics},
  file         = {:/home/b/documents/books/physics/sakurai2011modern.pdf:pdf}
}

@book{monvel-berthier2009spin,
  author       = {Monvel-Berthier, Anne Boutet de},
  title        = {Spin Glasses},
  publisher    = {Birkhäuser},
  year         = {2009},
  address      = {Basel, Switzerland},
  pages        = {278},
  isbn         = {9783764389994},
  note         = {Spin Glasses},
  file         = {:/home/b/documents/books/physics/monvel-berthier2009spin.pdf:pdf}
}

@book{huang2023statistical,
  author       = {Huang, Haiping},
  title        = {Statistical Mechanics of Neural Networks},
  publisher    = {Springer},
  year         = {2023},
  address      = {Singapore},
  pages        = {296},
  isbn         = {9789811675720},
  note         = {Neural Networks, Statistical Mechanics},
  file         = {:/home/b/documents/books/physics/huang2023statistical.pdf:pdf}
}

@book{kardar2007particles,
  author       = {Kardar, Mehran},
  title        = {Statistical Physics of Particles},
  publisher    = {Cambridge University Press},
  year         = {2007},
  address      = {New York},
  pages        = {320},
  isbn         = {9780511289125},
  note         = {Statistical Physics},
  file         = {:/home/b/documents/books/physics/kardar2007particles.pdf:pdf}
}

@misc{kardar2008solutionsparticles,
  author       = {Kardar, Mehran},
  title        = {Problems and Solutions for Statistical Physics of Particles},
  year         = {2008},
  month        = {July},
  note         = {Unpublished Solution Manual},
  howpublished = {Department of Physics, MIT, Cambridge, MA, USA},
  file         = {:/home/b/documents/books/physics/kardar2008solutionsparticles.pdf:pdf}
}

@book{kardar2007fields,
  author       = {Kardar, Mehran},
  title        = {Statistical Physics of Fields},
  publisher    = {Cambridge University Press},
  year         = {2007},
  address      = {New York},
  pages        = {359},
  isbn         = {9780521873420},
  note         = {Statistical Physics},
  file         = {:/home/b/documents/books/physics/kardar2007fields.pdf:pdf}
}

@misc{kardar2008solutionsfields,
  author       = {Kardar, Mehran},
  title        = {Problems and Solutions for Statistical Physics of Fields},
  year         = {2008},
  month        = {July},
  note         = {Unpublished Solution Manual},
  howpublished = {Department of Physics, MIT, Cambridge, MA, USA},
  file         = {:/home/b/documents/books/physics/kardar2008solutionsfields.pdf:pdf}
}

@book{zee2016group,
  author       = {Zee, A.},
  title        = {Group Theory in a Nutshell for Physicists},
  publisher    = {Princeton University Press},
  year         = {2016},
  address      = {Princeton, NJ, USA},
  pages        = {632},
  isbn         = {1400881188},
  note         = {Group Theory},
  file         = {:/home/b/documents/books/physics/zee2016group.pdf:pdf}
}

@book{dirac2016general,
  author       = {Dirac, P. A. M.},
  title        = {General Theory of Relativity},
  publisher    = {Princeton University Press},
  year         = {2016},
  address      = {Princeton, NJ, USA},
  pages        = {69},
  isbn         = {9781400884193},
  note         = {General Relativity},
  file         = {:/home/b/documents/books/physics/dirac2016general.pdf:pdf}
}

@book{bolthausen2007spin,
  author       = {Bolthausen, Erwin and Bovier, Anton},
  title        = {Spin Glasses},
  publisher    = {Springer},
  year         = {2007},
  address      = {Heidelberg, Germany},
  pages        = {179},
  isbn         = {9783540409083},
  note         = {Spin Glasses},
  file         = {:/home/b/documents/books/physics/bolthausen2007spin.pdf:pdf}
}

@book{dirac2013principles,
  author       = {Dirac, P. A. M.},
  title        = {The Principles of Quantum Mechanics},
  publisher    = {Oxford University Press},
  year         = {2013},
  address      = {Oxford, UK},
  pages        = {312},
  isbn         = {9780198520115},
  note         = {Quantum Mechanics},
  file         = {:/home/b/documents/books/physics/dirac2013principles.pdf:pdf}
}

@book{altland2023condensed,
  author       = {Altland, Alexander},
  title        = {Condensed Matter Field Theory},
  publisher    = {Cambridge University Press},
  year         = {2023},
  address      = {New York},
  pages        = {770},
  isbn         = {1282723499},
  note         = {Condensed Matter, Field Theory},
  file         = {:/home/b/documents/books/physics/altland2023condensed.pdf:pdf}
}

@book{rovelli2016seven,
  author       = {Rovelli, Carlo},
  title        = {Seven Brief Lessons on Physics},
  publisher    = {Penguin Random House},
  year         = {2016},
  address      = {New York},
  pages        = {55},
  isbn         = {9780399184437},
  note         = {Physics, Popular Science},
  file         = {:/home/b/documents/books/physics/rovelli2016seven.pdf:pdf}
}

@book{zwanzig2001nonequilibrium,
  author       = {Zwanzig, Robert},
  title        = {Nonequilibrium Statistical Mechanics},
  publisher    = {Oxford University Press},
  year         = {2001},
  address      = {New York},
  pages        = {232},
  isbn         = {0195140184},
  note         = {Nonequilibrium Statistical Mechanics},
  file         = {:/home/b/documents/books/physics/zwanzig2001nonequilibrium.pdf:pdf}
}
