@book{strunk2005elements,
  author =       {Strunk Jr., William and White, Elwyn Brooks and
                  Kalman, Maira},
  title =        {The Elements of Style},
  publisher =    {The Penguin Press},
  address =      {New York},
  isbn =         1594200696,
  year =         2005,
  file =
                  {:/home/b/documents/books/writing/strunk2005elements.pdf:pdf}
}

@book{kane2000essential,
  author =       {Kane, Thomas},
  title =        {The Oxford Essential Guide to Writing},
  publisher =    {Berkley Books},
  isbn =         9780425176405,
  year =         2000,
  file =
                  {:/home/b/documents/books/writing/kane2000essential.pdf:pdf}
}
