@inproceedings{abumostafa1987connectivity,
  address =      {Denver, Colorado, USA},
  author =       {Abu‚ÄêMostafa, Yaser S.},
  booktitle =    {Neural Information Processing Systems (NIPS)},
  editor =       {D. Anderson},
  month =        {November},
  note =
                  {\url{https://proceedings.neurips.cc/paper_files/paper/1987/file/03afdbd66e7929b125f8597834fa83a4-Paper.pdf}},
  openalex =     {W2122892797},
  publisher =    {American Institute of Physics},
  series =       {Conference Track Proceedings},
  title =        {Connectivity Versus Entropy},
  year =         1987
}

@inproceedings{alspector1987stochastic,
  address =      {Denver, Colorado, USA},
  author =       {Alspector, Joshua and Allen, Robert and Hu, Victor
                  and Satyanarayana, Srinagesh},
  booktitle =    {Neural Information Processing Systems (NIPS)},
  editor =       {D. Anderson},
  month =        {November},
  note =
                  {\url{https://proceedings.neurips.cc/paper_files/paper/1987/file/f033ab37c30201f73f142449d037028d-Paper.pdf}},
  publisher =    {American Institute of Physics},
  series =       {Conference Track Proceedings},
  title =        {Stochastic Learning Networks and their Electronic
                  Implementation},
  year =         1987
}

@inproceedings{atiya1987learning,
  address =      {Denver, Colorado, USA},
  author =       {Atiya, Amir F.},
  booktitle =    {Neural Information Processing Systems (NIPS)},
  editor =       {D. Anderson},
  month =        {November},
  note =
                  {\url{https://proceedings.neurips.cc/paper_files/paper/1987/file/45c48cce2e2d7fbdea1afc51c7c6ad26-Paper.pdf}},
  openalex =     {W2150862083},
  publisher =    {American Institute of Physics},
  series =       {Conference Track Proceedings},
  title =        {Learning on a General Network},
  year =         1987
}

@inproceedings{atlas1987artificial,
  address =      {Denver, Colorado, USA},
  author =       {Atlas, Les and Homma, Toshiteru and Marks, Robert
                  J.},
  booktitle =    {Neural Information Processing Systems (NIPS)},
  editor =       {D. Anderson},
  month =        {November},
  note =
                  {\url{https://proceedings.neurips.cc/paper_files/paper/1987/file/98f13708210194c475687be6106a3b84-Paper.pdf}},
  openalex =     {W2101720643},
  publisher =    {American Institute of Physics},
  series =       {Conference Track Proceedings},
  title =        {An Artificial Neural Network for Spatio-Temporal
                  Bipolar Patterns: Application to Phoneme
                  Classification},
  year =         1987
}

@inproceedings{baldi1987on,
  address =      {Denver, Colorado, USA},
  author =       {Baldi, Pierre and Venkatesh, Santosh S.},
  booktitle =    {Neural Information Processing Systems (NIPS)},
  editor =       {D. Anderson},
  month =        {November},
  note =
                  {\url{https://proceedings.neurips.cc/paper_files/paper/1987/file/3295c76acbf4caaed33c36b1b5fc2cb1-Paper.pdf}},
  openalex =     {W2160356628},
  publisher =    {American Institute of Physics},
  series =       {Conference Track Proceedings},
  title =        {On Properties of Networks of Neuron-Like Elements},
  year =         1987
}

@inproceedings{baum1987supervised,
  address =      {Denver, Colorado, USA},
  author =       {Baum, Eric and Wilczek, Frank},
  booktitle =    {Neural Information Processing Systems (NIPS)},
  editor =       {D. Anderson},
  month =        {November},
  note =
                  {\url{https://proceedings.neurips.cc/paper_files/paper/1987/file/eccbc87e4b5ce2fe28308fd9f2a7baf3-Paper.pdf}},
  publisher =    {American Institute of Physics},
  series =       {Conference Track Proceedings},
  title =        {Supervised Learning of Probability Distributions by
                  Neural Networks},
  year =         1987
}

@inproceedings{baxter1987centric,
  address =      {Denver, Colorado, USA},
  author =       {Baxter, William and Dow, Bruce},
  booktitle =    {Neural Information Processing Systems (NIPS)},
  editor =       {D. Anderson},
  month =        {November},
  note =
                  {\url{https://proceedings.neurips.cc/paper_files/paper/1987/file/e2c420d928d4bf8ce0ff2ec19b371514-Paper.pdf}},
  publisher =    {American Institute of Physics},
  series =       {Conference Track Proceedings},
  title =        {Centric Models of the Orientation Map in Primary
                  Visual Cortex},
  year =         1987
}

@inproceedings{bernasconi1987analysis,
  address =      {Denver, Colorado, USA},
  author =       {Bernasconi, J.},
  booktitle =    {Neural Information Processing Systems (NIPS)},
  editor =       {D. Anderson},
  month =        {November},
  note =
                  {\url{https://proceedings.neurips.cc/paper_files/paper/1987/file/fe9fc289c3ff0af142b6d3bead98a923-Paper.pdf}},
  openalex =     {W2149770601},
  publisher =    {American Institute of Physics},
  series =       {Conference Track Proceedings},
  title =        {Analysis and Comparison of Different Learning
                  Algorithms for Pattern Association Problems},
  year =         1987
}

@inproceedings{borggraham1987simulations,
  address =      {Denver, Colorado, USA},
  author =       {Borg-Graham, Lyle J.},
  booktitle =    {Neural Information Processing Systems (NIPS)},
  editor =       {D. Anderson},
  month =        {November},
  note =
                  {\url{https://proceedings.neurips.cc/paper_files/paper/1987/file/9778d5d219c5080b9a6a17bef029331c-Paper.pdf}},
  openalex =     {W2130533186},
  publisher =    {American Institute of Physics},
  series =       {Conference Track Proceedings},
  title =        {Simulations Suggest Information Processing Roles for
                  the Diverse Currents in Hippocampal Neurons},
  year =         1987
}

@inproceedings{bower1987computer,
  address =      {Denver, Colorado, USA},
  author =       {Bower, James and Wilson, Matthew},
  booktitle =    {Neural Information Processing Systems (NIPS)},
  editor =       {D. Anderson},
  month =        {November},
  note =
                  {\url{https://proceedings.neurips.cc/paper_files/paper/1987/file/e369853df766fa44e1ed0ff613f563bd-Paper.pdf}},
  publisher =    {American Institute of Physics},
  series =       {Conference Track Proceedings},
  title =        {A Computer Simulation of Olfactory Cortex with
                  Functional Implications for Storage and Retrieval of
                  Olfactory Information},
  year =         1987
}

@inproceedings{bower1987neural,
  address =      {Denver, Colorado, USA},
  author =       {Bower, James M. and Wong, Yiu-fai and Banik,
                  Jashojiban},
  booktitle =    {Neural Information Processing Systems (NIPS)},
  editor =       {D. Anderson},
  month =        {November},
  note =
                  {\url{https://proceedings.neurips.cc/paper_files/paper/1987/file/d645920e395fedad7bbbed0eca3fe2e0-Paper.pdf}},
  openalex =     {W2165189431},
  publisher =    {American Institute of Physics},
  series =       {Conference Track Proceedings},
  title =        {Neural Networks for Template Matching: Application
                  to Real-Time Classification of the Action Potentials
                  of Real Neurons},
  year =         1987
}

@inproceedings{bower1987optimal,
  address =      {Denver, Colorado, USA},
  author =       {Bower, James M. and Atiya, Amir F.},
  booktitle =    {Neural Information Processing Systems (NIPS)},
  editor =       {D. Anderson},
  month =        {November},
  note =
                  {\url{https://proceedings.neurips.cc/paper_files/paper/1987/file/1ff1de774005f8da13f42943881c655f-Paper.pdf}},
  openalex =     {W2147451604},
  publisher =    {American Institute of Physics},
  series =       {Conference Track Proceedings},
  title =        {Optimal Neural Spike Classification},
  year =         1987
}

@inproceedings{brown1987neural,
  address =      {Denver, Colorado, USA},
  author =       {Brown, Nathan H.},
  booktitle =    {Neural Information Processing Systems (NIPS)},
  editor =       {D. Anderson},
  month =        {November},
  note =
                  {\url{https://proceedings.neurips.cc/paper_files/paper/1987/file/7647966b7343c29048673252e490f736-Paper.pdf}},
  openalex =     {W2115066469},
  publisher =    {American Institute of Physics},
  series =       {Conference Track Proceedings},
  title =        {Neural Network Implementation Approaches for the
                  Connection Machine},
  year =         1987
}

@inproceedings{bruck1987on,
  address =      {Denver, Colorado, USA},
  author =       {Bruck, Jehoshua and Goodman, Joseph W.},
  booktitle =    {Neural Information Processing Systems (NIPS)},
  editor =       {D. Anderson},
  month =        {November},
  note =
                  {\url{https://proceedings.neurips.cc/paper_files/paper/1987/file/7cbbc409ec990f19c78c75bd1e06f215-Paper.pdf}},
  openalex =     {W2142485451},
  publisher =    {American Institute of Physics},
  series =       {Conference Track Proceedings},
  title =        {On the power of neural networks for solving hard
                  problems},
  year =         1987
}

@inproceedings{burr1987speech,
  address =      {Denver, Colorado, USA},
  author =       {Burr, David J.},
  booktitle =    {Neural Information Processing Systems (NIPS)},
  editor =       {D. Anderson},
  month =        {November},
  note =
                  {\url{https://proceedings.neurips.cc/paper_files/paper/1987/file/2a38a4a9316c49e5a833517c45d31070-Paper.pdf}},
  openalex =     {W2169274549},
  publisher =    {American Institute of Physics},
  series =       {Conference Track Proceedings},
  title =        {Speech Recognition Experiments with Perceptrons},
  year =         1987
}

@inproceedings{carley1987presynaptic,
  address =      {Denver, Colorado, USA},
  author =       {Carley, L.R.},
  booktitle =    {Neural Information Processing Systems (NIPS)},
  editor =       {D. Anderson},
  month =        {November},
  note =
                  {\url{https://proceedings.neurips.cc/paper_files/paper/1987/file/68d30a9594728bc39aa24be94b319d21-Paper.pdf}},
  openalex =     {W2161112690},
  publisher =    {American Institute of Physics},
  series =       {Conference Track Proceedings},
  title =        {Presynaptic Neural Information Processing},
  year =         1987
}

@inproceedings{cheung1987mathematical,
  address =      {Denver, Colorado, USA},
  author =       {Cheung, John and Omidvar, Massoud},
  booktitle =    {Neural Information Processing Systems (NIPS)},
  editor =       {D. Anderson},
  month =        {November},
  note =
                  {\url{https://proceedings.neurips.cc/paper_files/paper/1987/file/b53b3a3d6ab90ce0268229151c9bde11-Paper.pdf}},
  publisher =    {American Institute of Physics},
  series =       {Conference Track Proceedings},
  title =        {Mathematical Analysis of Learning Behavior of
                  Neuronal Models},
  year =         1987
}

@inproceedings{chiueh1987neural,
  address =      {Denver, Colorado, USA},
  author =       {Chiueh, Tzi‚ÄêDar and Goodman, R.M.},
  booktitle =    {Neural Information Processing Systems (NIPS)},
  editor =       {D. Anderson},
  month =        {November},
  note =
                  {\url{https://proceedings.neurips.cc/paper_files/paper/1987/file/642e92efb79421734881b53e1e1b18b6-Paper.pdf}},
  openalex =     {W2118339300},
  publisher =    {American Institute of Physics},
  series =       {Conference Track Proceedings},
  title =        {A NEURAL NETWORK CLASSIFIER BASED ON CODING THEORY},
  year =         1987
}

@inproceedings{chou1987capacity,
  address =      {Denver, Colorado, USA},
  author =       {Chou, Philip A.},
  booktitle =    {Neural Information Processing Systems (NIPS)},
  editor =       {D. Anderson},
  month =        {November},
  note =
                  {\url{https://proceedings.neurips.cc/paper_files/paper/1987/file/c81e728d9d4c2f636f067f89cc14862c-Paper.pdf}},
  openalex =     {W2101884652},
  publisher =    {American Institute of Physics},
  series =       {Conference Track Proceedings},
  title =        {The Capacity of the Kanerva Associative Memory is
                  Exponential},
  year =         1987
}

@inproceedings{chover1987phase,
  address =      {Denver, Colorado, USA},
  author =       {Chover, Joshua},
  booktitle =    {Neural Information Processing Systems (NIPS)},
  editor =       {D. Anderson},
  month =        {November},
  note =
                  {\url{https://proceedings.neurips.cc/paper_files/paper/1987/file/c16a5320fa475530d9583c34fd356ef5-Paper.pdf}},
  openalex =     {W2166817272},
  publisher =    {American Institute of Physics},
  series =       {Conference Track Proceedings},
  title =        {Phase Transitions in Neural Networks},
  year =         1987
}

@inproceedings{coon1987new,
  address =      {Denver, Colorado, USA},
  author =       {Coon, Darryl and Perera, A.},
  booktitle =    {Neural Information Processing Systems (NIPS)},
  editor =       {D. Anderson},
  month =        {November},
  note =
                  {\url{https://proceedings.neurips.cc/paper_files/paper/1987/file/b6d767d2f8ed5d21a44b0e5886680cb9-Paper.pdf}},
  publisher =    {American Institute of Physics},
  series =       {Conference Track Proceedings},
  title =        {New Hardware for Massive Neural Networks},
  year =         1987
}

@inproceedings{dembo1987high,
  address =      {Denver, Colorado, USA},
  author =       {Dembo, Amir and Zeitouni, Ofer},
  booktitle =    {Neural Information Processing Systems (NIPS)},
  editor =       {D. Anderson},
  month =        {November},
  note =
                  {\url{https://proceedings.neurips.cc/paper_files/paper/1987/file/d2ddea18f00665ce8623e36bd4e3c7c5-Paper.pdf}},
  openalex =     {W2097801021},
  publisher =    {American Institute of Physics},
  series =       {Conference Track Proceedings},
  title =        {HIGH DENSITY ASSOCIATIVE MEMORIES},
  year =         1987
}

@inproceedings{denker1987network,
  address =      {Denver, Colorado, USA},
  author =       {Denker, John S. and Wittner, Ben S.},
  booktitle =    {Neural Information Processing Systems (NIPS)},
  editor =       {D. Anderson},
  month =        {November},
  note =
                  {\url{https://proceedings.neurips.cc/paper_files/paper/1987/file/c74d97b01eae257e44aa9d5bade97baf-Paper.pdf}},
  openalex =     {W2121162530},
  publisher =    {American Institute of Physics},
  series =       {Conference Track Proceedings},
  title =        {Network Generality, Training Required, and Precision
                  Required},
  year =         1987
}

@inproceedings{derthick1987ensemble,
  address =      {Denver, Colorado, USA},
  author =       {Derthick, Mark and Tebelskis, Joe},
  booktitle =    {Neural Information Processing Systems (NIPS)},
  editor =       {D. Anderson},
  month =        {November},
  note =
                  {\url{https://proceedings.neurips.cc/paper_files/paper/1987/file/32bb90e8976aab5298d5da10fe66f21d-Paper.pdf}},
  openalex =     {W2100737363},
  publisher =    {American Institute of Physics},
  series =       {Conference Track Proceedings},
  title =        {Ensemble' Boltzmann Units have Collective
                  Computational Properties like those of Hopfield and
                  Tank Neurons},
  year =         1987
}

@inproceedings{dreyfus1987high,
  address =      {Denver, Colorado, USA},
  author =       {Dreyfus, G√©rard and Guyon, Isabelle and Nadal,
                  Jean‚ÄêPierre and Personnaz, L.},
  booktitle =    {Neural Information Processing Systems (NIPS)},
  editor =       {D. Anderson},
  month =        {November},
  note =
                  {\url{https://proceedings.neurips.cc/paper_files/paper/1987/file/c7e1249ffc03eb9ded908c236bd1996d-Paper.pdf}},
  openalex =     {W2107132762},
  publisher =    {American Institute of Physics},
  series =       {Conference Track Proceedings},
  title =        {High Order Neural Networks for Efficient Associative
                  Memory Design},
  year =         1987
}

@inproceedings{eeckman1987sigmoid,
  address =      {Denver, Colorado, USA},
  author =       {Eeckman, Frank H.},
  booktitle =    {Neural Information Processing Systems (NIPS)},
  editor =       {D. Anderson},
  month =        {November},
  note =
                  {\url{https://proceedings.neurips.cc/paper_files/paper/1987/file/c9f0f895fb98ab9159f51fd0297e236d-Paper.pdf}},
  openalex =     {W2114178732},
  publisher =    {American Institute of Physics},
  series =       {Conference Track Proceedings},
  title =        {The Sigmoid Nonlinearity in Prepyriform Cortex},
  year =         1987
}

@inproceedings{ersu1987hierarchical,
  address =      {Denver, Colorado, USA},
  author =       {Ers√º, Enis and Tolle, Henning},
  booktitle =    {Neural Information Processing Systems (NIPS)},
  editor =       {D. Anderson},
  month =        {November},
  note =
                  {\url{https://proceedings.neurips.cc/paper_files/paper/1987/file/67c6a1e7ce56d3d6fa748ab6d9af3fd7-Paper.pdf}},
  openalex =     {W2131154267},
  publisher =    {American Institute of Physics},
  series =       {Conference Track Proceedings},
  title =        {Hierarchical Learning Control - An Approach with
                  Neuron-Like Associative Memories},
  year =         1987
}

@inproceedings{fernandez1987on,
  address =      {Denver, Colorado, USA},
  author =       {Iglesias, Manuel J. Fern√°ndez},
  booktitle =    {Neural Information Processing Systems (NIPS)},
  editor =       {D. Anderson},
  month =        {November},
  note =
                  {\url{https://proceedings.neurips.cc/paper_files/paper/1987/file/33e75ff09dd601bbe69f351039152189-Paper.pdf}},
  openalex =     {W2138077853},
  publisher =    {American Institute of Physics},
  series =       {Conference Track Proceedings},
  title =        {On Tropistic Processing and Its Applications},
  year =         1987
}

@inproceedings{fetz1987correlational,
  address =      {Denver, Colorado, USA},
  author =       {Fetz, Eberhard E.},
  booktitle =    {Neural Information Processing Systems (NIPS)},
  editor =       {D. Anderson},
  month =        {November},
  note =
                  {\url{https://proceedings.neurips.cc/paper_files/paper/1987/file/9bf31c7ff062936a96d3c8bd1f8f2ff3-Paper.pdf}},
  openalex =     {W2100702909},
  publisher =    {American Institute of Physics},
  series =       {Conference Track Proceedings},
  title =        {Correlational Strength and Computational Algebra of
                  Synaptic Connections Between Neurons},
  year =         1987
}

@inproceedings{fleisher1987hopfield,
  address =      {Denver, Colorado, USA},
  author =       {Fleisher, Michael},
  booktitle =    {Neural Information Processing Systems (NIPS)},
  editor =       {D. Anderson},
  month =        {November},
  note =
                  {\url{https://proceedings.neurips.cc/paper_files/paper/1987/file/072b030ba126b2f4b2374f342be9ed44-Paper.pdf}},
  openalex =     {W2104533351},
  publisher =    {American Institute of Physics},
  series =       {Conference Track Proceedings},
  title =        {The Hopfield Model with Multi-Level Neurons},
  year =         1987
}

@inproceedings{gately1987cycles,
  address =      {Denver, Colorado, USA},
  author =       {Gately, Michael T.},
  booktitle =    {Neural Information Processing Systems (NIPS)},
  editor =       {D. Anderson},
  month =        {November},
  note =
                  {\url{https://proceedings.neurips.cc/paper_files/paper/1987/file/44f683a84163b3523afe57c2e008bc8c-Paper.pdf}},
  openalex =     {W2101174170},
  publisher =    {American Institute of Physics},
  series =       {Conference Track Proceedings},
  title =        {Cycles: A Simulation Tool for Studying Cyclic Neural
                  Networks},
  year =         1987
}

@inproceedings{gaudiano1987temporal,
  address =      {Denver, Colorado, USA},
  author =       {Gaudiano, Paolo},
  booktitle =    {Neural Information Processing Systems (NIPS)},
  editor =       {D. Anderson},
  month =        {November},
  note =
                  {\url{https://proceedings.neurips.cc/paper_files/paper/1987/file/c51ce410c124a10e0db5e4b97fc2af39-Paper.pdf}},
  openalex =     {W2126967861},
  publisher =    {American Institute of Physics},
  series =       {Conference Track Proceedings},
  title =        {Temporal Patterns of Activity in Neural Networks},
  year =         1987
}

@inproceedings{giles1987encoding,
  address =      {Denver, Colorado, USA},
  author =       {Giles, C. Lee and Griffin, Daniel and Maxwell, Tom},
  booktitle =    {Neural Information Processing Systems (NIPS)},
  editor =       {D. Anderson},
  month =        {November},
  note =
                  {\url{https://proceedings.neurips.cc/paper_files/paper/1987/file/aab3238922bcc25a6f606eb525ffdc56-Paper.pdf}},
  openalex =     {W2116248957},
  publisher =    {American Institute of Physics},
  series =       {Conference Track Proceedings},
  title =        {Encoding Geometric Invariances in Higher-Order
                  Neural Networks},
  year =         1987
}

@inproceedings{golden1987probabilistic,
  address =      {Denver, Colorado, USA},
  author =       {Golden, Richard M.},
  booktitle =    {Neural Information Processing Systems (NIPS)},
  editor =       {D. Anderson},
  month =        {November},
  note =
                  {\url{https://proceedings.neurips.cc/paper_files/paper/1987/file/d09bf41544a3365a46c9077ebb5e35c3-Paper.pdf}},
  openalex =     {W2119775113},
  publisher =    {American Institute of Physics},
  series =       {Conference Track Proceedings},
  title =        {Probabilistic Characterization of Neural Model
                  Computations},
  year =         1987
}

@inproceedings{granger1987partitioning,
  address =      {Denver, Colorado, USA},
  author =       {Granger, Richard and Ambros‚ÄêIngerson, Jos√© and
                  Henry, Howard N. and Lynch, Gary},
  booktitle =    {Neural Information Processing Systems (NIPS)},
  editor =       {D. Anderson},
  month =        {November},
  note =
                  {\url{https://proceedings.neurips.cc/paper_files/paper/1987/file/f7177163c833dff4b38fc8d2872f1ec6-Paper.pdf}},
  openalex =     {W2124268949},
  publisher =    {American Institute of Physics},
  series =       {Conference Track Proceedings},
  title =        {PARTITIONING OF SENSORY DATA BY A CORTICAL NETWORK},
  year =         1987
}

@inproceedings{hammerstrom1987connectivity,
  address =      {Denver, Colorado, USA},
  author =       {Hammerstrom, Dan},
  booktitle =    {Neural Information Processing Systems (NIPS)},
  editor =       {D. Anderson},
  month =        {November},
  note =
                  {\url{https://proceedings.neurips.cc/paper_files/paper/1987/file/d82c8d1619ad8176d665453cfb2e55f0-Paper.pdf}},
  openalex =     {W2146552493},
  publisher =    {American Institute of Physics},
  series =       {Conference Track Proceedings},
  title =        {The Connectivity Analysis of Simple Association},
  year =         1987
}

@inproceedings{hanson1987minkowski,
  address =      {Denver, Colorado, USA},
  author =       {Hanson, Stephen and Burr, David},
  booktitle =    {Neural Information Processing Systems (NIPS)},
  editor =       {D. Anderson},
  month =        {November},
  note =
                  {\url{https://proceedings.neurips.cc/paper_files/paper/1987/file/fc490ca45c00b1249bbe3554a4fdf6fb-Paper.pdf}},
  publisher =    {American Institute of Physics},
  series =       {Conference Track Proceedings},
  title =        {Minkowski-r Back-Propagation: Learning in
                  Connectionist Models with Non-Euclidian Error
                  Signals},
  year =         1987
}

@inproceedings{hinton1987learning,
  address =      {Denver, Colorado, USA},
  author =       {Hinton, Geoffrey E. and McClelland, James L.},
  booktitle =    {Neural Information Processing Systems (NIPS)},
  editor =       {D. Anderson},
  month =        {November},
  note =
                  {\url{https://proceedings.neurips.cc/paper_files/paper/1987/file/35f4a8d465e6e1edc05f3d8ab658c551-Paper.pdf}},
  openalex =     {W2152441530},
  publisher =    {American Institute of Physics},
  series =       {Conference Track Proceedings},
  title =        {Learning Representations by Recirculation},
  year =         1987
}

@inproceedings{houk1987schema,
  address =      {Denver, Colorado, USA},
  author =       {Houk, James C.},
  booktitle =    {Neural Information Processing Systems (NIPS)},
  editor =       {D. Anderson},
  month =        {November},
  note =
                  {\url{https://proceedings.neurips.cc/paper_files/paper/1987/file/a3f390d88e4c41f2747bfa2f1b5f87db-Paper.pdf}},
  openalex =     {W2139801393},
  publisher =    {American Institute of Physics},
  series =       {Conference Track Proceedings},
  title =        {Schema for Motor Control Utilizing a Network Model
                  of the Cerebellum},
  year =         1987
}

@inproceedings{hsu1987experimental,
  address =      {Denver, Colorado, USA},
  author =       {Hsu, Ken and Brady, David and Psaltis, Demetri},
  booktitle =    {Neural Information Processing Systems (NIPS)},
  editor =       {D. Anderson},
  month =        {November},
  note =
                  {\url{https://proceedings.neurips.cc/paper_files/paper/1987/file/8f14e45fceea167a5a36dedd4bea2543-Paper.pdf}},
  publisher =    {American Institute of Physics},
  series =       {Conference Track Proceedings},
  title =        {Experimental Demonstrations of Optical Neural
                  Computers},
  year =         1987
}

@inproceedings{huang1987neural,
  address =      {Denver, Colorado, USA},
  author =       {Huang, William and Lippmann, Richard P},
  booktitle =    {Neural Information Processing Systems (NIPS)},
  editor =       {D. Anderson},
  month =        {November},
  note =
                  {\url{https://proceedings.neurips.cc/paper_files/paper/1987/file/4e732ced3463d06de0ca9a15b6153677-Paper.pdf}},
  publisher =    {American Institute of Physics},
  series =       {Conference Track Proceedings},
  title =        {Neural Net and Traditional Classifiers},
  year =         1987
}

@inproceedings{jang1987optimization,
  address =      {Denver, Colorado, USA},
  author =       {Jang, Ju-Seog and Lee, Soo-Young and Shin,
                  Sang-Yung},
  booktitle =    {Neural Information Processing Systems (NIPS)},
  editor =       {D. Anderson},
  month =        {November},
  note =
                  {\url{https://proceedings.neurips.cc/paper_files/paper/1987/file/6c8349cc7260ae62e3b1396831a8398f-Paper.pdf}},
  openalex =     {W2099636542},
  publisher =    {American Institute of Physics},
  series =       {Conference Track Proceedings},
  title =        {An Optimization Network for Matrix Inversion},
  year =         1987
}

@inproceedings{kanwal1987catfish,
  address =      {Denver, Colorado, USA},
  author =       {Kanwal, Jagmeet S.},
  booktitle =    {Neural Information Processing Systems (NIPS)},
  editor =       {D. Anderson},
  month =        {November},
  note =
                  {\url{https://proceedings.neurips.cc/paper_files/paper/1987/file/7f39f8317fbdb1988ef4c628eba02591-Paper.pdf}},
  openalex =     {W2106900305},
  publisher =    {American Institute of Physics},
  series =       {Conference Track Proceedings},
  title =        {HOW THE CATFISH TRACKS ITS PREY: AN INTERACTIVE
                  "PIPELINED" PROCESSING SYSTEM MAY DIRECT FORAGING
                  VIA RETICULOSPINAL NEURONS},
  year =         1987
}

@inproceedings{keeler1987capacity,
  address =      {Denver, Colorado, USA},
  author =       {Keeler, James D.},
  booktitle =    {Neural Information Processing Systems (NIPS)},
  editor =       {D. Anderson},
  month =        {November},
  note =
                  {\url{https://proceedings.neurips.cc/paper_files/paper/1987/file/d67d8ab4f4c10bf22aa353e27879133c-Paper.pdf}},
  openalex =     {W2111049088},
  publisher =    {American Institute of Physics},
  series =       {Conference Track Proceedings},
  title =        {Capacity for Patterns and Sequences in Kanerva's SDM
                  as Compared to Other Associative Memory Models},
  year =         1987
}

@inproceedings{koch1987computing,
  address =      {Denver, Colorado, USA},
  author =       {Koch, Christof and Luo, Jin and Mead, Carver and
                  Hutchinson, James},
  booktitle =    {Neural Information Processing Systems (NIPS)},
  editor =       {D. Anderson},
  month =        {November},
  note =
                  {\url{https://proceedings.neurips.cc/paper_files/paper/1987/file/8e296a067a37563370ded05f5a3bf3ec-Paper.pdf}},
  publisher =    {American Institute of Physics},
  series =       {Conference Track Proceedings},
  title =        {Computing Motion Using Resistive Networks},
  year =         1987
}

@inproceedings{kuh1987performance,
  address =      {Denver, Colorado, USA},
  author =       {Kuh, Anthony},
  booktitle =    {Neural Information Processing Systems (NIPS)},
  editor =       {D. Anderson},
  month =        {November},
  note =
                  {\url{https://proceedings.neurips.cc/paper_files/paper/1987/file/d9d4f495e875a2e075a1a4a6e1b9770f-Paper.pdf}},
  openalex =     {W2103075183},
  publisher =    {American Institute of Physics},
  series =       {Conference Track Proceedings},
  title =        {Performance Measures for Associative Memories that
                  Learn and Forget},
  year =         1987
}

@inproceedings{lapedes1987neural,
  address =      {Denver, Colorado, USA},
  author =       {Lapedes, Alan S. and Farber, Robert},
  booktitle =    {Neural Information Processing Systems (NIPS)},
  editor =       {D. Anderson},
  month =        {November},
  note =
                  {\url{https://proceedings.neurips.cc/paper_files/paper/1987/file/093f65e080a295f8076b1c5722a46aa2-Paper.pdf}},
  openalex =     {W2107725879},
  publisher =    {American Institute of Physics},
  series =       {Conference Track Proceedings},
  title =        {How Neural Nets Work},
  year =         1987
}

@inproceedings{lau1987distributed,
  address =      {Denver, Colorado, USA},
  author =       {Lau, Clifford and Honrubia, Vicente},
  booktitle =    {Neural Information Processing Systems (NIPS)},
  editor =       {D. Anderson},
  month =        {November},
  note =
                  {\url{https://proceedings.neurips.cc/paper_files/paper/1987/file/a5771bce93e200c36f7cd9dfd0e5deaa-Paper.pdf}},
  openalex =     {W2156155573},
  publisher =    {American Institute of Physics},
  series =       {Conference Track Proceedings},
  title =        {Distributed Neural Information Processing in the
                  Vestibulo-Ocular System},
  year =         1987
}

@inproceedings{lehmann1987spontaneous,
  address =      {Denver, Colorado, USA},
  author =       {Lehmann, Dietrich and Brandeis, Daniel and Horst,
                  A. and Ozaki, Hisaki and Pal, Ivan},
  booktitle =    {Neural Information Processing Systems (NIPS)},
  editor =       {D. Anderson},
  month =        {November},
  note =
                  {\url{https://proceedings.neurips.cc/paper_files/paper/1987/file/93db85ed909c13838ff95ccfa94cebd9-Paper.pdf}},
  openalex =     {W2170090193},
  publisher =    {American Institute of Physics},
  series =       {Conference Track Proceedings},
  title =        {SPONTANEOUS AND INFORMATION-TRIGGERED SEGMENTS OF
                  SERIES OF HUMAN BRAIN ELECTRIC FIELD MAPS},
  year =         1987
}

@inproceedings{leong1987optimization,
  address =      {Denver, Colorado, USA},
  author =       {Leong, Harrison},
  booktitle =    {Neural Information Processing Systems (NIPS)},
  editor =       {D. Anderson},
  month =        {November},
  note =
                  {\url{https://proceedings.neurips.cc/paper_files/paper/1987/file/1f0e3dad99908345f7439f8ffabdffc4-Paper.pdf}},
  openalex =     {W2126704393},
  publisher =    {American Institute of Physics},
  series =       {Conference Track Proceedings},
  title =        {Optimization with Artificial Neural Network Systems:
                  A Mapping Principle and a Comparison to Gradient
                  Based Methods},
  year =         1987
}

@inproceedings{linsker1987towards,
  address =      {Denver, Colorado, USA},
  author =       {Linsker, Ralph},
  booktitle =    {Neural Information Processing Systems (NIPS)},
  editor =       {D. Anderson},
  month =        {November},
  note =
                  {\url{https://proceedings.neurips.cc/paper_files/paper/1987/file/e4da3b7fbbce2345d7772b0674a318d5-Paper.pdf}},
  openalex =     {W2103716973},
  publisher =    {American Institute of Physics},
  series =       {Conference Track Proceedings},
  title =        {Towards an Organizing Principle for a Layered
                  Perceptual Network},
  year =         1987
}

@inproceedings{loos1987reflexive,
  address =      {Denver, Colorado, USA},
  author =       {Loos, Hendricus G.},
  booktitle =    {Neural Information Processing Systems (NIPS)},
  editor =       {D. Anderson},
  month =        {November},
  note =
                  {\url{https://proceedings.neurips.cc/paper_files/paper/1987/file/2838023a778dfaecdc212708f721b788-Paper.pdf}},
  openalex =     {W2132649428},
  publisher =    {American Institute of Physics},
  series =       {Conference Track Proceedings},
  title =        {REFLEXIVE ASSOCIATIVE MEMORIES},
  year =         1987
}

@inproceedings{macdonald1987connecting,
  address =      {Denver, Colorado, USA},
  author =       {MacDonald, Bruce},
  booktitle =    {Neural Information Processing Systems (NIPS)},
  editor =       {D. Anderson},
  month =        {November},
  note =
                  {\url{https://proceedings.neurips.cc/paper_files/paper/1987/file/f457c545a9ded88f18ecee47145a72c0-Paper.pdf}},
  publisher =    {American Institute of Physics},
  series =       {Conference Track Proceedings},
  title =        {Connecting to the Past},
  year =         1987
}

@inproceedings{mackie1987microelectronic,
  address =      {Denver, Colorado, USA},
  author =       {Mackie, Stuart and Graf, Hans and Schwartz, Daniel
                  and Denker, John},
  booktitle =    {Neural Information Processing Systems (NIPS)},
  editor =       {D. Anderson},
  month =        {November},
  note =
                  {\url{https://proceedings.neurips.cc/paper_files/paper/1987/file/6512bd43d9caa6e02c990b0a82652dca-Paper.pdf}},
  publisher =    {American Institute of Physics},
  series =       {Conference Track Proceedings},
  title =        {Microelectronic Implementations of Connectionist
                  Neural Networks},
  year =         1987
}

@inproceedings{marcus1987basins,
  address =      {Denver, Colorado, USA},
  author =       {Marcus, Charles and Westervelt, R.},
  booktitle =    {Neural Information Processing Systems (NIPS)},
  editor =       {D. Anderson},
  month =        {November},
  note =
                  {\url{https://proceedings.neurips.cc/paper_files/paper/1987/file/6ea9ab1baa0efb9e19094440c317e21b-Paper.pdf}},
  publisher =    {American Institute of Physics},
  series =       {Conference Track Proceedings},
  title =        {Basins of Attraction for Electronic Neural Networks},
  year =         1987
}

@inproceedings{marks1987performance,
  address =      {Denver, Colorado, USA},
  author =       {Marks, Robert and Atlas, Les and Oh, Seho and
                  Ritcey, James},
  booktitle =    {Neural Information Processing Systems (NIPS)},
  editor =       {D. Anderson},
  month =        {November},
  note =
                  {\url{https://proceedings.neurips.cc/paper_files/paper/1987/file/28dd2c7955ce926456240b2ff0100bde-Paper.pdf}},
  publisher =    {American Institute of Physics},
  series =       {Conference Track Proceedings},
  title =        {The Performance of Convex Set Projection Based
                  Neural Networks},
  year =         1987
}

@inproceedings{mel1987murphy,
  address =      {Denver, Colorado, USA},
  author =       {Mel, Bartlett W.},
  booktitle =    {Neural Information Processing Systems (NIPS)},
  editor =       {D. Anderson},
  month =        {November},
  note =
                  {\url{https://proceedings.neurips.cc/paper_files/paper/1987/file/92cc227532d17e56e07902b254dfad10-Paper.pdf}},
  openalex =     {W2141188343},
  publisher =    {American Institute of Physics},
  series =       {Conference Track Proceedings},
  title =        {MURPHY: A Robot that Learns by Doing},
  year =         1987
}

@inproceedings{michel1987stability,
  address =      {Denver, Colorado, USA},
  author =       {Michel, A.N. and Farrell, Jay A. and Porod,
                  Wolfgang},
  booktitle =    {Neural Information Processing Systems (NIPS)},
  editor =       {D. Anderson},
  month =        {November},
  note =
                  {\url{https://proceedings.neurips.cc/paper_files/paper/1987/file/19ca14e7ea6328a42e0eb13d585e4c22-Paper.pdf}},
  openalex =     {W2171342692},
  publisher =    {American Institute of Physics},
  series =       {Conference Track Proceedings},
  title =        {Stability Results for Neural Networks},
  year =         1987
}

@inproceedings{moopenn1987programmable,
  address =      {Denver, Colorado, USA},
  author =       {Moopenn, A. and Langenbacher, Harry and Thakoor,
                  A. P. and Khanna, S. K.},
  booktitle =    {Neural Information Processing Systems (NIPS)},
  editor =       {D. Anderson},
  month =        {November},
  note =
                  {\url{https://proceedings.neurips.cc/paper_files/paper/1987/file/6f4922f45568161a8cdf4ad2299f6d23-Paper.pdf}},
  openalex =     {W2169210221},
  publisher =    {American Institute of Physics},
  series =       {Conference Track Proceedings},
  title =        {Programmable Synaptic Chip for Electronic Neural
                  Networks},
  year =         1987
}

@inproceedings{murray1987bit,
  address =      {Denver, Colorado, USA},
  author =       {Murray, Alan and Smith, Anthony and Butler, Zoe},
  booktitle =    {Neural Information Processing Systems (NIPS)},
  editor =       {D. Anderson},
  month =        {November},
  note =
                  {\url{https://proceedings.neurips.cc/paper_files/paper/1987/file/02e74f10e0327ad868d138f2b4fdd6f0-Paper.pdf}},
  publisher =    {American Institute of Physics},
  series =       {Conference Track Proceedings},
  title =        {Bit-Serial Neural Networks},
  year =         1987
}

@inproceedings{noest1987phasor,
  address =      {Denver, Colorado, USA},
  author =       {Noest, Andr√© J.},
  booktitle =    {Neural Information Processing Systems (NIPS)},
  editor =       {D. Anderson},
  month =        {November},
  note =
                  {\url{https://proceedings.neurips.cc/paper_files/paper/1987/file/8613985ec49eb8f757ae6439e879bb2a-Paper.pdf}},
  openalex =     {W1965963207},
  publisher =    {American Institute of Physics},
  series =       {Conference Track Proceedings},
  title =        {Discrete-state phasor neural networks},
  year =         1987
}

@inproceedings{petsche1987trellis,
  address =      {Denver, Colorado, USA},
  author =       {Petsche, Thomas and Dickinson, Bradley W.},
  booktitle =    {Neural Information Processing Systems (NIPS)},
  editor =       {D. Anderson},
  month =        {November},
  note =
                  {\url{https://proceedings.neurips.cc/paper_files/paper/1987/file/ea5d2f1c4608232e07d3aa3d998e5135-Paper.pdf}},
  openalex =     {W2102916500},
  publisher =    {American Institute of Physics},
  series =       {Conference Track Proceedings},
  title =        {A Trellis-Structured Neural Network},
  year =         1987
}

@inproceedings{pineda1987generalization,
  address =      {Denver, Colorado, USA},
  author =       {Pineda, Fernando J.},
  booktitle =    {Neural Information Processing Systems (NIPS)},
  editor =       {D. Anderson},
  month =        {November},
  note =
                  {\url{https://proceedings.neurips.cc/paper_files/paper/1987/file/735b90b4568125ed6c3f678819b6e058-Paper.pdf}},
  openalex =     {W2116628315},
  publisher =    {American Institute of Physics},
  series =       {Conference Track Proceedings},
  title =        {Generalization of Back propagation to Recurrent and
                  Higher Order Neural Networks},
  year =         1987
}

@inproceedings{platt1987constrained,
  address =      {Denver, Colorado, USA},
  author =       {Platt, John and Barr, Alan},
  booktitle =    {Neural Information Processing Systems (NIPS)},
  editor =       {D. Anderson},
  month =        {November},
  note =
                  {\url{https://proceedings.neurips.cc/paper_files/paper/1987/file/a87ff679a2f3e71d9181a67b7542122c-Paper.pdf}},
  publisher =    {American Institute of Physics},
  series =       {Conference Track Proceedings},
  title =        {Constrained Differential Optimization},
  year =         1987
}

@inproceedings{poggio1987learning,
  address =      {Denver, Colorado, USA},
  author =       {Poggio, Tomaso and Hurlbert, Anya},
  booktitle =    {Neural Information Processing Systems (NIPS)},
  editor =       {D. Anderson},
  month =        {November},
  note =
                  {\url{https://proceedings.neurips.cc/paper_files/paper/1987/file/70efdf2ec9b086079795c442636b55fb-Paper.pdf}},
  openalex =     {W2140563454},
  publisher =    {American Institute of Physics},
  series =       {Conference Track Proceedings},
  title =        {Learning a Color Algorithm from Examples},
  year =         1987
}

@inproceedings{robinson1987static,
  address =      {Denver, Colorado, USA},
  author =       {Robinson, A.J. and Fallside, F.},
  booktitle =    {Neural Information Processing Systems (NIPS)},
  editor =       {D. Anderson},
  month =        {November},
  note =
                  {\url{https://proceedings.neurips.cc/paper_files/paper/1987/file/a1d0c6e83f027327d8461063f4ac58a6-Paper.pdf}},
  openalex =     {W2119196219},
  publisher =    {American Institute of Physics},
  series =       {Conference Track Proceedings},
  title =        {Static and Dynamic Error Propagation Networks with
                  Application to Speech Coding},
  year =         1987
}

@inproceedings{rosen1987learning,
  address =      {Denver, Colorado, USA},
  author =       {Rosen, Bruce E. and Goodwin, James M. and Vidal,
                  Jacques J.},
  booktitle =    {Neural Information Processing Systems (NIPS)},
  editor =       {D. Anderson},
  month =        {November},
  note =
                  {\url{https://proceedings.neurips.cc/paper_files/paper/1987/file/182be0c5cdcd5072bb1864cdee4d3d6e-Paper.pdf}},
  openalex =     {W2129868711},
  publisher =    {American Institute of Physics},
  series =       {Conference Track Proceedings},
  title =        {LEARNING BY STATE RECURRENCE DETECTION},
  year =         1987
}

@inproceedings{rosenfeld1987scaling,
  address =      {Denver, Colorado, USA},
  author =       {Rosenfeld, Ronald and Touretzky, David},
  booktitle =    {Neural Information Processing Systems (NIPS)},
  editor =       {D. Anderson},
  month =        {November},
  note =
                  {\url{https://proceedings.neurips.cc/paper_files/paper/1987/file/54229abfcfa5649e7003b83dd4755294-Paper.pdf}},
  publisher =    {American Institute of Physics},
  series =       {Conference Track Proceedings},
  title =        {Scaling Properties of Coarse-Coded Symbol Memories},
  year =         1987
}

@inproceedings{schuling1987adaptive,
  address =      {Denver, Colorado, USA},
  author =       {Schuling, F. H. and Mastebroek, H. A. K. and
                  Zaagman, W. H.},
  booktitle =    {Neural Information Processing Systems (NIPS)},
  editor =       {D. Anderson},
  month =        {November},
  note =
                  {\url{https://proceedings.neurips.cc/paper_files/paper/1987/file/c0c7c76d30bd3dcaefc96f40275bdc0a-Paper.pdf}},
  openalex =     {W2098939514},
  publisher =    {American Institute of Physics},
  series =       {Conference Track Proceedings},
  title =        {An Adaptive and Heterodyne Filtering Procedure for
                  the Imaging of Moving Objects},
  year =         1987
}

@inproceedings{scofield1987mean,
  address =      {Denver, Colorado, USA},
  author =       {Scofield, Christopher L.},
  booktitle =    {Neural Information Processing Systems (NIPS)},
  editor =       {D. Anderson},
  month =        {November},
  note =
                  {\url{https://proceedings.neurips.cc/paper_files/paper/1987/file/d3d9446802a44259755d38e6d163e820-Paper.pdf}},
  openalex =     {W2155296208},
  publisher =    {American Institute of Physics},
  series =       {Conference Track Proceedings},
  title =        {A Mean Field Theory of Layer IV of Visual Cortex and
                  Its Application to Artificial Neural Networks},
  year =         1987
}

@inproceedings{scofield1987pattern,
  address =      {Denver, Colorado, USA},
  author =       {Scofield, Christopher L. and Reilly, Douglas L. and
                  Elbaum, C. and Cooper, Leon N.},
  booktitle =    {Neural Information Processing Systems (NIPS)},
  editor =       {D. Anderson},
  month =        {November},
  note =
                  {\url{https://proceedings.neurips.cc/paper_files/paper/1987/file/3c59dc048e8850243be8079a5c74d079-Paper.pdf}},
  openalex =     {W2167926074},
  publisher =    {American Institute of Physics},
  series =       {Conference Track Proceedings},
  title =        {PATTERN CLASS DEGENERACY IN AN UNRESTRICTED STORAGE
                  DENSITY MEMORY},
  year =         1987
}

@inproceedings{shepanski1987teaching,
  address =      {Denver, Colorado, USA},
  author =       {Shepanski, J. F. and Macy, S. A.},
  booktitle =    {Neural Information Processing Systems (NIPS)},
  editor =       {D. Anderson},
  month =        {November},
  note =
                  {\url{https://proceedings.neurips.cc/paper_files/paper/1987/file/9a1158154dfa42caddbd0694a4e9bdc8-Paper.pdf}},
  publisher =    {American Institute of Physics},
  series =       {Conference Track Proceedings},
  title =        {Teaching Artificial Neural Systems to Drive: Manual
                  Training Techniques for Autonomous Systems},
  year =         1987
}

@inproceedings{siegel1987discovering,
  address =      {Denver, Colorado, USA},
  author =       {Siegel, Ralph M.},
  booktitle =    {Neural Information Processing Systems (NIPS)},
  editor =       {D. Anderson},
  month =        {November},
  note =
                  {\url{https://proceedings.neurips.cc/paper_files/paper/1987/file/9f61408e3afb633e50cdf1b20de6f466-Paper.pdf}},
  openalex =     {W2103161654},
  publisher =    {American Institute of Physics},
  series =       {Conference Track Proceedings},
  title =        {Discovering Structure from Motion in Monkey, Man and
                  Machine},
  year =         1987
}

@inproceedings{silverman1987time,
  address =      {Denver, Colorado, USA},
  author =       {Silverman, Ronald H. and Noetzel, Andrew S.},
  booktitle =    {Neural Information Processing Systems (NIPS)},
  editor =       {D. Anderson},
  month =        {November},
  note =
                  {\url{https://proceedings.neurips.cc/paper_files/paper/1987/file/a5bfc9e07964f8dddeb95fc584cd965d-Paper.pdf}},
  openalex =     {W2130224823},
  publisher =    {American Institute of Physics},
  series =       {Conference Track Proceedings},
  title =        {Time-Sequential Self-Organization of Hierarchical
                  Neural Networks},
  year =         1987
}

@inproceedings{singer1987computer,
  address =      {Denver, Colorado, USA},
  author =       {Singer, Alexander and Donoghue, John P.},
  booktitle =    {Neural Information Processing Systems (NIPS)},
  editor =       {D. Anderson},
  month =        {November},
  note =
                  {\url{https://proceedings.neurips.cc/paper_files/paper/1987/file/37693cfc748049e45d87b8c7d8b9aacd-Paper.pdf}},
  openalex =     {W2112212687},
  publisher =    {American Institute of Physics},
  series =       {Conference Track Proceedings},
  title =        {A Computer Simulation of Cerebral Neocortex:
                  Computational Capabilities of Nonlinear Neural
                  Networks},
  year =         1987
}

@inproceedings{smolensky1987analysis,
  address =      {Denver, Colorado, USA},
  author =       {Smolensky, Paul},
  booktitle =    {Neural Information Processing Systems (NIPS)},
  editor =       {D. Anderson},
  month =        {November},
  note =
                  {\url{https://proceedings.neurips.cc/paper_files/paper/1987/file/66f041e16a60928b05a7e228a89c3799-Paper.pdf}},
  openalex =     {W2100839956},
  publisher =    {American Institute of Physics},
  series =       {Conference Track Proceedings},
  title =        {Analysis of Distributed Representation of
                  Constituent Structure in Connectionist Systems},
  year =         1987
}

@inproceedings{stafylopatis1987spatial,
  address =      {Denver, Colorado, USA},
  author =       {Stafylopatis, Andreas and Dikaiakos, Marios D. and
                  Kontoravdis, D.},
  booktitle =    {Neural Information Processing Systems (NIPS)},
  editor =       {D. Anderson},
  month =        {November},
  note =
                  {\url{https://proceedings.neurips.cc/paper_files/paper/1987/file/14bfa6bb14875e45bba028a21ed38046-Paper.pdf}},
  openalex =     {W2141975226},
  publisher =    {American Institute of Physics},
  series =       {Conference Track Proceedings},
  title =        {Spatial Organization of Neural Networks: A
                  Probabilistic Modeling Approach},
  year =         1987
}

@inproceedings{stornetta1987dynamical,
  address =      {Denver, Colorado, USA},
  author =       {Stornetta, W.S. and Hogg, Tad and Huberman, Bernardo
                  A.},
  booktitle =    {Neural Information Processing Systems (NIPS)},
  editor =       {D. Anderson},
  month =        {November},
  note =
                  {\url{https://proceedings.neurips.cc/paper_files/paper/1987/file/fbd7939d674997cdb4692d34de8633c4-Paper.pdf}},
  openalex =     {W2160853866},
  publisher =    {American Institute of Physics},
  series =       {Conference Track Proceedings},
  title =        {A Dynamical Approach to Temporal Pattern Processing},
  year =         1987
}

@inproceedings{sun1987novel,
  address =      {Denver, Colorado, USA},
  author =       {Sun, Guo-Zheng and Lee, Yee-Chun and Chen,
                  Hsing-Hen},
  booktitle =    {Neural Information Processing Systems (NIPS)},
  editor =       {D. Anderson},
  month =        {November},
  note =
                  {\url{https://proceedings.neurips.cc/paper_files/paper/1987/file/ad61ab143223efbc24c7d2583be69251-Paper.pdf}},
  openalex =     {W2138394580},
  publisher =    {American Institute of Physics},
  series =       {Conference Track Proceedings},
  title =        {A Novel Net that Learns Sequential Decision Process},
  year =         1987
}

@inproceedings{suzuki1987self,
  address =      {Denver, Colorado, USA},
  author =       {Suzuki, Hisashi and Arimoto, Suguru},
  booktitle =    {Neural Information Processing Systems (NIPS)},
  editor =       {D. Anderson},
  month =        {November},
  note =
                  {\url{https://proceedings.neurips.cc/paper_files/paper/1987/file/c4ca4238a0b923820dcc509a6f75849b-Paper.pdf}},
  openalex =     {W2114831025},
  publisher =    {American Institute of Physics},
  series =       {Conference Track Proceedings},
  title =        {Self-Organization of Associative Database and Its
                  Applications},
  year =         1987
}

@inproceedings{tagliarini1987neural,
  address =      {Denver, Colorado, USA},
  author =       {Tagliarini, Gene A. and Page, Edward W.},
  booktitle =    {Neural Information Processing Systems (NIPS)},
  editor =       {D. Anderson},
  month =        {November},
  note =
                  {\url{https://proceedings.neurips.cc/paper_files/paper/1987/file/1679091c5a880faf6fb5e6087eb1b2dc-Paper.pdf}},
  openalex =     {W2127192465},
  publisher =    {American Institute of Physics},
  series =       {Conference Track Proceedings},
  title =        {A Neural-Network Solution to the Concentrator
                  Assignment Problem},
  year =         1987
}

@inproceedings{tenorio1987using,
  address =      {Denver, Colorado, USA},
  author =       {Tenorio, M.F.},
  booktitle =    {Neural Information Processing Systems (NIPS)},
  editor =       {D. Anderson},
  month =        {November},
  note =
                  {\url{https://proceedings.neurips.cc/paper_files/paper/1987/file/c20ad4d76fe97759aa27a0c99bff6710-Paper.pdf}},
  openalex =     {W2156290166},
  publisher =    {American Institute of Physics},
  series =       {Conference Track Proceedings},
  title =        {Using Neural Networks to Improve Cochlear Implant
                  Speech Perception},
  year =         1987
}

@inproceedings{tesauro1987neural,
  address =      {Denver, Colorado, USA},
  author =       {Tesauro, Gerald and Sejnowski, Terrence J.},
  booktitle =    {Neural Information Processing Systems (NIPS)},
  editor =       {D. Anderson},
  month =        {November},
  note =
                  {\url{https://proceedings.neurips.cc/paper_files/paper/1987/file/34173cb38f07f89ddbebc2ac9128303f-Paper.pdf}},
  openalex =     {W2099845938},
  publisher =    {American Institute of Physics},
  series =       {Conference Track Proceedings},
  title =        {A 'Neural' Network that Learns to Play Backgammon},
  year =         1987
}

@inproceedings{tomboulian1987introduction,
  address =      {Denver, Colorado, USA},
  author =       {Tomboulian, S.},
  booktitle =    {Neural Information Processing Systems (NIPS)},
  editor =       {D. Anderson},
  month =        {November},
  note =
                  {\url{https://proceedings.neurips.cc/paper_files/paper/1987/file/1c383cd30b7c298ab50293adfecb7b18-Paper.pdf}},
  openalex =     {W2155090937},
  publisher =    {American Institute of Physics},
  series =       {Conference Track Proceedings},
  title =        {Introduction to a System for Implementing Neural Net
                  Connections on SIMD Architectures},
  year =         1987
}

@inproceedings{vecchi1987neuromorphic,
  address =      {Denver, Colorado, USA},
  author =       {Vecchi, Mario and Salehi, Jawad},
  booktitle =    {Neural Information Processing Systems (NIPS)},
  editor =       {D. Anderson},
  month =        {November},
  note =
                  {\url{https://proceedings.neurips.cc/paper_files/paper/1987/file/3416a75f4cea9109507cacd8e2f2aefc-Paper.pdf}},
  publisher =    {American Institute of Physics},
  series =       {Conference Track Proceedings},
  title =        {Neuromorphic Networks Based on Sparse Optical
                  Orthogonal Codes},
  year =         1987
}

@inproceedings{vidal1987synchronization,
  address =      {Denver, Colorado, USA},
  author =       {Vidal, Jacques and Haggerty, John},
  booktitle =    {Neural Information Processing Systems (NIPS)},
  editor =       {D. Anderson},
  month =        {November},
  note =
                  {\url{https://proceedings.neurips.cc/paper_files/paper/1987/file/6364d3f0f495b6ab9dcf8d3b5c6e0b01-Paper.pdf}},
  publisher =    {American Institute of Physics},
  series =       {Conference Track Proceedings},
  title =        {Synchronization in Neural Nets},
  year =         1987
}

@inproceedings{wechsler1987invariant,
  address =      {Denver, Colorado, USA},
  author =       {Wechsler, Harry and Zimmerman, George L.},
  booktitle =    {Neural Information Processing Systems (NIPS)},
  editor =       {D. Anderson},
  month =        {November},
  note =
                  {\url{https://proceedings.neurips.cc/paper_files/paper/1987/file/43ec517d68b6edd3015b3edc9a11367b-Paper.pdf}},
  openalex =     {W2168693028},
  publisher =    {American Institute of Physics},
  series =       {Conference Track Proceedings},
  title =        {Invariant Object Recognition Using a Distributed
                  Associative Memory},
  year =         1987
}

@inproceedings{windecker1987learning,
  address =      {Denver, Colorado, USA},
  author =       {Windecker, Richard C.},
  booktitle =    {Neural Information Processing Systems (NIPS)},
  editor =       {D. Anderson},
  month =        {November},
  note =
                  {\url{https://proceedings.neurips.cc/paper_files/paper/1987/file/d1fe173d08e959397adf34b1d77e88d7-Paper.pdf}},
  openalex =     {W2142703198},
  publisher =    {American Institute of Physics},
  series =       {Conference Track Proceedings},
  title =        {Learning in Networks of Nondeterministic Adaptive
                  Logic Elements},
  year =         1987
}

@inproceedings{wittner1987strategies,
  address =      {Denver, Colorado, USA},
  author =       {Wittner, Ben S. and Denker, John S.},
  booktitle =    {Neural Information Processing Systems (NIPS)},
  editor =       {D. Anderson},
  month =        {November},
  note =
                  {\url{https://proceedings.neurips.cc/paper_files/paper/1987/file/3ef815416f775098fe977004015c6193-Paper.pdf}},
  openalex =     {W2102430921},
  publisher =    {American Institute of Physics},
  series =       {Conference Track Proceedings},
  title =        {Strategies for Teaching Layered Networks
                  Classification Tasks},
  year =         1987
}

@inproceedings{wyatt1987method,
  address =      {Denver, Colorado, USA},
  author =       {Wyatt, John L. and Standley, David L.},
  booktitle =    {Neural Information Processing Systems (NIPS)},
  editor =       {D. Anderson},
  month =        {November},
  note =
                  {\url{https://proceedings.neurips.cc/paper_files/paper/1987/file/a684eceee76fc522773286a895bc8436-Paper.pdf}},
  openalex =     {W2164154454},
  publisher =    {American Institute of Physics},
  series =       {Conference Track Proceedings},
  title =        {A Method for the Design of Stable Lateral Inhibition
                  Networks that is Robust in the Presence of Circuit
                  Parasitics},
  year =         1987
}
