@inproceedings{ackley1988associative,
  address = {Denver, Colorado, USA},
  author = {Ackley, David H.},
  booktitle = {Advances in Neural Information Processing Systems 1 (NIPS)},
  editor = {Touretzky, D.},
  month = {November},
  note = {\url{https://proceedings.neurips.cc/paper_files/paper/1988/file/1385974ed5904a438616ff7bdb3f7439-Paper.pdf}},
  openalex = {W2153057117},
  publisher = {Morgan-Kaufmann},
  series = {Conference Track Proceedings},
  title = {Associative Learning via Inhibitory Search},
  volume = {1},
  year = {1988}
}

@inproceedings{ahalt1988performance,
  address = {Denver, Colorado, USA},
  author = {Ahalt, Stanley C. and Garber, Frederick and Jouny, Ismail and Krishnamurthy, Ashok},
  booktitle = {Advances in Neural Information Processing Systems 1 (NIPS)},
  editor = {D. Touretzky},
  month = {November},
  note = {\url{https://proceedings.neurips.cc/paper_files/paper/1988/file/a5e00132373a7031000fd987a3c9f87b-Paper.pdf}},
  openalex = {W2110824690},
  publisher = {Morgan-Kaufmann},
  series = {Conference Track Proceedings},
  title = {Performance of Synthetic Neural Network Classification of Noisy Radar Signals},
  volume = {1},
  year = {1988}
}

@inproceedings{ahmad1988scaling,
  address = {Denver, Colorado, USA},
  author = {Ahmad, Subutai and Tesauro, Gerald},
  booktitle = {Advances in Neural Information Processing Systems 1 (NIPS)},
  editor = {D. Touretzky},
  month = {November},
  note = {\url{https://proceedings.neurips.cc/paper_files/paper/1988/file/d1f491a404d6854880943e5c3cd9ca25-Paper.pdf}},
  openalex = {W2139758973},
  publisher = {Morgan-Kaufmann},
  series = {Conference Track Proceedings},
  title = {Scaling and Generalization in Neural Networks: A Case Study},
  volume = {1},
  year = {1988}
}

@inproceedings{alkon1988computer,
  address = {Denver, Colorado, USA},
  author = {Alkon, Daniel L. and Quek, Francis and Vogl, Thomas P.},
  booktitle = {Advances in Neural Information Processing Systems 1 (NIPS)},
  editor = {Touretzky, D.},
  month = {November},
  note = {\url{https://proceedings.neurips.cc/paper_files/paper/1988/file/069059b7ef840f0c74a814ec9237b6ec-Paper.pdf}},
  openalex = {W2107977004},
  publisher = {Morgan-Kaufmann},
  series = {Conference Track Proceedings},
  title = {Computer Modeling of Associative Learning},
  volume = {1},
  year = {1988}
}

@inproceedings{allinson1988digital,
  address = {Denver, Colorado, USA},
  author = {Allinson, Nigel and Johnson, Martin and Moon, Kevin},
  booktitle = {Advances in Neural Information Processing Systems 1 (NIPS)},
  editor = {D. Touretzky},
  month = {November},
  note = {\url{https://proceedings.neurips.cc/paper_files/paper/1988/file/c9e1074f5b3f9fc8ea15d152add07294-Paper.pdf}},
  publisher = {Morgan-Kaufmann},
  series = {Conference Track Proceedings},
  title = {Digital Realisation of Self-Organising Maps},
  volume = {1},
  year = {1988}
}

@inproceedings{alspector1988performance,
  address = {Denver, Colorado, USA},
  author = {Alspector, J. and Gupta, Bhusan and Allen, Robert B.},
  booktitle = {Advances in Neural Information Processing Systems 1 (NIPS)},
  editor = {Touretzky, D.},
  month = {November},
  note = {\url{https://proceedings.neurips.cc/paper_files/paper/1988/file/140f6969d5213fd0ece03148e62e461e-Paper.pdf}},
  openalex = {W1731410993},
  publisher = {Morgan-Kaufmann},
  series = {Conference Track Proceedings},
  title = {Performance of a stochastic learning microchip},
  volume = {1},
  year = {1988}
}

@inproceedings{alvelda1988neural,
  address = {Denver, Colorado, USA},
  author = {Alvelda, Phillip and Martin, A. Miguel San},
  booktitle = {Advances in Neural Information Processing Systems 1 (NIPS)},
  editor = {D. Touretzky},
  month = {November},
  note = {\url{https://proceedings.neurips.cc/paper_files/paper/1988/file/96da2f590cd7246bbde0051047b0d6f7-Paper.pdf}},
  openalex = {W2147370460},
  publisher = {Morgan-Kaufmann},
  series = {Conference Track Proceedings},
  title = {Neural Network Star Pattern Recognition for Spacecraft Attitude Determination and Control},
  volume = {1},
  year = {1988}
}

@inproceedings{andreou1988electronic,
  address = {Denver, Colorado, USA},
  author = {Andreou, Andreas G.},
  booktitle = {Advances in Neural Information Processing Systems 1 (NIPS)},
  editor = {Touretzky, D.},
  month = {November},
  note = {\url{https://proceedings.neurips.cc/paper_files/paper/1988/file/76dc611d6ebaafc66cc0879c71b5db5c-Paper.pdf}},
  openalex = {W2155663744},
  publisher = {Morgan-Kaufmann},
  series = {Conference Track Proceedings},
  title = {Electronic Receptors for Tactile/Haptic Sensing},
  volume = {1},
  year = {1988}
}

@inproceedings{baird1988bifurcation,
  address = {Denver, Colorado, USA},
  author = {Baird, Bill},
  booktitle = {Advances in Neural Information Processing Systems 1 (NIPS)},
  editor = {Touretzky, D.},
  month = {November},
  note = {\url{https://proceedings.neurips.cc/paper_files/paper/1988/file/2b24d495052a8ce66358eb576b8912c8-Paper.pdf}},
  openalex = {W2101602849},
  publisher = {Morgan-Kaufmann},
  series = {Conference Track Proceedings},
  title = {A Bifurcation Theory Approach to the Programming of Periodic Attractors in Network Models of Olfactory Cortex},
  volume = {1},
  year = {1988}
}

@inproceedings{baldi1988linear,
  address = {Denver, Colorado, USA},
  author = {Baldi, Pierre},
  booktitle = {Advances in Neural Information Processing Systems 1 (NIPS)},
  editor = {Touretzky, D.},
  month = {November},
  note = {\url{https://proceedings.neurips.cc/paper_files/paper/1988/file/202cb962ac59075b964b07152d234b70-Paper.pdf}},
  openalex = {W2171902495},
  publisher = {Morgan-Kaufmann},
  series = {Conference Track Proceedings},
  title = {Linear Learning: Landscapes and Algorithms},
  volume = {1},
  year = {1988}
}

@inproceedings{baum1988size,
  address = {Denver, Colorado, USA},
  author = {Baum, Eric and Haussler, David},
  booktitle = {Advances in Neural Information Processing Systems 1 (NIPS)},
  editor = {Touretzky, D.},
  month = {November},
  note = {\url{https://proceedings.neurips.cc/paper_files/paper/1988/file/1d7f7abc18fcb43975065399b0d1e48e-Paper.pdf}},
  publisher = {Morgan-Kaufmann},
  series = {Conference Track Proceedings},
  title = {What Size Net Gives Valid Generalization?},
  volume = {1},
  year = {1988}
}

@inproceedings{beer1988heterogeneous,
  address = {Denver, Colorado, USA},
  author = {Beer, Randall D. and Chiel, Hillel J. and Sterling, Leon},
  booktitle = {Advances in Neural Information Processing Systems 1 (NIPS)},
  editor = {Touretzky, D.},
  month = {November},
  note = {\url{https://proceedings.neurips.cc/paper_files/paper/1988/file/2b44928ae11fb9384c4cf38708677c48-Paper.pdf}},
  openalex = {W2106433364},
  publisher = {Morgan-Kaufmann},
  series = {Conference Track Proceedings},
  title = {Heterogeneous Neural Networks for Adaptive Behavior in Dynamic Environments},
  volume = {1},
  year = {1988}
}

@inproceedings{bengio1988use,
  address = {Denver, Colorado, USA},
  author = {Bengio, Yoshua and Cardin, R. and Mori, Renato De and Cosi, Piero},
  booktitle = {Advances in Neural Information Processing Systems 1 (NIPS)},
  editor = {Touretzky, D.},
  month = {November},
  note = {\url{https://proceedings.neurips.cc/paper_files/paper/1988/file/73278a4a86960eeb576a8fd4c9ec6997-Paper.pdf}},
  openalex = {W2140846220},
  publisher = {Morgan-Kaufmann},
  series = {Conference Track Proceedings},
  title = {Use of Multi-Layered Networks for Coding Speech with Phonetic Features},
  volume = {1},
  year = {1988}
}

@inproceedings{bilbro1988optimization,
  address = {Denver, Colorado, USA},
  author = {Bilbro, Griff L. and Mann, R.C. and Miller, Thomas and Snyder, Wesley E. and Bout, D.E. Van den and White, Mark},
  booktitle = {Advances in Neural Information Processing Systems 1 (NIPS)},
  editor = {D. Touretzky},
  month = {November},
  note = {\url{https://proceedings.neurips.cc/paper_files/paper/1988/file/ec5decca5ed3d6b8079e2e7e7bacc9f2-Paper.pdf}},
  openalex = {W2119745285},
  publisher = {Morgan-Kaufmann},
  series = {Conference Track Proceedings},
  title = {Optimization by Mean Field Annealing},
  volume = {1},
  year = {1988}
}

@inproceedings{bilbro1988range,
  address = {Denver, Colorado, USA},
  author = {Bilbro, Griff L. and Snyder, Wesley E.},
  booktitle = {Advances in Neural Information Processing Systems 1 (NIPS)},
  editor = {D. Touretzky},
  month = {November},
  note = {\url{https://proceedings.neurips.cc/paper_files/paper/1988/file/b3e3e393c77e35a4a3f3cbd1e429b5dc-Paper.pdf}},
  openalex = {W2104727838},
  publisher = {Morgan-Kaufmann},
  series = {Conference Track Proceedings},
  title = {Range Image Restoration Using Mean Field Annealing},
  volume = {1},
  year = {1988}
}

@inproceedings{blum1988training,
  address = {Denver, Colorado, USA},
  author = {Blum, Avrim and Rivest, Ronald L.},
  booktitle = {Advances in Neural Information Processing Systems 1 (NIPS)},
  editor = {Touretzky, D.},
  month = {November},
  note = {\url{https://proceedings.neurips.cc/paper_files/paper/1988/file/3def184ad8f4755ff269862ea77393dd-Paper.pdf}},
  openalex = {W196871588},
  publisher = {Morgan-Kaufmann},
  series = {Conference Track Proceedings},
  title = {Training a 3-node neural network is NP-complete},
  volume = {1},
  year = {1988}
}

@inproceedings{bourlard1988links,
  address = {Denver, Colorado, USA},
  author = {Bourlard, H. and Wellekens, C.},
  booktitle = {Advances in Neural Information Processing Systems 1 (NIPS)},
  editor = {Touretzky, D.},
  month = {November},
  note = {\url{https://proceedings.neurips.cc/paper_files/paper/1988/file/0777d5c17d4066b82ab86dff8a46af6f-Paper.pdf}},
  openalex = {W2140539590},
  publisher = {Morgan-Kaufmann},
  series = {Conference Track Proceedings},
  title = {Links between Markov models and multilayer perceptrons},
  volume = {1},
  year = {1988}
}

@inproceedings{braitenberg1988neural,
  address = {Denver, Colorado, USA},
  author = {Braitenberg, Valentino},
  booktitle = {Advances in Neural Information Processing Systems 1 (NIPS)},
  editor = {Touretzky, D.},
  month = {November},
  note = {\url{https://proceedings.neurips.cc/paper_files/paper/1988/file/5878a7ab84fb43402106c575658472fa-Paper.pdf}},
  publisher = {Morgan-Kaufmann},
  series = {Conference Track Proceedings},
  title = {Neural Architecture},
  volume = {1},
  year = {1988}
}

@inproceedings{bridle1988speech,
  address = {Denver, Colorado, USA},
  author = {Bridle, John S.},
  booktitle = {Advances in Neural Information Processing Systems 1 (NIPS)},
  editor = {D. Touretzky},
  month = {November},
  note = {\url{https://proceedings.neurips.cc/paper_files/paper/1988/file/bf8229696f7a3bb4700cfddef19fa23f-Paper.pdf}},
  openalex = {W2152894887},
  publisher = {Morgan-Kaufmann},
  series = {Conference Track Proceedings},
  title = {Speech Recognition: Statistical and Neural Information Processing Approaches},
  volume = {1},
  year = {1988}
}

@inproceedings{chauvin1988back,
  address = {Denver, Colorado, USA},
  author = {Chauvin, Yves},
  booktitle = {Advances in Neural Information Processing Systems 1 (NIPS)},
  editor = {D. Touretzky},
  month = {November},
  note = {\url{https://proceedings.neurips.cc/paper_files/paper/1988/file/9fc3d7152ba9336a670e36d0ed79bc43-Paper.pdf}},
  openalex = {W2096764219},
  publisher = {Morgan-Kaufmann},
  series = {Conference Track Proceedings},
  title = {A Back-Propagation Algorithm with Optimal Use of Hidden Units},
  volume = {1},
  year = {1988}
}

@inproceedings{davis1988mapping,
  address = {Denver, Colorado, USA},
  author = {Davis, Lawrence},
  booktitle = {Advances in Neural Information Processing Systems 1 (NIPS)},
  editor = {Touretzky, D.},
  month = {November},
  note = {\url{https://proceedings.neurips.cc/paper_files/paper/1988/file/82aa4b0af34c2313a562076992e50aa3-Paper.pdf}},
  openalex = {W2149256131},
  publisher = {Morgan-Kaufmann},
  series = {Conference Track Proceedings},
  title = {Mapping Classifier Systems Into Neural Networks},
  volume = {1},
  year = {1988}
}

@inproceedings{delbruck1988electronic,
  address = {Denver, Colorado, USA},
  author = {Delbrück, Tobi and Mead, C.A.},
  booktitle = {Advances in Neural Information Processing Systems 1 (NIPS)},
  editor = {Touretzky, D.},
  month = {November},
  note = {\url{https://proceedings.neurips.cc/paper_files/paper/1988/file/3988c7f88ebcb58c6ce932b957b6f332-Paper.pdf}},
  openalex = {W2143935935},
  publisher = {Morgan-Kaufmann},
  series = {Conference Track Proceedings},
  title = {An Electronic Photoreceptor Sensitive to Small Changes in Intensity},
  volume = {1},
  year = {1988}
}

@inproceedings{denker1988neural,
  address = {Denver, Colorado, USA},
  author = {Denker, John S. and Gardner, W.R. and Graf, Hans Peter and Henderson, D. and Howard, Richard and Hubbard, W. and Jackel, L. D. and Baird, Henry S. and Guyon, Isabelle},
  booktitle = {Advances in Neural Information Processing Systems 1 (NIPS)},
  editor = {D. Touretzky},
  month = {November},
  note = {\url{https://proceedings.neurips.cc/paper_files/paper/1988/file/a97da629b098b75c294dffdc3e463904-Paper.pdf}},
  openalex = {W2157475639},
  publisher = {Morgan-Kaufmann},
  series = {Conference Track Proceedings},
  title = {Neural Network Recognizer for Hand-Written Zip Code Digits},
  volume = {1},
  year = {1988}
}

@inproceedings{feld1988passive,
  address = {Denver, Colorado, USA},
  author = {Feld, David A. and Eisenberg, Joe and Lewis, Edwin R.},
  booktitle = {Advances in Neural Information Processing Systems 1 (NIPS)},
  editor = {Touretzky, D.},
  month = {November},
  note = {\url{https://proceedings.neurips.cc/paper_files/paper/1988/file/0a09c8844ba8f0936c20bd791130d6b6-Paper.pdf}},
  openalex = {W2109204217},
  publisher = {Morgan-Kaufmann},
  series = {Conference Track Proceedings},
  title = {A Passive Shared Element Analog Electrical Cochlea},
  volume = {1},
  year = {1988}
}

@inproceedings{fozzard1988connectionist,
  address = {Denver, Colorado, USA},
  author = {Fozzard, Richard and Bradshaw, Gary and Ceci, Louis G},
  booktitle = {Advances in Neural Information Processing Systems 1 (NIPS)},
  editor = {Touretzky, D.},
  month = {November},
  note = {\url{https://proceedings.neurips.cc/paper_files/paper/1988/file/7f1de29e6da19d22b51c68001e7e0e54-Paper.pdf}},
  openalex = {W2166574517},
  publisher = {Morgan-Kaufmann},
  series = {Conference Track Proceedings},
  title = {A Connectionist Expert System that Actually Works},
  volume = {1},
  year = {1988}
}

@inproceedings{gluck1988constraints,
  address = {Denver, Colorado, USA},
  author = {Gluck, Mark A. and Pavel, Misha and Henkle, Van},
  booktitle = {Advances in Neural Information Processing Systems 1 (NIPS)},
  editor = {D. Touretzky},
  month = {November},
  note = {\url{https://proceedings.neurips.cc/paper_files/paper/1988/file/f0935e4cd5920aa6c7c996a5ee53a70f-Paper.pdf}},
  openalex = {W2143945143},
  publisher = {Morgan-Kaufmann},
  series = {Conference Track Proceedings},
  title = {Constraints on Adaptive Networks for Modeling Human Generalization},
  volume = {1},
  year = {1988}
}

@inproceedings{goldberg1988using,
  address = {Denver, Colorado, USA},
  author = {Goldberg, Ken and Pearlmutter, Barak A.},
  booktitle = {Advances in Neural Information Processing Systems 1 (NIPS)},
  editor = {D. Touretzky},
  month = {November},
  note = {\url{https://proceedings.neurips.cc/paper_files/paper/1988/file/f7e6c85504ce6e82442c770f7c8606f0-Paper.pdf}},
  openalex = {W2151432038},
  publisher = {Morgan-Kaufmann},
  series = {Conference Track Proceedings},
  title = {Using Backpropagation with Temporal Windows to Learn the Dynamics of the CMU Direct-Drive Arm II},
  volume = {1},
  year = {1988}
}

@inproceedings{goodman1988information,
  address = {Denver, Colorado, USA},
  author = {Goodman, Rodney and Miller, John and Smyth, Padhraic},
  booktitle = {Advances in Neural Information Processing Systems 1 (NIPS)},
  editor = {Touretzky, D.},
  month = {November},
  note = {\url{https://proceedings.neurips.cc/paper_files/paper/1988/file/7ef605fc8dba5425d6965fbd4c8fbe1f-Paper.pdf}},
  publisher = {Morgan-Kaufmann},
  series = {Conference Track Proceedings},
  title = {An Information Theoretic Approach to Rule-Based Connectionist Expert Systems},
  volume = {1},
  year = {1988}
}

@inproceedings{grossman1988learning,
  address = {Denver, Colorado, USA},
  author = {Grossman, Tal and Meir, Ronny and Domany, Eytan},
  booktitle = {Advances in Neural Information Processing Systems 1 (NIPS)},
  editor = {Touretzky, D.},
  month = {November},
  note = {\url{https://proceedings.neurips.cc/paper_files/paper/1988/file/5ef059938ba799aaa845e1c2e8a762bd-Paper.pdf}},
  openalex = {W2476694670},
  publisher = {Morgan-Kaufmann},
  series = {Conference Track Proceedings},
  title = {Learning by choice of internal representations},
  volume = {1},
  year = {1988}
}

@inproceedings{grzywacz1988computationally,
  address = {Denver, Colorado, USA},
  author = {Grzywacz, Norberto M. and Amthor, Franklin R.},
  booktitle = {Advances in Neural Information Processing Systems 1 (NIPS)},
  editor = {D. Touretzky},
  month = {November},
  note = {\url{https://proceedings.neurips.cc/paper_files/paper/1988/file/98dce83da57b0395e163467c9dae521b-Paper.pdf}},
  openalex = {W2143409073},
  publisher = {Morgan-Kaufmann},
  series = {Conference Track Proceedings},
  title = {A Computationally Robust Anatomical Model for Retinal Directional Selectivity},
  volume = {1},
  year = {1988}
}

@inproceedings{hamilton1988programmable,
  address = {Denver, Colorado, USA},
  author = {Hamilton, Alister and Murray, Alan F. and Tarassenko, Lionel},
  booktitle = {Advances in Neural Information Processing Systems 1 (NIPS)},
  editor = {Touretzky, D.},
  month = {November},
  note = {\url{https://proceedings.neurips.cc/paper_files/paper/1988/file/31fefc0e570cb3860f2a6d4b38c6490d-Paper.pdf}},
  openalex = {W2143310639},
  publisher = {Morgan-Kaufmann},
  series = {Conference Track Proceedings},
  title = {Programmable Analog Pulse-Firing Neural Networks},
  volume = {1},
  year = {1988}
}

@inproceedings{hanson1988comparing,
  address = {Denver, Colorado, USA},
  author = {Hanson, Stephen and Pratt, Lorien},
  booktitle = {Advances in Neural Information Processing Systems 1 (NIPS)},
  editor = {Touretzky, D.},
  month = {November},
  note = {\url{https://proceedings.neurips.cc/paper_files/paper/1988/file/1c9ac0159c94d8d0cbedc973445af2da-Paper.pdf}},
  publisher = {Morgan-Kaufmann},
  series = {Conference Track Proceedings},
  title = {Comparing Biases for Minimal Network Construction with Back-Propagation},
  volume = {1},
  year = {1988}
}

@inproceedings{harris1988analog,
  address = {Denver, Colorado, USA},
  author = {Harris, John G.},
  booktitle = {Advances in Neural Information Processing Systems 1 (NIPS)},
  editor = {Touretzky, D.},
  month = {November},
  note = {\url{https://proceedings.neurips.cc/paper_files/paper/1988/file/3636638817772e42b59d74cff571fbb3-Paper.pdf}},
  openalex = {W2143899083},
  publisher = {Morgan-Kaufmann},
  series = {Conference Track Proceedings},
  title = {An Analog VLSI Chip for Thin-Plate Surface Interpolation},
  volume = {1},
  year = {1988}
}

@inproceedings{hartstein1988self,
  address = {Denver, Colorado, USA},
  author = {Hartstein, Allan and Koch, R.},
  booktitle = {Advances in Neural Information Processing Systems 1 (NIPS)},
  editor = {D. Touretzky},
  month = {November},
  note = {\url{https://proceedings.neurips.cc/paper_files/paper/1988/file/a2557a7b2e94197ff767970b67041697-Paper.pdf}},
  publisher = {Morgan-Kaufmann},
  series = {Conference Track Proceedings},
  title = {A Self-Learning Neural Network},
  volume = {1},
  year = {1988}
}

@inproceedings{hendler1988spreading,
  address = {Denver, Colorado, USA},
  author = {Hendler, James},
  booktitle = {Advances in Neural Information Processing Systems 1 (NIPS)},
  editor = {D. Touretzky},
  month = {November},
  note = {\url{https://proceedings.neurips.cc/paper_files/paper/1988/file/ed3d2c21991e3bef5e069713af9fa6ca-Paper.pdf}},
  openalex = {W2133742994},
  publisher = {Morgan-Kaufmann},
  series = {Conference Track Proceedings},
  title = {Spreading Activation over Distributed Microfeatures},
  volume = {1},
  year = {1988}
}

@inproceedings{hurlbert1988network,
  address = {Denver, Colorado, USA},
  author = {Hurlbert, Anya and Poggio, Tomaso},
  booktitle = {Advances in Neural Information Processing Systems 1 (NIPS)},
  editor = {Touretzky, D.},
  month = {November},
  note = {\url{https://proceedings.neurips.cc/paper_files/paper/1988/file/8d5e957f297893487bd98fa830fa6413-Paper.pdf}},
  openalex = {W2141244323},
  publisher = {Morgan-Kaufmann},
  series = {Conference Track Proceedings},
  title = {A Network for Image Segmentation Using Color},
  volume = {1},
  year = {1988}
}

@inproceedings{kam1988convergence,
  address = {Denver, Colorado, USA},
  author = {Kam, Moshe and Cheng, R.S.},
  booktitle = {Advances in Neural Information Processing Systems 1 (NIPS)},
  editor = {D. Touretzky},
  month = {November},
  note = {\url{https://proceedings.neurips.cc/paper_files/paper/1988/file/c45147dee729311ef5b5c3003946c48f-Paper.pdf}},
  openalex = {W2135002618},
  publisher = {Morgan-Kaufmann},
  series = {Conference Track Proceedings},
  title = {Convergence and Pattern-Stabilization in the Boltzmann Machine},
  volume = {1},
  year = {1988}
}

@inproceedings{kirillov1988model,
  address = {Denver, Colorado, USA},
  author = {Kirillov, A. B. and Borisyuk, Galina and Borisyuk, Roman and Kovalenko, Ye. I. and Makarenko, V. I. and Chulaevsky, Victor and Kryukov, V. I.},
  booktitle = {Advances in Neural Information Processing Systems 1 (NIPS)},
  editor = {D. Touretzky},
  month = {November},
  note = {\url{https://proceedings.neurips.cc/paper_files/paper/1988/file/da4fb5c6e93e74d3df8527599fa62642-Paper.pdf}},
  openalex = {W2127195160},
  publisher = {Morgan-Kaufmann},
  series = {Conference Track Proceedings},
  title = {A Model of Neural Oscillator for a Unified Submodule},
  volume = {1},
  year = {1988}
}

@inproceedings{komura1988speech,
  address = {Denver, Colorado, USA},
  author = {Komura, Mitsuo and Tanaka, Akio},
  booktitle = {Advances in Neural Information Processing Systems 1 (NIPS)},
  editor = {Touretzky, D.},
  month = {November},
  note = {\url{https://proceedings.neurips.cc/paper_files/paper/1988/file/0f28b5d49b3020afeecd95b4009adf4c-Paper.pdf}},
  openalex = {W2118445167},
  publisher = {Morgan-Kaufmann},
  series = {Conference Track Proceedings},
  title = {Speech Production Using A Neural Network with a Cooperative Learning Mechanism},
  volume = {1},
  year = {1988}
}

@inproceedings{konishi1988song,
  address = {Denver, Colorado, USA},
  author = {Konishi, M.},
  booktitle = {Advances in Neural Information Processing Systems 1 (NIPS)},
  editor = {Touretzky, D.},
  month = {November},
  note = {\url{https://proceedings.neurips.cc/paper_files/paper/1988/file/149e9677a5989fd342ae44213df68868-Paper.pdf}},
  publisher = {Morgan-Kaufmann},
  series = {Conference Track Proceedings},
  title = {Song Learning in Birds},
  volume = {1},
  year = {1988}
}

@inproceedings{kramer1988efficient,
  address = {Denver, Colorado, USA},
  author = {Kramer, Alan and Sangiovanni‐Vincentelli, Alberto},
  booktitle = {Advances in Neural Information Processing Systems 1 (NIPS)},
  editor = {Touretzky, D.},
  month = {November},
  note = {\url{https://proceedings.neurips.cc/paper_files/paper/1988/file/02522a2b2726fb0a03bb19f2d8d9524d-Paper.pdf}},
  openalex = {W2112957975},
  publisher = {Morgan-Kaufmann},
  series = {Conference Track Proceedings},
  title = {Efficient Parallel Learning Algorithms for Neural Networks},
  volume = {1},
  year = {1988}
}

@inproceedings{lange1988dynamic,
  address = {Denver, Colorado, USA},
  author = {Lange, Trent E. and Dyer, Michael G.},
  booktitle = {Advances in Neural Information Processing Systems 1 (NIPS)},
  editor = {D. Touretzky},
  month = {November},
  note = {\url{https://proceedings.neurips.cc/paper_files/paper/1988/file/fa7cdfad1a5aaf8370ebeda47a1ff1c3-Paper.pdf}},
  openalex = {W2141955856},
  publisher = {Morgan-Kaufmann},
  series = {Conference Track Proceedings},
  title = {Dynamic, Non-Local Role Bindings and Inferencing in a Localist Network for Natural Language Understanding},
  volume = {1},
  year = {1988}
}

@inproceedings{lazzaro1988winner,
  address = {Denver, Colorado, USA},
  author = {Lazzaro, J. and Ryckebusch, Sylvie and Mahowald, Misha and Mead, C.A.},
  booktitle = {Advances in Neural Information Processing Systems 1 (NIPS)},
  editor = {D. Touretzky},
  month = {November},
  note = {\url{https://proceedings.neurips.cc/paper_files/paper/1988/file/a8f15eda80c50adb0e71943adc8015cf-Paper.pdf}},
  openalex = {W2139016795},
  publisher = {Morgan-Kaufmann},
  series = {Conference Track Proceedings},
  title = {Winner-Take-All Networks of O(N) Complexity},
  volume = {1},
  year = {1988}
}

@inproceedings{le1988gemini,
  address = {Denver, Colorado, USA},
  author = {Cun, Y. Le and Galland, Conrad C. and Hinton, Geoffrey E.},
  booktitle = {Advances in Neural Information Processing Systems 1 (NIPS)},
  editor = {D. Touretzky},
  month = {November},
  note = {\url{https://proceedings.neurips.cc/paper_files/paper/1988/file/a0a080f42e6f13b3a2df133f073095dd-Paper.pdf}},
  openalex = {W2115386659},
  publisher = {Morgan-Kaufmann},
  series = {Conference Track Proceedings},
  title = {GEMINI: Gradient Estimation Through Matrix Inversion After Noise Injection},
  volume = {1},
  year = {1988}
}

@inproceedings{leinbach1988automatic,
  address = {Denver, Colorado, USA},
  author = {Leinbach, Jared},
  booktitle = {Advances in Neural Information Processing Systems 1 (NIPS)},
  editor = {Touretzky, D.},
  month = {November},
  note = {\url{https://proceedings.neurips.cc/paper_files/paper/1988/file/42a0e188f5033bc65bf8d78622277c4e-Paper.pdf}},
  openalex = {W2137517408},
  publisher = {Morgan-Kaufmann},
  series = {Conference Track Proceedings},
  title = {Automatic Local Annealing},
  volume = {1},
  year = {1988}
}

@inproceedings{leung1988applications,
  address = {Denver, Colorado, USA},
  author = {Leung, Hong and Zue, Victor W.},
  booktitle = {Advances in Neural Information Processing Systems 1 (NIPS)},
  editor = {Touretzky, D.},
  month = {November},
  note = {\url{https://proceedings.neurips.cc/paper_files/paper/1988/file/2723d092b63885e0d7c260cc007e8b9d-Paper.pdf}},
  openalex = {W2153066151},
  publisher = {Morgan-Kaufmann},
  series = {Conference Track Proceedings},
  title = {Applications of Error Back-Propagation to Phonetic Classification},
  volume = {1},
  year = {1988}
}

@inproceedings{li1988modeling,
  address = {Denver, Colorado, USA},
  author = {Zhaoping, Li and Hopfield, J. J.},
  booktitle = {Advances in Neural Information Processing Systems 1 (NIPS)},
  editor = {Touretzky, D.},
  month = {November},
  note = {\url{https://proceedings.neurips.cc/paper_files/paper/1988/file/013d407166ec4fa56eb1e1f8cbe183b9-Paper.pdf}},
  openalex = {W2114495760},
  publisher = {Morgan-Kaufmann},
  series = {Conference Track Proceedings},
  title = {Modeling the Olfactory Bulb - Coupled Nonlinear Oscillators},
  volume = {1},
  year = {1988}
}

@inproceedings{linsker1988application,
  address = {Denver, Colorado, USA},
  author = {Linsker, Ralph},
  booktitle = {Advances in Neural Information Processing Systems 1 (NIPS)},
  editor = {D. Touretzky},
  month = {November},
  note = {\url{https://proceedings.neurips.cc/paper_files/paper/1988/file/ec8956637a99787bd197eacd77acce5e-Paper.pdf}},
  openalex = {W2135346645},
  publisher = {Morgan-Kaufmann},
  series = {Conference Track Proceedings},
  title = {An Application of the Principle of Maximum Information Preservation to Linear Systems},
  volume = {1},
  year = {1988}
}

@inproceedings{lippmann1988adaptive,
  address = {Denver, Colorado, USA},
  author = {Lippmann, Richard P. and Beckman, Paul},
  booktitle = {Advances in Neural Information Processing Systems 1 (NIPS)},
  editor = {Touretzky, D.},
  month = {November},
  note = {\url{https://proceedings.neurips.cc/paper_files/paper/1988/file/47d1e990583c9c67424d369f3414728e-Paper.pdf}},
  openalex = {W2167733724},
  publisher = {Morgan-Kaufmann},
  series = {Conference Track Proceedings},
  title = {Adaptive Neural Net Preprocessing for Signal Detection in Non-Gaussian Noise},
  volume = {1},
  year = {1988}
}

@inproceedings{majani1988on,
  address = {Denver, Colorado, USA},
  author = {Majani, Eric and Erlanson, Ruth and Abu‐Mostafa, Yaser S.},
  booktitle = {Advances in Neural Information Processing Systems 1 (NIPS)},
  editor = {Touretzky, D.},
  month = {November},
  note = {\url{https://proceedings.neurips.cc/paper_files/paper/1988/file/6c4b761a28b734fe93831e3fb400ce87-Paper.pdf}},
  openalex = {W2099896495},
  publisher = {Morgan-Kaufmann},
  series = {Conference Track Proceedings},
  title = {On the K-Winners-Take-All Network},
  volume = {1},
  year = {1988}
}

@inproceedings{mann1988analog,
  address = {Denver, Colorado, USA},
  author = {Mann, James R. and Gilbert, Sheldon},
  booktitle = {Advances in Neural Information Processing Systems 1 (NIPS)},
  editor = {Touretzky, D.},
  month = {November},
  note = {\url{https://proceedings.neurips.cc/paper_files/paper/1988/file/2a79ea27c279e471f4d180b08d62b00a-Paper.pdf}},
  openalex = {W2111352882},
  publisher = {Morgan-Kaufmann},
  series = {Conference Track Proceedings},
  title = {An Analog Self-Organizing Neural Network Chip},
  volume = {1},
  year = {1988}
}

@inproceedings{marcus1988dynamics,
  address = {Denver, Colorado, USA},
  author = {Marcus, Charles and Westervelt, R.},
  booktitle = {Advances in Neural Information Processing Systems 1 (NIPS)},
  editor = {Touretzky, D.},
  month = {November},
  note = {\url{https://proceedings.neurips.cc/paper_files/paper/1988/file/698d51a19d8a121ce581499d7b701668-Paper.pdf}},
  publisher = {Morgan-Kaufmann},
  series = {Conference Track Proceedings},
  title = {Dynamics of Analog Neural Networks with Time Delay},
  volume = {1},
  year = {1988}
}

@inproceedings{meador1988low,
  address = {Denver, Colorado, USA},
  author = {Meador, Jack L. and Cole, Clint},
  booktitle = {Advances in Neural Information Processing Systems 1 (NIPS)},
  editor = {Touretzky, D.},
  month = {November},
  note = {\url{https://proceedings.neurips.cc/paper_files/paper/1988/file/1ff8a7b5dc7a7d1f0ed65aaa29c04b1e-Paper.pdf}},
  openalex = {W2109212534},
  publisher = {Morgan-Kaufmann},
  series = {Conference Track Proceedings},
  title = {A Low-Power CMOS Circuit Which Emulates Temporal Electrical Properties of Neurons},
  volume = {1},
  year = {1988}
}

@inproceedings{mel1988further,
  address = {Denver, Colorado, USA},
  author = {Mel, Bartlett W.},
  booktitle = {Advances in Neural Information Processing Systems 1 (NIPS)},
  editor = {D. Touretzky},
  month = {November},
  note = {\url{https://proceedings.neurips.cc/paper_files/paper/1988/file/cedebb6e872f539bef8c3f919874e9d7-Paper.pdf}},
  openalex = {W2170641298},
  publisher = {Morgan-Kaufmann},
  series = {Conference Track Proceedings},
  title = {Further Explorations in Visually-Guided Reaching: Making MURPHY Smarter},
  volume = {1},
  year = {1988}
}

@inproceedings{miller1988cricket,
  address = {Denver, Colorado, USA},
  author = {Miller, John},
  booktitle = {Advances in Neural Information Processing Systems 1 (NIPS)},
  editor = {Touretzky, D.},
  month = {November},
  note = {\url{https://proceedings.neurips.cc/paper_files/paper/1988/file/7f6ffaa6bb0b408017b62254211691b5-Paper.pdf}},
  publisher = {Morgan-Kaufmann},
  series = {Conference Track Proceedings},
  title = {Cricket Wind Detection},
  volume = {1},
  year = {1988}
}

@inproceedings{miller1988models,
  address = {Denver, Colorado, USA},
  author = {Miller, Kenneth D. and Keller, Joseph B. and Stryker, Michael P.},
  booktitle = {Advances in Neural Information Processing Systems 1 (NIPS)},
  editor = {D. Touretzky},
  month = {November},
  note = {\url{https://proceedings.neurips.cc/paper_files/paper/1988/file/c8ffe9a587b126f152ed3d89a146b445-Paper.pdf}},
  openalex = {W2146989116},
  publisher = {Morgan-Kaufmann},
  series = {Conference Track Proceedings},
  title = {Models of Ocular Dominance Column Formation: Analytical and Computational Results},
  volume = {1},
  year = {1988}
}

@inproceedings{mjolsness1988neural,
  address = {Denver, Colorado, USA},
  author = {Mjolsness, Eric and Gindi, Gene and Anandan, P.},
  booktitle = {Advances in Neural Information Processing Systems 1 (NIPS)},
  editor = {D. Touretzky},
  month = {November},
  note = {\url{https://proceedings.neurips.cc/paper_files/paper/1988/file/a3c65c2974270fd093ee8a9bf8ae7d0b-Paper.pdf}},
  openalex = {W2104906822},
  publisher = {Morgan-Kaufmann},
  series = {Conference Track Proceedings},
  title = {Neural Networks for Model Matching and Perceptual Organization},
  volume = {1},
  year = {1988}
}

@inproceedings{moody1988fast,
  address = {Denver, Colorado, USA},
  author = {Moody, John},
  booktitle = {Advances in Neural Information Processing Systems 1 (NIPS)},
  editor = {Touretzky, D.},
  month = {November},
  note = {\url{https://proceedings.neurips.cc/paper_files/paper/1988/file/82161242827b703e6acf9c726942a1e4-Paper.pdf}},
  openalex = {W2127385318},
  publisher = {Morgan-Kaufmann},
  series = {Conference Track Proceedings},
  title = {Fast Learning in Multi-Resolution Hierarchies},
  volume = {1},
  year = {1988}
}

@inproceedings{mori1988neural,
  address = {Denver, Colorado, USA},
  author = {Mori, Yoshihiro and Yokosawa, Kazuhiko},
  booktitle = {Advances in Neural Information Processing Systems 1 (NIPS)},
  editor = {Touretzky, D.},
  month = {November},
  note = {\url{https://proceedings.neurips.cc/paper_files/paper/1988/file/06409663226af2f3114485aa4e0a23b4-Paper.pdf}},
  openalex = {W2156867668},
  publisher = {Morgan-Kaufmann},
  series = {Conference Track Proceedings},
  title = {Neural Networks that Learn to Discriminate Similar Kanji Characters},
  volume = {1},
  year = {1988}
}

@inproceedings{mozer1988skeletonization,
  address = {Denver, Colorado, USA},
  author = {Mozer, Michael C. and Smolensky, Paul},
  booktitle = {Advances in Neural Information Processing Systems 1 (NIPS)},
  editor = {Touretzky, D.},
  month = {November},
  note = {\url{https://proceedings.neurips.cc/paper_files/paper/1988/file/07e1cd7dca89a1678042477183b7ac3f-Paper.pdf}},
  openalex = {W2134273960},
  publisher = {Morgan-Kaufmann},
  series = {Conference Track Proceedings},
  title = {Skeletonization: A Technique for Trimming the Fat from a Network via Relevance Assessment},
  volume = {1},
  year = {1988}
}

@inproceedings{mueller1988programmable,
  address = {Denver, Colorado, USA},
  author = {Müeller, Paul and Spiegel, Jan Van der and Blackman, David and Chiu, Timothy and Clare, Thomas and Dao, Joseph and Donham, C. and Hsieh, Tzu-pu and Loinaz, M.J.},
  booktitle = {Advances in Neural Information Processing Systems 1 (NIPS)},
  editor = {Touretzky, D.},
  month = {November},
  note = {\url{https://proceedings.neurips.cc/paper_files/paper/1988/file/7e7757b1e12abcb736ab9a754ffb617a-Paper.pdf}},
  openalex = {W2114248009},
  publisher = {Morgan-Kaufmann},
  series = {Conference Track Proceedings},
  title = {A Programmable Analog Neural Computer and Simulator},
  volume = {1},
  year = {1988}
}

@inproceedings{nabet1988analog,
  address = {Denver, Colorado, USA},
  author = {Nabet, Bahram and Darling, Robert B. and Pintér, Róbert},
  booktitle = {Advances in Neural Information Processing Systems 1 (NIPS)},
  editor = {D. Touretzky},
  month = {November},
  note = {\url{https://proceedings.neurips.cc/paper_files/paper/1988/file/ac627ab1ccbdb62ec96e702f07f6425b-Paper.pdf}},
  openalex = {W2116361423},
  publisher = {Morgan-Kaufmann},
  series = {Conference Track Proceedings},
  title = {Analog Implementation of Shunting Neural Networks},
  volume = {1},
  year = {1988}
}

@inproceedings{naillon1988neural,
  address = {Denver, Colorado, USA},
  author = {Naillon, Martine and Theeten, Jean-Bernard},
  booktitle = {Advances in Neural Information Processing Systems 1 (NIPS)},
  editor = {D. Touretzky},
  month = {November},
  note = {\url{https://proceedings.neurips.cc/paper_files/paper/1988/file/bd4c9ab730f5513206b999ec0d90d1fb-Paper.pdf}},
  publisher = {Morgan-Kaufmann},
  series = {Conference Track Proceedings},
  title = {Neural Approach for TV Image Compression Using a Hopfield Type Network},
  volume = {1},
  year = {1988}
}

@inproceedings{paris1988neural,
  address = {Denver, Colorado, USA},
  author = {Paris, Bernd-Peter and Orsak, Geoffrey and Varanasi, Mahesh and Aazhang, Behnaam},
  booktitle = {Advances in Neural Information Processing Systems 1 (NIPS)},
  editor = {D. Touretzky},
  month = {November},
  note = {\url{https://proceedings.neurips.cc/paper_files/paper/1988/file/9872ed9fc22fc182d371c3e9ed316094-Paper.pdf}},
  publisher = {Morgan-Kaufmann},
  series = {Conference Track Proceedings},
  title = {Neural Net Receivers in Multiple Access-Communications},
  volume = {1},
  year = {1988}
}

@inproceedings{parker1988learning,
  address = {Denver, Colorado, USA},
  author = {Parker, David and Gluck, Mark A. and Reifsnider, Eric S.},
  booktitle = {Advances in Neural Information Processing Systems 1 (NIPS)},
  editor = {D. Touretzky},
  month = {November},
  note = {\url{https://proceedings.neurips.cc/paper_files/paper/1988/file/f4b9ec30ad9f68f89b29639786cb62ef-Paper.pdf}},
  openalex = {W2171022867},
  publisher = {Morgan-Kaufmann},
  series = {Conference Track Proceedings},
  title = {Learning with Temporal Derivatives in Pulse-Coded Neuronal Systems},
  volume = {1},
  year = {1988}
}

@inproceedings{paulin1988neural,
  address = {Denver, Colorado, USA},
  author = {Paulin, Michael G. and Nelson, Mark and Bower, James M.},
  booktitle = {Advances in Neural Information Processing Systems 1 (NIPS)},
  editor = {Touretzky, D.},
  month = {November},
  note = {\url{https://proceedings.neurips.cc/paper_files/paper/1988/file/006f52e9102a8d3be2fe5614f42ba989-Paper.pdf}},
  openalex = {W2126497304},
  publisher = {Morgan-Kaufmann},
  series = {Conference Track Proceedings},
  title = {Neural Control of Sensory Acquisition: The Vestibulo-Ocular Reflex},
  volume = {1},
  year = {1988}
}

@inproceedings{pollack1988implications,
  address = {Denver, Colorado, USA},
  author = {Pollack, Jordan},
  booktitle = {Advances in Neural Information Processing Systems 1 (NIPS)},
  editor = {Touretzky, D.},
  month = {November},
  note = {\url{https://proceedings.neurips.cc/paper_files/paper/1988/file/5fd0b37cd7dbbb00f97ba6ce92bf5add-Paper.pdf}},
  openalex = {W2101618401},
  publisher = {Morgan-Kaufmann},
  series = {Conference Track Proceedings},
  title = {Implications of Recursive Distributed Representations},
  volume = {1},
  year = {1988}
}

@inproceedings{pomerleau1988alvinn,
  address = {Denver, Colorado, USA},
  author = {Pomerleau, Dean},
  booktitle = {Advances in Neural Information Processing Systems 1 (NIPS)},
  editor = {Touretzky, D.},
  month = {November},
  note = {\url{https://proceedings.neurips.cc/paper_files/paper/1988/file/812b4ba287f5ee0bc9d43bbf5bbe87fb-Paper.pdf}},
  openalex = {W2167224731},
  publisher = {Morgan-Kaufmann},
  series = {Conference Track Proceedings},
  title = {ALVINN: An Autonomous Land Vehicle in a Neural Network},
  volume = {1},
  year = {1988}
}

@inproceedings{rasnow1988simulation,
  address = {Denver, Colorado, USA},
  author = {Rasnow, Brian and Assad, Christopher and Nelson, Mark and Bower, James M.},
  booktitle = {Advances in Neural Information Processing Systems 1 (NIPS)},
  editor = {Touretzky, D.},
  month = {November},
  note = {\url{https://proceedings.neurips.cc/paper_files/paper/1988/file/37a749d808e46495a8da1e5352d03cae-Paper.pdf}},
  openalex = {W2104589364},
  publisher = {Morgan-Kaufmann},
  series = {Conference Track Proceedings},
  title = {Simulation and Measurement of the Electric Fields Generated by Weakly Electric Fish},
  volume = {1},
  year = {1988}
}

@inproceedings{rogers1988statistical,
  address = {Denver, Colorado, USA},
  author = {Rogers, David},
  booktitle = {Advances in Neural Information Processing Systems 1 (NIPS)},
  editor = {D. Touretzky},
  month = {November},
  note = {\url{https://proceedings.neurips.cc/paper_files/paper/1988/file/9b8619251a19057cff70779273e95aa6-Paper.pdf}},
  openalex = {W2101082242},
  publisher = {Morgan-Kaufmann},
  series = {Conference Track Proceedings},
  title = {Statistical Prediction with Kanerva's Sparse Distributed Memory},
  volume = {1},
  year = {1988}
}

@inproceedings{ryckebusch1988modeling,
  address = {Denver, Colorado, USA},
  author = {Ryckebusch, Sylvie and Bower, James and Mead, Carver},
  booktitle = {Advances in Neural Information Processing Systems 1 (NIPS)},
  editor = {Touretzky, D.},
  month = {November},
  note = {\url{https://proceedings.neurips.cc/paper_files/paper/1988/file/1afa34a7f984eeabdbb0a7d494132ee5-Paper.pdf}},
  publisher = {Morgan-Kaufmann},
  series = {Conference Track Proceedings},
  title = {Modeling Small Oscillating Biological Networks in Analog VLSI},
  volume = {1},
  year = {1988}
}

@inproceedings{sanger1988optimality,
  address = {Denver, Colorado, USA},
  author = {Sanger, Terence D.},
  booktitle = {Advances in Neural Information Processing Systems 1 (NIPS)},
  editor = {D. Touretzky},
  month = {November},
  note = {\url{https://proceedings.neurips.cc/paper_files/paper/1988/file/e00da03b685a0dd18fb6a08af0923de0-Paper.pdf}},
  openalex = {W2114187834},
  publisher = {Morgan-Kaufmann},
  series = {Conference Track Proceedings},
  title = {An Optimality Principle for Unsupervised Learning},
  volume = {1},
  year = {1988}
}

@inproceedings{santos1988massively,
  address = {Denver, Colorado, USA},
  author = {Santos, Eugene},
  booktitle = {Advances in Neural Information Processing Systems 1 (NIPS)},
  editor = {D. Touretzky},
  month = {November},
  note = {\url{https://proceedings.neurips.cc/paper_files/paper/1988/file/9766527f2b5d3e95d4a733fcfb77bd7e-Paper.pdf}},
  openalex = {W2168696917},
  publisher = {Morgan-Kaufmann},
  series = {Conference Track Proceedings},
  title = {A Massively Parallel Self-Tuning Context-Free Parser},
  volume = {1},
  year = {1988}
}

@inproceedings{schwartz1988adaptive,
  address = {Denver, Colorado, USA},
  author = {Schwartz, Daniel and Howard, Richard and Hubbard, Wayne E.},
  booktitle = {Advances in Neural Information Processing Systems 1 (NIPS)},
  editor = {Touretzky, D.},
  month = {November},
  note = {\url{https://proceedings.neurips.cc/paper_files/paper/1988/file/5f93f983524def3dca464469d2cf9f3e-Paper.pdf}},
  openalex = {W2108498433},
  publisher = {Morgan-Kaufmann},
  series = {Conference Track Proceedings},
  title = {Adaptive Neural Networks Using MOS Charge Storage},
  volume = {1},
  year = {1988}
}

@inproceedings{sereno1988learning,
  address = {Denver, Colorado, USA},
  author = {Sereno, Martin I.},
  booktitle = {Advances in Neural Information Processing Systems 1 (NIPS)},
  editor = {Touretzky, D.},
  month = {November},
  note = {\url{https://proceedings.neurips.cc/paper_files/paper/1988/file/4c56ff4ce4aaf9573aa5dff913df997a-Paper.pdf}},
  openalex = {W2129436656},
  publisher = {Morgan-Kaufmann},
  series = {Conference Track Proceedings},
  title = {Learning the Solution to the Aperture Problem for Pattern Motion with a Hebb Rule},
  volume = {1},
  year = {1988}
}

@inproceedings{servanschreiber1988learning,
  address = {Denver, Colorado, USA},
  author = {Servan‐Schreiber, David and Cleeremans, Axel and McClelland, James L.},
  booktitle = {Advances in Neural Information Processing Systems 1 (NIPS)},
  editor = {D. Touretzky},
  month = {November},
  note = {\url{https://proceedings.neurips.cc/paper_files/paper/1988/file/9dcb88e0137649590b755372b040afad-Paper.pdf}},
  openalex = {W2119796132},
  publisher = {Morgan-Kaufmann},
  series = {Conference Track Proceedings},
  title = {Learning Sequential Structure in Simple Recurrent Networks},
  volume = {1},
  year = {1988}
}

@inproceedings{simard1988fixed,
  address = {Denver, Colorado, USA},
  author = {Simard, Patrice Y. and Ottaway, Mary and Ballard, Dana H.},
  booktitle = {Advances in Neural Information Processing Systems 1 (NIPS)},
  editor = {D. Touretzky},
  month = {November},
  note = {\url{https://proceedings.neurips.cc/paper_files/paper/1988/file/fc221309746013ac554571fbd180e1c8-Paper.pdf}},
  openalex = {W2132868735},
  publisher = {Morgan-Kaufmann},
  series = {Conference Track Proceedings},
  title = {Fixed Point Analysis for Recurrent Networks},
  volume = {1},
  year = {1988}
}

@inproceedings{singhal1988training,
  address = {Denver, Colorado, USA},
  author = {Singhal, Sharad and Wu, Lance},
  booktitle = {Advances in Neural Information Processing Systems 1 (NIPS)},
  editor = {Touretzky, D.},
  month = {November},
  note = {\url{https://proceedings.neurips.cc/paper_files/paper/1988/file/38b3eff8baf56627478ec76a704e9b52-Paper.pdf}},
  openalex = {W2112462566},
  publisher = {Morgan-Kaufmann},
  series = {Conference Track Proceedings},
  title = {Training Multilayer Perceptrons with the Extended Kalman Algorithm},
  volume = {1},
  year = {1988}
}

@inproceedings{smythe1988temporal,
  address = {Denver, Colorado, USA},
  author = {Smythe, Erich J.},
  booktitle = {Advances in Neural Information Processing Systems 1 (NIPS)},
  editor = {D. Touretzky},
  month = {November},
  note = {\url{https://proceedings.neurips.cc/paper_files/paper/1988/file/903ce9225fca3e988c2af215d4e544d3-Paper.pdf}},
  openalex = {W2126295316},
  publisher = {Morgan-Kaufmann},
  series = {Conference Track Proceedings},
  title = {Temporal Representations in a Connectionist Speech System},
  volume = {1},
  year = {1988}
}

@inproceedings{spence1988neuronal,
  address = {Denver, Colorado, USA},
  author = {Spence, Clay D. and Pearson, John C. and Gelfand, Jack and Peterson, Richard M. and Sullivan, W. E.},
  booktitle = {Advances in Neural Information Processing Systems 1 (NIPS)},
  editor = {D. Touretzky},
  month = {November},
  note = {\url{https://proceedings.neurips.cc/paper_files/paper/1988/file/a4a042cf4fd6bfb47701cbc8a1653ada-Paper.pdf}},
  openalex = {W2172135639},
  publisher = {Morgan-Kaufmann},
  series = {Conference Track Proceedings},
  title = {Neuronal Maps for Sensory-Motor Control in the Barn Owl},
  volume = {1},
  year = {1988}
}

@inproceedings{stanton1988storing,
  address = {Denver, Colorado, USA},
  author = {Stanton, Patric K. and Sejnowski, Terrence J.},
  booktitle = {Advances in Neural Information Processing Systems 1 (NIPS)},
  editor = {D. Touretzky},
  month = {November},
  note = {\url{https://proceedings.neurips.cc/paper_files/paper/1988/file/f899139df5e1059396431415e770c6dd-Paper.pdf}},
  openalex = {W2100975869},
  publisher = {Morgan-Kaufmann},
  series = {Conference Track Proceedings},
  title = {Storing Covariance by the Associative Long-Term Potentiation and Depression of Synaptic Strengths in the Hippocampus},
  volume = {1},
  year = {1988}
}

@inproceedings{tanaka1988theory,
  address = {Denver, Colorado, USA},
  author = {Tanaka, Shigeru},
  booktitle = {Advances in Neural Information Processing Systems 1 (NIPS)},
  editor = {Touretzky, D.},
  month = {November},
  note = {\url{https://proceedings.neurips.cc/paper_files/paper/1988/file/65ded5353c5ee48d0b7d48c591b8f430-Paper.pdf}},
  openalex = {W2055477723},
  publisher = {Morgan-Kaufmann},
  series = {Conference Track Proceedings},
  title = {Theory of self-organization of cortical maps: Mathematical framework},
  volume = {1},
  year = {1988}
}

@inproceedings{tawel1988does,
  address = {Denver, Colorado, USA},
  author = {Tawel, R.},
  booktitle = {Advances in Neural Information Processing Systems 1 (NIPS)},
  editor = {Touretzky, D.},
  month = {November},
  note = {\url{https://proceedings.neurips.cc/paper_files/paper/1988/file/6cdd60ea0045eb7a6ec44c54d29ed402-Paper.pdf}},
  openalex = {W2158037496},
  publisher = {Morgan-Kaufmann},
  series = {Conference Track Proceedings},
  title = {Does the Neuron "Learn" like the Synapse?},
  volume = {1},
  year = {1988}
}

@inproceedings{tenorio1988self,
  address = {Denver, Colorado, USA},
  author = {Tenorio, M.F. and Lee, Wei-Tsih},
  booktitle = {Advances in Neural Information Processing Systems 1 (NIPS)},
  editor = {D. Touretzky},
  month = {November},
  note = {\url{https://proceedings.neurips.cc/paper_files/paper/1988/file/f2217062e9a397a1dca429e7d70bc6ca-Paper.pdf}},
  openalex = {W2170038280},
  publisher = {Morgan-Kaufmann},
  series = {Conference Track Proceedings},
  title = {Self Organizing Neural Networks for the Identification Problem},
  volume = {1},
  year = {1988}
}

@inproceedings{tesauro1988connectionist,
  address = {Denver, Colorado, USA},
  author = {Tesauro, Gerald},
  booktitle = {Advances in Neural Information Processing Systems 1 (NIPS)},
  editor = {D. Touretzky},
  month = {November},
  note = {\url{https://proceedings.neurips.cc/paper_files/paper/1988/file/a8baa56554f96369ab93e4f3bb068c22-Paper.pdf}},
  openalex = {W2151368309},
  publisher = {Morgan-Kaufmann},
  series = {Conference Track Proceedings},
  title = {Connectionist Learning of Expert Preferences by Comparison Training},
  volume = {1},
  year = {1988}
}

@inproceedings{touretzky1988analyzing,
  address = {Denver, Colorado, USA},
  author = {Touretzky, David S.},
  booktitle = {Advances in Neural Information Processing Systems 1 (NIPS)},
  editor = {D. Touretzky},
  month = {November},
  note = {\url{https://proceedings.neurips.cc/paper_files/paper/1988/file/b73ce398c39f506af761d2277d853a92-Paper.pdf}},
  openalex = {W2125210227},
  publisher = {Morgan-Kaufmann},
  series = {Conference Track Proceedings},
  title = {Analyzing the Energy Landscapes of Distributed Winner-Take-All Networks},
  volume = {1},
  year = {1988}
}

@inproceedings{waibel1988consonant,
  address = {Denver, Colorado, USA},
  author = {Waibel, Alex and Sawai, Hidefumi and Shikano, Kiyohiro},
  booktitle = {Advances in Neural Information Processing Systems 1 (NIPS)},
  editor = {D. Touretzky},
  month = {November},
  note = {\url{https://proceedings.neurips.cc/paper_files/paper/1988/file/eecca5b6365d9607ee5a9d336962c534-Paper.pdf}},
  openalex = {W2167277568},
  publisher = {Morgan-Kaufmann},
  series = {Conference Track Proceedings},
  title = {Consonant Recognition by Modular Construction of Large Phonemic Time-Delay Neural Networks},
  volume = {1},
  year = {1988}
}

@inproceedings{walker1988training,
  address = {Denver, Colorado, USA},
  author = {Walker, M. and Haghighi, Siamack and Afghan, A. and Akers, Larry A.},
  booktitle = {Advances in Neural Information Processing Systems 1 (NIPS)},
  editor = {Touretzky, D.},
  month = {November},
  note = {\url{https://proceedings.neurips.cc/paper_files/paper/1988/file/8f53295a73878494e9bc8dd6c3c7104f-Paper.pdf}},
  openalex = {W2160153012},
  publisher = {Morgan-Kaufmann},
  series = {Conference Track Proceedings},
  title = {Training a Limited-Interconnect, Synthetic Neural IC},
  volume = {1},
  year = {1988}
}

@inproceedings{waxman1988neural,
  address = {Denver, Colorado, USA},
  author = {Waxman, Allen M. and Seibert, Michael and Cunningham, Robert K. and Wu, Jian},
  booktitle = {Advances in Neural Information Processing Systems 1 (NIPS)},
  editor = {D. Touretzky},
  month = {November},
  note = {\url{https://proceedings.neurips.cc/paper_files/paper/1988/file/e2ef524fbf3d9fe611d5a8e90fefdc9c-Paper.pdf}},
  openalex = {W2162235128},
  publisher = {Morgan-Kaufmann},
  series = {Conference Track Proceedings},
  title = {Neural Analog Diffusion-Enhancement Layer and Spatio-Temporal Grouping in Early Vision},
  volume = {1},
  year = {1988}
}

@inproceedings{wilkinson1988backpropagation,
  address = {Denver, Colorado, USA},
  author = {Wilkinson, Timothy S. and Mighell, Dorothy A. and Goodman, Joseph W.},
  booktitle = {Advances in Neural Information Processing Systems 1 (NIPS)},
  editor = {Touretzky, D.},
  month = {November},
  note = {\url{https://proceedings.neurips.cc/paper_files/paper/1988/file/65b9eea6e1cc6bb9f0cd2a47751a186f-Paper.pdf}},
  openalex = {W2121671444},
  publisher = {Morgan-Kaufmann},
  series = {Conference Track Proceedings},
  title = {Backpropagation and Its Application to Handwritten Signature Verification},
  volume = {1},
  year = {1988}
}

@inproceedings{wilson1988genesis,
  address = {Denver, Colorado, USA},
  author = {Wilson, Matthew and Bhalla, Upinder S. and Uhley, John D. and Bower, James M.},
  booktitle = {Advances in Neural Information Processing Systems 1 (NIPS)},
  editor = {Touretzky, D.},
  month = {November},
  note = {\url{https://proceedings.neurips.cc/paper_files/paper/1988/file/4c5bde74a8f110656874902f07378009-Paper.pdf}},
  openalex = {W2152274602},
  publisher = {Morgan-Kaufmann},
  series = {Conference Track Proceedings},
  title = {GENESIS: A System for Simulating Neural Networks},
  volume = {1},
  year = {1988}
}

@inproceedings{winter1988adaptive,
  address = {Denver, Colorado, USA},
  author = {Winter, C. L.},
  booktitle = {Advances in Neural Information Processing Systems 1 (NIPS)},
  editor = {Touretzky, D.},
  month = {November},
  note = {\url{https://proceedings.neurips.cc/paper_files/paper/1988/file/6974ce5ac660610b44d9b9fed0ff9548-Paper.pdf}},
  openalex = {W2105315226},
  publisher = {Morgan-Kaufmann},
  series = {Conference Track Proceedings},
  title = {An Adaptive Network That Learns Sequences of Transitions},
  volume = {1},
  year = {1988}
}

@inproceedings{yair1988boltzmann,
  address = {Denver, Colorado, USA},
  author = {Yair, Eyal and Gersho, A.},
  booktitle = {Advances in Neural Information Processing Systems 1 (NIPS)},
  editor = {Touretzky, D.},
  month = {November},
  note = {\url{https://proceedings.neurips.cc/paper_files/paper/1988/file/045117b0e0a11a242b9765e79cbf113f-Paper.pdf}},
  openalex = {W2116849507},
  publisher = {Morgan-Kaufmann},
  series = {Conference Track Proceedings},
  title = {The Boltzmann Perceptron Network: A Multi-Layered Feed-Forward Network Equivalent to the Boltzmann Machine},
  volume = {1},
  year = {1988}
}

@inproceedings{zhang1988model,
  address = {Denver, Colorado, USA},
  author = {Zhang, Jun and Miller, John},
  booktitle = {Advances in Neural Information Processing Systems 1 (NIPS)},
  editor = {D. Touretzky},
  month = {November},
  note = {\url{https://proceedings.neurips.cc/paper_files/paper/1988/file/8f85517967795eeef66c225f7883bdcb-Paper.pdf}},
  publisher = {Morgan-Kaufmann},
  series = {Conference Track Proceedings},
  title = {A Model for Resolution Enhancement (Hyperacuity) in Sensory Representation},
  volume = {1},
  year = {1988}
}
