@inproceedings{ackley1989generalization,
  address =      {Denver, Colorado, USA},
  author =       {Ackley, David H. and Littman, Michael L.},
  booktitle =    {Advances in Neural Information Processing Systems 2
                  (NIPS)},
  editor =       {Touretzky, D.},
  month =        {November},
  note =
                  {\url{https://proceedings.neurips.cc/paper_files/paper/1989/file/091d584fced301b442654dd8c23b3fc9-Paper.pdf}},
  openalex =     {W2116585932},
  publisher =    {Morgan-Kaufmann},
  series =       {Conference Track Proceedings},
  title =        {Generalization and Scaling in Reinforcement
                  Learning},
  volume =       2,
  year =         1989
}

@inproceedings{ahmad1989asymptotic,
  address =      {Denver, Colorado, USA},
  author =       {Ahmad, Subutai and Tesauro, Gerald and He, Yu},
  booktitle =    {Advances in Neural Information Processing Systems 2
                  (NIPS)},
  editor =       {Touretzky, D.},
  month =        {November},
  note =
                  {\url{https://proceedings.neurips.cc/paper_files/paper/1989/file/ac1dd209cbcc5e5d1c6e28598e8cbbe8-Paper.pdf}},
  openalex =     {W2154556964},
  publisher =    {Morgan-Kaufmann},
  series =       {Conference Track Proceedings},
  title =        {Asymptotic Convergence of Backpropagation: Numerical
                  Experiments},
  volume =       2,
  year =         1989
}

@inproceedings{atiya1989method,
  address =      {Denver, Colorado, USA},
  author =       {Atiya, Amir F. and Abu‚ÄêMostafa, Yaser S.},
  booktitle =    {Advances in Neural Information Processing Systems 2
                  (NIPS)},
  editor =       {Touretzky, D.},
  month =        {November},
  note =
                  {\url{https://proceedings.neurips.cc/paper_files/paper/1989/file/7eabe3a1649ffa2b3ff8c02ebfd5659f-Paper.pdf}},
  openalex =     {W2098208185},
  publisher =    {Morgan-Kaufmann},
  series =       {Conference Track Proceedings},
  title =        {A Method for the Associative Storage of Analog
                  Vectors},
  volume =       2,
  year =         1989
}

@inproceedings{atkeson1989using,
  address =      {Denver, Colorado, USA},
  author =       {Atkeson, Christopher G.},
  booktitle =    {Advances in Neural Information Processing Systems 2
                  (NIPS)},
  editor =       {Touretzky, D.},
  month =        {November},
  note =
                  {\url{https://proceedings.neurips.cc/paper_files/paper/1989/file/839ab46820b524afda05122893c2fe8e-Paper.pdf}},
  openalex =     {W2142751562},
  publisher =    {Morgan-Kaufmann},
  series =       {Conference Track Proceedings},
  title =        {Using Local Models to Control Movement},
  volume =       2,
  year =         1989
}

@inproceedings{atlas1989performance,
  address =      {Denver, Colorado, USA},
  author =       {Atlas, Les and Cole, Ronald A. and Connor, Jerome
                  T. and El-Sharkawi, M.A. and Marks, Robert J. and
                  Muthusamy, Yeshwant K. and Barnard, Etienne},
  booktitle =    {Advances in Neural Information Processing Systems 2
                  (NIPS)},
  editor =       {Touretzky, D.},
  month =        {November},
  note =
                  {\url{https://proceedings.neurips.cc/paper_files/paper/1989/file/e2c0be24560d78c5e599c2a9c9d0bbd2-Paper.pdf}},
  openalex =     {W2104873529},
  publisher =    {Morgan-Kaufmann},
  series =       {Conference Track Proceedings},
  title =        {Performance Comparisons Between Backpropagation
                  Networks and Classification Trees on Three
                  Real-World Applications},
  volume =       2,
  year =         1989
}

@inproceedings{atlas1989training,
  address =      {Denver, Colorado, USA},
  author =       {Atlas, Les and Cohn, David and Ladner, Richard E.},
  booktitle =    {Advances in Neural Information Processing Systems 2
                  (NIPS)},
  editor =       {Touretzky, D.},
  month =        {November},
  note =
                  {\url{https://proceedings.neurips.cc/paper_files/paper/1989/file/b1a59b315fc9a3002ce38bbe070ec3f5-Paper.pdf}},
  openalex =     {W2140535827},
  publisher =    {Morgan-Kaufmann},
  series =       {Conference Track Proceedings},
  title =        {Training Connectionist Networks with Queries and
                  Selective Sampling},
  volume =       2,
  year =         1989
}

@inproceedings{baird1989associative,
  address =      {Denver, Colorado, USA},
  author =       {Baird, Bill},
  booktitle =    {Advances in Neural Information Processing Systems 2
                  (NIPS)},
  editor =       {Touretzky, D.},
  month =        {November},
  note =
                  {\url{https://proceedings.neurips.cc/paper_files/paper/1989/file/3644a684f98ea8fe223c713b77189a77-Paper.pdf}},
  openalex =     {W2137385901},
  publisher =    {Morgan-Kaufmann},
  series =       {Conference Track Proceedings},
  title =        {Associative Memory in a Simple Model of Oscillating
                  Cortex},
  volume =       2,
  year =         1989
}

@inproceedings{baldi1989on,
  address =      {Denver, Colorado, USA},
  author =       {Baldi, Pierre and Rinott, Yosef and Stein, Charles},
  booktitle =    {Advances in Neural Information Processing Systems 2
                  (NIPS)},
  editor =       {Touretzky, D.},
  month =        {November},
  note =
                  {\url{https://proceedings.neurips.cc/paper_files/paper/1989/file/d947bf06a885db0d477d707121934ff8-Paper.pdf}},
  openalex =     {W2128403207},
  publisher =    {Morgan-Kaufmann},
  series =       {Conference Track Proceedings},
  title =        {On the Distribution of the Number of Local Minima of
                  a Random Function on a Graph},
  volume =       2,
  year =         1989
}

@inproceedings{barhen1989adjoint,
  address =      {Denver, Colorado, USA},
  author =       {Barhen, J. and Toomarian, Nikzad and Gulati,
                  Sandeep},
  booktitle =    {Advances in Neural Information Processing Systems 2
                  (NIPS)},
  editor =       {Touretzky, D.},
  month =        {November},
  note =
                  {\url{https://proceedings.neurips.cc/paper_files/paper/1989/file/36660e59856b4de58a219bcf4e27eba3-Paper.pdf}},
  openalex =     {W2134257360},
  publisher =    {Morgan-Kaufmann},
  series =       {Conference Track Proceedings},
  title =        {Adjoint Operator Algorithms for Faster Learning in
                  Dynamical Neural Networks},
  volume =       2,
  year =         1989
}

@inproceedings{barto1989sequential,
  address =      {Denver, Colorado, USA},
  author =       {Barto, A. G. and Sutton, R. S. and Watkins,
                  C. J. C. H.},
  booktitle =    {Advances in Neural Information Processing Systems 2
                  (NIPS)},
  editor =       {Touretzky, D.},
  month =        {November},
  note =
                  {\url{https://proceedings.neurips.cc/paper_files/paper/1989/file/a597e50502f5ff68e3e25b9114205d4a-Paper.pdf}},
  publisher =    {Morgan-Kaufmann},
  series =       {Conference Track Proceedings},
  title =        {Sequential Decision Problems and Neural Networks},
  volume =       2,
  year =         1989
}

@inproceedings{baum1989perceptron,
  address =      {Denver, Colorado, USA},
  author =       {Baum, Eric},
  booktitle =    {Advances in Neural Information Processing Systems 2
                  (NIPS)},
  editor =       {Touretzky, D.},
  month =        {November},
  note =
                  {\url{https://proceedings.neurips.cc/paper_files/paper/1989/file/9cfdf10e8fc047a44b08ed031e1f0ed1-Paper.pdf}},
  publisher =    {Morgan-Kaufmann},
  series =       {Conference Track Proceedings},
  title =        {The Perceptron Algorithm Is Fast for Non-Malicious
                  Distributions},
  volume =       2,
  year =         1989
}

@inproceedings{beer1989neural,
  address =      {Denver, Colorado, USA},
  author =       {Beer, Randall D. and Chiel, Hillel J.},
  booktitle =    {Advances in Neural Information Processing Systems 2
                  (NIPS)},
  editor =       {Touretzky, D.},
  month =        {November},
  note =
                  {\url{https://proceedings.neurips.cc/paper_files/paper/1989/file/c52f1bd66cc19d05628bd8bf27af3ad6-Paper.pdf}},
  openalex =     {W2147830683},
  publisher =    {Morgan-Kaufmann},
  series =       {Conference Track Proceedings},
  title =        {Neural Implementation of Motivated Behavior: Feeding
                  in an Artificial Insect},
  volume =       2,
  year =         1989
}

@inproceedings{bell1989learning,
  address =      {Denver, Colorado, USA},
  author =       {Bell, Tony},
  booktitle =    {Advances in Neural Information Processing Systems 2
                  (NIPS)},
  editor =       {Touretzky, D.},
  month =        {November},
  note =
                  {\url{https://proceedings.neurips.cc/paper_files/paper/1989/file/854d6fae5ee42911677c739ee1734486-Paper.pdf}},
  openalex =     {W2102835722},
  publisher =    {Morgan-Kaufmann},
  series =       {Conference Track Proceedings},
  title =        {Learning in Higher-Order "Artificial Dendritic
                  Trees},
  volume =       2,
  year =         1989
}

@inproceedings{bengio1989neural,
  address =      {Denver, Colorado, USA},
  author =       {Bengio, Yoshua and Bengio, Samy and Pouliot, Yannick
                  and Agin, Patrick},
  booktitle =    {Advances in Neural Information Processing Systems 2
                  (NIPS)},
  editor =       {Touretzky, D.},
  month =        {November},
  note =
                  {\url{https://proceedings.neurips.cc/paper_files/paper/1989/file/ca46c1b9512a7a8315fa3c5a946e8265-Paper.pdf}},
  openalex =     {W2140790266},
  publisher =    {Morgan-Kaufmann},
  series =       {Conference Track Proceedings},
  title =        {A Neural Network to Detect Homologies in Proteins},
  volume =       2,
  year =         1989
}

@inproceedings{bengio1989speaker,
  address =      {Denver, Colorado, USA},
  author =       {Bengio, Yoshua and Mori, Renato De and Cardin, R.},
  booktitle =    {Advances in Neural Information Processing Systems 2
                  (NIPS)},
  editor =       {Touretzky, D.},
  month =        {November},
  note =
                  {\url{https://proceedings.neurips.cc/paper_files/paper/1989/file/4734ba6f3de83d861c3176a6273cac6d-Paper.pdf}},
  openalex =     {W2119341451},
  publisher =    {Morgan-Kaufmann},
  series =       {Conference Track Proceedings},
  title =        {Speaker Independent Speech Recognition with Neural
                  Networks and Speech Knowledge},
  volume =       2,
  year =         1989
}

@inproceedings{bialek1989reading,
  address =      {Denver, Colorado, USA},
  author =       {Bialek, William and Rieke, Fred and Steveninck, Rob
                  R. de Ruyter van and Warland, David K.},
  booktitle =    {Advances in Neural Information Processing Systems 2
                  (NIPS)},
  editor =       {Touretzky, D.},
  month =        {November},
  note =
                  {\url{https://proceedings.neurips.cc/paper_files/paper/1989/file/7a614fd06c325499f1680b9896beedeb-Paper.pdf}},
  openalex =     {W1984931175},
  publisher =    {Morgan-Kaufmann},
  series =       {Conference Track Proceedings},
  title =        {Reading a Neural Code},
  volume =       2,
  year =         1989
}

@inproceedings{bourlard1989continuous,
  address =      {Denver, Colorado, USA},
  author =       {Bourlard, Herv√© and Morgan, Nelson},
  booktitle =    {Advances in Neural Information Processing Systems 2
                  (NIPS)},
  editor =       {Touretzky, D.},
  month =        {November},
  note =
                  {\url{https://proceedings.neurips.cc/paper_files/paper/1989/file/bcbe3365e6ac95ea2c0343a2395834dd-Paper.pdf}},
  openalex =     {W2102988002},
  publisher =    {Morgan-Kaufmann},
  series =       {Conference Track Proceedings},
  title =        {A Continuous Speech Recognition System Embedding MLP
                  into HMM},
  volume =       2,
  year =         1989
}

@inproceedings{bridle1989training,
  address =      {Denver, Colorado, USA},
  author =       {Bridle, John S.},
  booktitle =    {Advances in Neural Information Processing Systems 2
                  (NIPS)},
  editor =       {Touretzky, D.},
  month =        {November},
  note =
                  {\url{https://proceedings.neurips.cc/paper_files/paper/1989/file/0336dcbab05b9d5ad24f4333c7658a0e-Paper.pdf}},
  openalex =     {W2140766383},
  publisher =    {Morgan-Kaufmann},
  series =       {Conference Track Proceedings},
  title =        {Training Stochastic Model Recognition Algorithms as
                  Networks can Lead to Maximum Mutual Information
                  Estimation of Parameters},
  volume =       2,
  year =         1989
}

@inproceedings{brownlow1989pulse,
  address =      {Denver, Colorado, USA},
  author =       {Brownlow, Michael and Tarassenko, Lionel and Murray,
                  Alan F. and Hamilton, Alister and Han, Il Song and
                  Reekie, H. Martin},
  booktitle =    {Advances in Neural Information Processing Systems 2
                  (NIPS)},
  editor =       {Touretzky, D.},
  month =        {November},
  note =
                  {\url{https://proceedings.neurips.cc/paper_files/paper/1989/file/3b8a614226a953a8cd9526fca6fe9ba5-Paper.pdf}},
  openalex =     {W2129360572},
  publisher =    {Morgan-Kaufmann},
  series =       {Conference Track Proceedings},
  title =        {Pulse-Firing Neural Chips for Hundreds of Neurons},
  volume =       2,
  year =         1989
}

@inproceedings{carter1989operational,
  address =      {Denver, Colorado, USA},
  author =       {Carter, Michael J. and Rudolph, Franklin J. and
                  Nucci, Adam J.},
  booktitle =    {Advances in Neural Information Processing Systems 2
                  (NIPS)},
  editor =       {Touretzky, D.},
  month =        {November},
  note =
                  {\url{https://proceedings.neurips.cc/paper_files/paper/1989/file/0f49c89d1e7298bb9930789c8ed59d48-Paper.pdf}},
  openalex =     {W2155652844},
  publisher =    {Morgan-Kaufmann},
  series =       {Conference Track Proceedings},
  title =        {Operational Fault Tolerance of CMAC Networks},
  volume =       2,
  year =         1989
}

@inproceedings{chauvin1989dynamic,
  address =      {Denver, Colorado, USA},
  author =       {Chauvin, Yves},
  booktitle =    {Advances in Neural Information Processing Systems 2
                  (NIPS)},
  editor =       {Touretzky, D.},
  month =        {November},
  note =
                  {\url{https://proceedings.neurips.cc/paper_files/paper/1989/file/85d8ce590ad8981ca2c8286f79f59954-Paper.pdf}},
  openalex =     {W2322032599},
  publisher =    {Morgan-Kaufmann},
  series =       {Conference Track Proceedings},
  title =        {Dynamic behavior of constrained back propagation
                  networks},
  volume =       2,
  year =         1989
}

@inproceedings{chernajvsky1989note,
  address =      {Denver, Colorado, USA},
  author =       {Chernajvsky, Alex and Moody, John},
  booktitle =    {Advances in Neural Information Processing Systems 2
                  (NIPS)},
  editor =       {Touretzky, D.},
  month =        {November},
  note =
                  {\url{https://proceedings.neurips.cc/paper_files/paper/1989/file/d395771085aab05244a4fb8fd91bf4ee-Paper.pdf}},
  openalex =     {W2154134045},
  publisher =    {Morgan-Kaufmann},
  series =       {Conference Track Proceedings},
  title =        {Note on Development of Modularity in Simple Cortical
                  Models},
  volume =       2,
  year =         1989
}

@inproceedings{chiueh1989vlsi,
  address =      {Denver, Colorado, USA},
  author =       {Chiueh, Tzi‚ÄêDar and Goodman, R.M.},
  booktitle =    {Advances in Neural Information Processing Systems 2
                  (NIPS)},
  editor =       {Touretzky, D.},
  month =        {November},
  note =
                  {\url{https://proceedings.neurips.cc/paper_files/paper/1989/file/63dc7ed1010d3c3b8269faf0ba7491d4-Paper.pdf}},
  openalex =     {W2140080802},
  publisher =    {Morgan-Kaufmann},
  series =       {Conference Track Proceedings},
  title =        {VLSI Implementation of a High-Capacity Neural
                  Network Associative Memory},
  volume =       2,
  year =         1989
}

@inproceedings{cowan1989development,
  address =      {Denver, Colorado, USA},
  author =       {Cowan, Jack D. and Friedman, A. E.},
  booktitle =    {Advances in Neural Information Processing Systems 2
                  (NIPS)},
  editor =       {Touretzky, D.},
  month =        {November},
  note =
                  {\url{https://proceedings.neurips.cc/paper_files/paper/1989/file/060ad92489947d410d897474079c1477-Paper.pdf}},
  openalex =     {W2110397774},
  publisher =    {Morgan-Kaufmann},
  series =       {Conference Track Proceedings},
  title =        {Development and Regeneration of Eye-Brain Maps: A
                  Computational Model},
  volume =       2,
  year =         1989
}

@inproceedings{cowan1989neural,
  address =      {Denver, Colorado, USA},
  author =       {Cowan, Jack D.},
  booktitle =    {Advances in Neural Information Processing Systems 2
                  (NIPS)},
  editor =       {Touretzky, D.},
  month =        {November},
  note =
                  {\url{https://proceedings.neurips.cc/paper_files/paper/1989/file/0e65972dce68dad4d52d063967f0a705-Paper.pdf}},
  openalex =     {W2147005945},
  publisher =    {Morgan-Kaufmann},
  series =       {Conference Track Proceedings},
  title =        {Neural Networks: The Early Days},
  volume =       2,
  year =         1989
}

@inproceedings{crair1989non,
  address =      {Denver, Colorado, USA},
  author =       {Crair, Michael C. and Bialek, William},
  booktitle =    {Advances in Neural Information Processing Systems 2
                  (NIPS)},
  editor =       {Touretzky, D.},
  month =        {November},
  note =
                  {\url{https://proceedings.neurips.cc/paper_files/paper/1989/file/db8e1af0cb3aca1ae2d0018624204529-Paper.pdf}},
  openalex =     {W1774321452},
  publisher =    {Morgan-Kaufmann},
  series =       {Conference Track Proceedings},
  title =        {Non-Boltzmann dynamics in networks of spiking
                  neurons},
  volume =       2,
  year =         1989
}

@inproceedings{dembo1989complexity,
  address =      {Denver, Colorado, USA},
  author =       {Siu, Kai‚ÄêYeung and Dembo, Amir and Kailath, T.},
  booktitle =    {Advances in Neural Information Processing Systems 2
                  (NIPS)},
  editor =       {Touretzky, D.},
  month =        {November},
  note =
                  {\url{https://proceedings.neurips.cc/paper_files/paper/1989/file/20f07591c6fcb220ffe637cda29bb3f6-Paper.pdf}},
  openalex =     {W2140296504},
  publisher =    {Morgan-Kaufmann},
  series =       {Conference Track Proceedings},
  title =        {Complexity of finite precision neural network
                  classifier},
  volume =       2,
  year =         1989
}

@inproceedings{deweerth1989analog,
  address =      {Denver, Colorado, USA},
  author =       {DeWeerth, Stephen and Mead, Carver},
  booktitle =    {Advances in Neural Information Processing Systems 2
                  (NIPS)},
  editor =       {Touretzky, D.},
  month =        {November},
  note =
                  {\url{https://proceedings.neurips.cc/paper_files/paper/1989/file/502e4a16930e414107ee22b6198c578f-Paper.pdf}},
  publisher =    {Morgan-Kaufmann},
  series =       {Conference Track Proceedings},
  title =        {An Analog VLSI Model of Adaptation in the
                  Vestibulo-Ocular Reflex},
  volume =       2,
  year =         1989
}

@inproceedings{donnett1989neuronal,
  address =      {Denver, Colorado, USA},
  author =       {Donnett, Jim and Smithers, Tim},
  booktitle =    {Advances in Neural Information Processing Systems 2
                  (NIPS)},
  editor =       {Touretzky, D.},
  month =        {November},
  note =
                  {\url{https://proceedings.neurips.cc/paper_files/paper/1989/file/274ad4786c3abca69fa097b85867d9a4-Paper.pdf}},
  openalex =     {W2109535355},
  publisher =    {Morgan-Kaufmann},
  series =       {Conference Track Proceedings},
  title =        {Neuronal Group Selection Theory: A Grounding in
                  Robotics},
  volume =       2,
  year =         1989
}

@inproceedings{fahlman1989cascade,
  address =      {Denver, Colorado, USA},
  author =       {Fahlman, Scott and Lebiere, Christian},
  booktitle =    {Advances in Neural Information Processing Systems 2
                  (NIPS)},
  editor =       {Touretzky, D.},
  month =        {November},
  note =
                  {\url{https://proceedings.neurips.cc/paper_files/paper/1989/file/69adc1e107f7f7d035d7baf04342e1ca-Paper.pdf}},
  publisher =    {Morgan-Kaufmann},
  series =       {Conference Track Proceedings},
  title =        {The Cascade-Correlation Learning Architecture},
  volume =       2,
  year =         1989
}

@inproceedings{farotimi1989neural,
  address =      {Denver, Colorado, USA},
  author =       {Farotimi, O. and Dembo, Amir and Kailath, T.},
  booktitle =    {Advances in Neural Information Processing Systems 2
                  (NIPS)},
  editor =       {Touretzky, D.},
  month =        {November},
  note =
                  {\url{https://proceedings.neurips.cc/paper_files/paper/1989/file/0aa1883c6411f7873cb83dacb17b0afc-Paper.pdf}},
  openalex =     {W2163590698},
  publisher =    {Morgan-Kaufmann},
  series =       {Conference Track Proceedings},
  title =        {Neural Network Weight Matrix Synthesis Using Optimal
                  Control Techniques},
  volume =       2,
  year =         1989
}

@inproceedings{galland1989discovering,
  address =      {Denver, Colorado, USA},
  author =       {Galland, Conrad C. and Hinton, Geoffrey E.},
  booktitle =    {Advances in Neural Information Processing Systems 2
                  (NIPS)},
  editor =       {Touretzky, D.},
  month =        {November},
  note =
                  {\url{https://proceedings.neurips.cc/paper_files/paper/1989/file/a4f23670e1833f3fdb077ca70bbd5d66-Paper.pdf}},
  openalex =     {W2150042549},
  publisher =    {Morgan-Kaufmann},
  series =       {Conference Track Proceedings},
  title =        {Discovering High Order Features with Mean Field
                  Modules},
  volume =       2,
  year =         1989
}

@inproceedings{geiger1989coupled,
  address =      {Denver, Colorado, USA},
  author =       {Geiger, Davi and Girosi, Federico},
  booktitle =    {Advances in Neural Information Processing Systems 2
                  (NIPS)},
  editor =       {Touretzky, D.},
  month =        {November},
  note =
                  {\url{https://proceedings.neurips.cc/paper_files/paper/1989/file/39059724f73a9969845dfe4146c5660e-Paper.pdf}},
  openalex =     {W2104288852},
  publisher =    {Morgan-Kaufmann},
  series =       {Conference Track Proceedings},
  title =        {Coupled Markov Random Fields and Mean Field Theory},
  volume =       2,
  year =         1989
}

@inproceedings{giles1989higher,
  address =      {Denver, Colorado, USA},
  author =       {Giles, C. Lee and Sun, Guo-Zheng and Chen, Hsing-Hen
                  and Lee, Yee-Chun and Chen, Dong},
  booktitle =    {Advances in Neural Information Processing Systems 2
                  (NIPS)},
  editor =       {Touretzky, D.},
  month =        {November},
  note =
                  {\url{https://proceedings.neurips.cc/paper_files/paper/1989/file/cb70ab375662576bd1ac5aaf16b3fca4-Paper.pdf}},
  openalex =     {W2116664051},
  publisher =    {Morgan-Kaufmann},
  series =       {Conference Track Proceedings},
  title =        {Higher Order Recurrent Networks and Grammatical
                  Inference},
  volume =       2,
  year =         1989
}

@inproceedings{gish1989comparing,
  address =      {Denver, Colorado, USA},
  author =       {Gish, Sheri L. and Blanz, W. E.},
  booktitle =    {Advances in Neural Information Processing Systems 2
                  (NIPS)},
  editor =       {Touretzky, D.},
  month =        {November},
  note =
                  {\url{https://proceedings.neurips.cc/paper_files/paper/1989/file/01161aaa0b6d1345dd8fe4e481144d84-Paper.pdf}},
  openalex =     {W2138983350},
  publisher =    {Morgan-Kaufmann},
  series =       {Conference Track Proceedings},
  title =        {Comparing the Performance of Connectionist and
                  Statistical Classifiers on an Image Segmentation
                  Problem},
  volume =       2,
  year =         1989
}

@inproceedings{grajski1989neural,
  address =      {Denver, Colorado, USA},
  author =       {Grajski, Kamil A. and Merzenich, Michael M.},
  booktitle =    {Advances in Neural Information Processing Systems 2
                  (NIPS)},
  editor =       {Touretzky, D.},
  month =        {November},
  note =
                  {\url{https://proceedings.neurips.cc/paper_files/paper/1989/file/918317b57931b6b7a7d29490fe5ec9f9-Paper.pdf}},
  openalex =     {W2139566064},
  publisher =    {Morgan-Kaufmann},
  series =       {Conference Track Proceedings},
  title =        {Neural Network Simulation of Somatosensory
                  Representational Plasticity},
  volume =       2,
  year =         1989
}

@inproceedings{grossman1989chir,
  address =      {Denver, Colorado, USA},
  author =       {Grossman, Tal},
  booktitle =    {Advances in Neural Information Processing Systems 2
                  (NIPS)},
  editor =       {Touretzky, D.},
  month =        {November},
  note =
                  {\url{https://proceedings.neurips.cc/paper_files/paper/1989/file/eae27d77ca20db309e056e3d2dcd7d69-Paper.pdf}},
  openalex =     {W2137293139},
  publisher =    {Morgan-Kaufmann},
  series =       {Conference Track Proceedings},
  title =        {The CHIR Algorithm for Feed Forward Networks with
                  Binary Weights},
  volume =       2,
  year =         1989
}

@inproceedings{hampshire1989connectionist,
  address =      {Denver, Colorado, USA},
  author =       {Hampshire, J.B. and Waibel, Alex},
  booktitle =    {Advances in Neural Information Processing Systems 2
                  (NIPS)},
  editor =       {Touretzky, D.},
  month =        {November},
  note =
                  {\url{https://proceedings.neurips.cc/paper_files/paper/1989/file/979d472a84804b9f647bc185a877a8b5-Paper.pdf}},
  openalex =     {W2149967315},
  publisher =    {Morgan-Kaufmann},
  series =       {Conference Track Proceedings},
  title =        {Connectionist Architectures for Multi-Speaker
                  Phoneme Recognition},
  volume =       2,
  year =         1989
}

@inproceedings{hanson1989meiosis,
  address =      {Denver, Colorado, USA},
  author =       {Hanson, Stephen},
  booktitle =    {Advances in Neural Information Processing Systems 2
                  (NIPS)},
  editor =       {Touretzky, D.},
  month =        {November},
  note =
                  {\url{https://proceedings.neurips.cc/paper_files/paper/1989/file/705f2172834666788607efbfca35afb3-Paper.pdf}},
  publisher =    {Morgan-Kaufmann},
  series =       {Conference Track Proceedings},
  title =        {Meiosis Networks},
  volume =       2,
  year =         1989
}

@inproceedings{harp1989designing,
  address =      {Denver, Colorado, USA},
  author =       {Harp, Steven A. and Samad, Tarƒ±q and Guha, Aloke},
  booktitle =    {Advances in Neural Information Processing Systems 2
                  (NIPS)},
  editor =       {Touretzky, D.},
  month =        {November},
  note =
                  {\url{https://proceedings.neurips.cc/paper_files/paper/1989/file/8c19f571e251e61cb8dd3612f26d5ecf-Paper.pdf}},
  openalex =     {W2123568654},
  publisher =    {Morgan-Kaufmann},
  series =       {Conference Track Proceedings},
  title =        {Designing Application-Specific Neural Networks Using
                  the Genetic Algorithm},
  volume =       2,
  year =         1989
}

@inproceedings{harriswarrick1989mechanisms,
  address =      {Denver, Colorado, USA},
  author =       {Harris‚ÄêWarrick, Ronald M.},
  booktitle =    {Advances in Neural Information Processing Systems 2
                  (NIPS)},
  editor =       {Touretzky, D.},
  month =        {November},
  note =
                  {\url{https://proceedings.neurips.cc/paper_files/paper/1989/file/ec8ce6abb3e952a85b8551ba726a1227-Paper.pdf}},
  openalex =     {W2154353427},
  publisher =    {Morgan-Kaufmann},
  series =       {Conference Track Proceedings},
  title =        {Mechanisms for Neuromodulation of Biological Neural
                  Networks},
  volume =       2,
  year =         1989
}

@inproceedings{hormel1989self,
  address =      {Denver, Colorado, USA},
  author =       {Hormel, Michael},
  booktitle =    {Advances in Neural Information Processing Systems 2
                  (NIPS)},
  editor =       {Touretzky, D.},
  month =        {November},
  note =
                  {\url{https://proceedings.neurips.cc/paper_files/paper/1989/file/19f3cd308f1455b3fa09a282e0d496f4-Paper.pdf}},
  openalex =     {W2146042914},
  publisher =    {Morgan-Kaufmann},
  series =       {Conference Track Proceedings},
  title =        {A Self-organizing Associative Memory System for
                  Control Applications},
  volume =       2,
  year =         1989
}

@inproceedings{huang1989hmm,
  address =      {Denver, Colorado, USA},
  author =       {Huang, William and Lippmann, Richard P},
  booktitle =    {Advances in Neural Information Processing Systems 2
                  (NIPS)},
  editor =       {Touretzky, D.},
  month =        {November},
  note =
                  {\url{https://proceedings.neurips.cc/paper_files/paper/1989/file/58a2fc6ed39fd083f55d4182bf88826d-Paper.pdf}},
  publisher =    {Morgan-Kaufmann},
  series =       {Conference Track Proceedings},
  title =        {HMM Speech Recognition with Neural Net
                  Discrimination},
  volume =       2,
  year =         1989
}

@inproceedings{intrator1989neural,
  address =      {Denver, Colorado, USA},
  author =       {Intrator, Nathan},
  booktitle =    {Advances in Neural Information Processing Systems 2
                  (NIPS)},
  editor =       {Touretzky, D.},
  month =        {November},
  note =
                  {\url{https://proceedings.neurips.cc/paper_files/paper/1989/file/9188905e74c28e489b44e954ec0b9bca-Paper.pdf}},
  openalex =     {W2121414514},
  publisher =    {Morgan-Kaufmann},
  series =       {Conference Track Proceedings},
  title =        {A Neural Network for Feature Extraction},
  volume =       2,
  year =         1989
}

@inproceedings{jain1989incremental,
  address =      {Denver, Colorado, USA},
  author =       {Jain, Ajay and Waibel, Alex},
  booktitle =    {Advances in Neural Information Processing Systems 2
                  (NIPS)},
  editor =       {Touretzky, D.},
  month =        {November},
  note =
                  {\url{https://proceedings.neurips.cc/paper_files/paper/1989/file/757b505cfd34c64c85ca5b5690ee5293-Paper.pdf}},
  publisher =    {Morgan-Kaufmann},
  series =       {Conference Track Proceedings},
  title =        {Incremental Parsing by Modular Recurrent
                  Connectionist Networks},
  volume =       2,
  year =         1989
}

@inproceedings{jordan1989learning,
  address =      {Denver, Colorado, USA},
  author =       {Jordan, Michael I. and Jacobs, Robert A.},
  booktitle =    {Advances in Neural Information Processing Systems 2
                  (NIPS)},
  editor =       {Touretzky, D.},
  month =        {November},
  note =
                  {\url{https://proceedings.neurips.cc/paper_files/paper/1989/file/84d9ee44e457ddef7f2c4f25dc8fa865-Paper.pdf}},
  openalex =     {W2118426468},
  publisher =    {Morgan-Kaufmann},
  series =       {Conference Track Proceedings},
  title =        {Learning to Control an Unstable System with Forward
                  Modeling},
  volume =       2,
  year =         1989
}

@inproceedings{kammen1989collective,
  address =      {Denver, Colorado, USA},
  author =       {Kammen, Daniel M. and Koch, Christof and Holmes,
                  Philip},
  booktitle =    {Advances in Neural Information Processing Systems 2
                  (NIPS)},
  editor =       {Touretzky, D.},
  month =        {November},
  note =
                  {\url{https://proceedings.neurips.cc/paper_files/paper/1989/file/0e01938fc48a2cfb5f2217fbfb00722d-Paper.pdf}},
  openalex =     {W2168217598},
  publisher =    {Morgan-Kaufmann},
  series =       {Conference Track Proceedings},
  title =        {Collective Oscillations in the Visual Cortex},
  volume =       2,
  year =         1989
}

@inproceedings{kanerva1989contour,
  address =      {Denver, Colorado, USA},
  author =       {Kanerva, Pentti},
  booktitle =    {Advances in Neural Information Processing Systems 2
                  (NIPS)},
  editor =       {Touretzky, D.},
  month =        {November},
  note =
                  {\url{https://proceedings.neurips.cc/paper_files/paper/1989/file/cfecdb276f634854f3ef915e2e980c31-Paper.pdf}},
  openalex =     {W2163020087},
  publisher =    {Morgan-Kaufmann},
  series =       {Conference Track Proceedings},
  title =        {Contour-Map Encoding of Shape for Early Vision},
  volume =       2,
  year =         1989
}

@inproceedings{kassebaum1989cocktail,
  address =      {Denver, Colorado, USA},
  author =       {Kassebaum, John and Tenorio, M.F. and Schaefers,
                  Christoph},
  booktitle =    {Advances in Neural Information Processing Systems 2
                  (NIPS)},
  editor =       {Touretzky, D.},
  month =        {November},
  note =
                  {\url{https://proceedings.neurips.cc/paper_files/paper/1989/file/e56954b4f6347e897f954495eab16a88-Paper.pdf}},
  openalex =     {W2157686457},
  publisher =    {Morgan-Kaufmann},
  series =       {Conference Track Proceedings},
  title =        {The Cocktail Party Problem: Speech/Data Signal
                  Separation Comparison between Backpropagation and
                  SONN},
  volume =       2,
  year =         1989
}

@inproceedings{kenyon1989effects,
  address =      {Denver, Colorado, USA},
  author =       {Kenyon, Garrett T. and Fetz, Eberhard E. and Puff,
                  R. D.},
  booktitle =    {Advances in Neural Information Processing Systems 2
                  (NIPS)},
  editor =       {Touretzky, D.},
  month =        {November},
  note =
                  {\url{https://proceedings.neurips.cc/paper_files/paper/1989/file/115f89503138416a242f40fb7d7f338e-Paper.pdf}},
  openalex =     {W2103729411},
  publisher =    {Morgan-Kaufmann},
  series =       {Conference Track Proceedings},
  title =        {Effects of Firing Synchrony on Signal Propagation in
                  Layered Networks},
  volume =       2,
  year =         1989
}

@inproceedings{koch1989real,
  address =      {Denver, Colorado, USA},
  author =       {Koch, Christof and Bair, Wyeth and Harris, John
                  G. and Horiuchi, Timothy K. and Hsu, A. and Luo,
                  Jin},
  booktitle =    {Advances in Neural Information Processing Systems 2
                  (NIPS)},
  editor =       {Touretzky, D.},
  month =        {November},
  note =
                  {\url{https://proceedings.neurips.cc/paper_files/paper/1989/file/e96ed478dab8595a7dbda4cbcbee168f-Paper.pdf}},
  openalex =     {W2163800821},
  publisher =    {Morgan-Kaufmann},
  series =       {Conference Track Proceedings},
  title =        {Real-Time Computer Vision and Robotics Using Analog
                  VLSI Circuits},
  volume =       2,
  year =         1989
}

@inproceedings{krogh1989cost,
  address =      {Denver, Colorado, USA},
  author =       {Krogh, Anders and Thorbergsson, C. I. and Hertz,
                  John},
  booktitle =    {Advances in Neural Information Processing Systems 2
                  (NIPS)},
  editor =       {Touretzky, D.},
  month =        {November},
  note =
                  {\url{https://proceedings.neurips.cc/paper_files/paper/1989/file/57aeee35c98205091e18d1140e9f38cf-Paper.pdf}},
  openalex =     {W2117243393},
  publisher =    {Morgan-Kaufmann},
  series =       {Conference Track Proceedings},
  title =        {A Cost Function for Internal Representations},
  volume =       2,
  year =         1989
}

@inproceedings{lang1989dimensionality,
  address =      {Denver, Colorado, USA},
  author =       {Lang, Kevin and Hinton, Geoffrey E.},
  booktitle =    {Advances in Neural Information Processing Systems 2
                  (NIPS)},
  editor =       {Touretzky, D.},
  month =        {November},
  note =
                  {\url{https://proceedings.neurips.cc/paper_files/paper/1989/file/289dff07669d7a23de0ef88d2f7129e7-Paper.pdf}},
  openalex =     {W2145173023},
  publisher =    {Morgan-Kaufmann},
  series =       {Conference Track Proceedings},
  title =        {Dimensionality Reduction and Prior Knowledge in
                  E-Set Recognition},
  volume =       2,
  year =         1989
}

@inproceedings{lecun1989handwritten,
  address =      {Denver, Colorado, USA},
  author =       {LeCun, Yann and Boser, Bernhard E. and Denker, John
                  S. and Henderson, D. and Howard, Richard and
                  Hubbard, W. and Jackel, Lawrence D.},
  booktitle =    {Advances in Neural Information Processing Systems 2
                  (NIPS)},
  editor =       {Touretzky, D.},
  month =        {November},
  note =
                  {\url{https://proceedings.neurips.cc/paper_files/paper/1989/file/53c3bce66e43be4f209556518c2fcb54-Paper.pdf}},
  openalex =     {W2154579312},
  publisher =    {Morgan-Kaufmann},
  series =       {Conference Track Proceedings},
  title =        {Handwritten Digit Recognition with a
                  Back-Propagation Network},
  volume =       2,
  year =         1989
}

@inproceedings{lecun1989optimal,
  address =      {Denver, Colorado, USA},
  author =       {LeCun, Yann and Denker, John S. and Solla, Sara A.},
  booktitle =    {Advances in Neural Information Processing Systems 2
                  (NIPS)},
  editor =       {Touretzky, D.},
  month =        {November},
  note =
                  {\url{https://proceedings.neurips.cc/paper_files/paper/1989/file/6c9882bbac1c7093bd25041881277658-Paper.pdf}},
  openalex =     {W2114766824},
  publisher =    {Morgan-Kaufmann},
  series =       {Conference Track Proceedings},
  title =        {Optimal Brain Damage},
  volume =       2,
  year =         1989
}

@inproceedings{lee1989computer,
  address =      {Denver, Colorado, USA},
  author =       {Lee, Maurice and Bower, James M.},
  booktitle =    {Advances in Neural Information Processing Systems 2
                  (NIPS)},
  editor =       {Touretzky, D.},
  month =        {November},
  note =
                  {\url{https://proceedings.neurips.cc/paper_files/paper/1989/file/084b6fbb10729ed4da8c3d3f5a3ae7c9-Paper.pdf}},
  openalex =     {W2131048599},
  publisher =    {Morgan-Kaufmann},
  series =       {Conference Track Proceedings},
  title =        {A Computer Modeling Approach to Understanding the
                  Inferior Olive and Its Relationships to the
                  Cerebellar Cortex in Rats},
  volume =       2,
  year =         1989
}

@inproceedings{lee1989practical,
  address =      {Denver, Colorado, USA},
  author =       {Lee, Yuchun and Lippmann, Richard P.},
  booktitle =    {Advances in Neural Information Processing Systems 2
                  (NIPS)},
  editor =       {Touretzky, D.},
  month =        {November},
  note =
                  {\url{https://proceedings.neurips.cc/paper_files/paper/1989/file/cfa0860e83a4c3a763a7e62d825349f7-Paper.pdf}},
  openalex =     {W2106957943},
  publisher =    {Morgan-Kaufmann},
  series =       {Conference Track Proceedings},
  title =        {Practical Characteristics of Neural Network and
                  Conventional Pattern Classifiers on Artificial and
                  Speech Problems},
  volume =       2,
  year =         1989
}

@inproceedings{lee1989using,
  address =      {Denver, Colorado, USA},
  author =       {Lee, Susan},
  booktitle =    {Advances in Neural Information Processing Systems 2
                  (NIPS)},
  editor =       {Touretzky, D.},
  month =        {November},
  note =
                  {\url{https://proceedings.neurips.cc/paper_files/paper/1989/file/d96409bf894217686ba124d7356686c9-Paper.pdf}},
  publisher =    {Morgan-Kaufmann},
  series =       {Conference Track Proceedings},
  title =        {Using a Translation-Invariant Neural Network to
                  Diagnose Heart Arrhythmia},
  volume =       2,
  year =         1989
}

@inproceedings{lincoln1989synergy,
  address =      {Denver, Colorado, USA},
  author =       {Lincoln, William and Skrzypek, Josef},
  booktitle =    {Advances in Neural Information Processing Systems 2
                  (NIPS)},
  editor =       {Touretzky, D.},
  month =        {November},
  note =
                  {\url{https://proceedings.neurips.cc/paper_files/paper/1989/file/74db120f0a8e5646ef5a30154e9f6deb-Paper.pdf}},
  openalex =     {W2110593694},
  publisher =    {Morgan-Kaufmann},
  series =       {Conference Track Proceedings},
  title =        {Synergy of Clustering Multiple Back Propagation
                  Networks},
  volume =       2,
  year =         1989
}

@inproceedings{lockery1989neural,
  address =      {Denver, Colorado, USA},
  author =       {Lockery, Shawn R. and Fang, Yan and Sejnowski,
                  Terrence J.},
  booktitle =    {Advances in Neural Information Processing Systems 2
                  (NIPS)},
  editor =       {Touretzky, D.},
  month =        {November},
  note =
                  {\url{https://proceedings.neurips.cc/paper_files/paper/1989/file/077e29b11be80ab57e1a2ecabb7da330-Paper.pdf}},
  openalex =     {W2115579699},
  publisher =    {Morgan-Kaufmann},
  series =       {Conference Track Proceedings},
  title =        {Neural Network Analysis of Distributed
                  Representations of Dynamical Sensory-Motor
                  Transformations in the Leech},
  volume =       2,
  year =         1989
}

@inproceedings{mackay1989analysis,
  address =      {Denver, Colorado, USA},
  author =       {Mackay, David and Miller, Kenneth D.},
  booktitle =    {Advances in Neural Information Processing Systems 2
                  (NIPS)},
  editor =       {Touretzky, D.},
  month =        {November},
  note =
                  {\url{https://proceedings.neurips.cc/paper_files/paper/1989/file/bd686fd640be98efaae0091fa301e613-Paper.pdf}},
  openalex =     {W2171490281},
  publisher =    {Morgan-Kaufmann},
  series =       {Conference Track Proceedings},
  title =        {Analysis of Linsker's Simulations of Hebbian Rules},
  volume =       2,
  year =         1989
}

@inproceedings{malkoff1989neural,
  address =      {Denver, Colorado, USA},
  author =       {Malkoff, Donald B.},
  booktitle =    {Advances in Neural Information Processing Systems 2
                  (NIPS)},
  editor =       {Touretzky, D.},
  month =        {November},
  note =
                  {\url{https://proceedings.neurips.cc/paper_files/paper/1989/file/46ba9f2a6976570b0353203ec4474217-Paper.pdf}},
  openalex =     {W2151478919},
  publisher =    {Morgan-Kaufmann},
  series =       {Conference Track Proceedings},
  title =        {A Neural Network for Real-Time Signal Processing},
  volume =       2,
  year =         1989
}

@inproceedings{mann1989effects,
  address =      {Denver, Colorado, USA},
  author =       {Mann, Jim},
  booktitle =    {Advances in Neural Information Processing Systems 2
                  (NIPS)},
  editor =       {Touretzky, D.},
  month =        {November},
  note =
                  {\url{https://proceedings.neurips.cc/paper_files/paper/1989/file/621bf66ddb7c962aa0d22ac97d69b793-Paper.pdf}},
  openalex =     {W2171934033},
  publisher =    {Morgan-Kaufmann},
  series =       {Conference Track Proceedings},
  title =        {The Effects of Circuit Integration on a Feature Map
                  Vector Quantizer},
  volume =       2,
  year =         1989
}

@inproceedings{martin1989recognizing,
  address =      {Denver, Colorado, USA},
  author =       {Martin, Gale L. and Pittman, James A.},
  booktitle =    {Advances in Neural Information Processing Systems 2
                  (NIPS)},
  editor =       {Touretzky, D.},
  month =        {November},
  note =
                  {\url{https://proceedings.neurips.cc/paper_files/paper/1989/file/eda80a3d5b344bc40f3bc04f65b7a357-Paper.pdf}},
  openalex =     {W1981069195},
  publisher =    {Morgan-Kaufmann},
  series =       {Conference Track Proceedings},
  title =        {Recognizing Hand-Printed Letters and Digits Using
                  Backpropagation Learning},
  volume =       2,
  year =         1989
}

@inproceedings{mel1989sigma,
  address =      {Denver, Colorado, USA},
  author =       {Mel, Bartlett W. and Koch, Christof},
  booktitle =    {Advances in Neural Information Processing Systems 2
                  (NIPS)},
  editor =       {Touretzky, D.},
  month =        {November},
  note =
                  {\url{https://proceedings.neurips.cc/paper_files/paper/1989/file/6a9aeddfc689c1d0e3b9ccc3ab651bc5-Paper.pdf}},
  openalex =     {W2148028763},
  publisher =    {Morgan-Kaufmann},
  series =       {Conference Track Proceedings},
  title =        {Sigma-Pi Learning: On Radial Basis Functions and
                  Cortical Associative Learning},
  volume =       2,
  year =         1989
}

@inproceedings{moopenn1989digital,
  address =      {Denver, Colorado, USA},
  author =       {Moopenn, A. and Duong, Tuan A. and Thakoor, A. P.},
  booktitle =    {Advances in Neural Information Processing Systems 2
                  (NIPS)},
  editor =       {Touretzky, D.},
  month =        {November},
  note =
                  {\url{https://proceedings.neurips.cc/paper_files/paper/1989/file/555d6702c950ecb729a966504af0a635-Paper.pdf}},
  openalex =     {W2124967612},
  publisher =    {Morgan-Kaufmann},
  series =       {Conference Track Proceedings},
  title =        {Digital-Analog Hybrid Synapse Chips for Electronic
                  Neural Networks},
  volume =       2,
  year =         1989
}

@inproceedings{morgan1989generalization,
  address =      {Denver, Colorado, USA},
  author =       {Morgan, N. and Bourlard, H.},
  booktitle =    {Advances in Neural Information Processing Systems 2
                  (NIPS)},
  editor =       {Touretzky, D.},
  month =        {November},
  note =
                  {\url{https://proceedings.neurips.cc/paper_files/paper/1989/file/63923f49e5241343aa7acb6a06a751e7-Paper.pdf}},
  openalex =     {W2113457868},
  publisher =    {Morgan-Kaufmann},
  series =       {Conference Track Proceedings},
  title =        {Generalization and Parameter Estimation in
                  Feedforward Nets: Some Experiments},
  volume =       2,
  year =         1989
}

@inproceedings{mori1989large,
  address =      {Denver, Colorado, USA},
  author =       {Mori, Yoshihiro and Joe, Kazuki},
  booktitle =    {Advances in Neural Information Processing Systems 2
                  (NIPS)},
  editor =       {Touretzky, D.},
  month =        {November},
  note =
                  {\url{https://proceedings.neurips.cc/paper_files/paper/1989/file/eb163727917cbba1eea208541a643e74-Paper.pdf}},
  openalex =     {W2104462656},
  publisher =    {Morgan-Kaufmann},
  series =       {Conference Track Proceedings},
  title =        {A Large-Scale Neural Network Which Recognizes
                  Handwritten Kanji Characters},
  volume =       2,
  year =         1989
}

@inproceedings{mozer1989discovering,
  address =      {Denver, Colorado, USA},
  author =       {Mozer, Michael C. and Bachrach, Jonathan},
  booktitle =    {Advances in Neural Information Processing Systems 2
                  (NIPS)},
  editor =       {Touretzky, D.},
  month =        {November},
  note =
                  {\url{https://proceedings.neurips.cc/paper_files/paper/1989/file/1700002963a49da13542e0726b7bb758-Paper.pdf}},
  openalex =     {W1982898256},
  publisher =    {Morgan-Kaufmann},
  series =       {Conference Track Proceedings},
  title =        {Discovering the Structure of a Reactive Environment
                  by Exploration},
  volume =       2,
  year =         1989
}

@inproceedings{nelson1989computational,
  address =      {Denver, Colorado, USA},
  author =       {Nelson, Mark and Bower, James},
  booktitle =    {Advances in Neural Information Processing Systems 2
                  (NIPS)},
  editor =       {Touretzky, D.},
  month =        {November},
  note =
                  {\url{https://proceedings.neurips.cc/paper_files/paper/1989/file/577ef1154f3240ad5b9b413aa7346a1e-Paper.pdf}},
  publisher =    {Morgan-Kaufmann},
  series =       {Conference Track Proceedings},
  title =        {Computational Efficiency: A Common Organizing
                  Principle for Parallel Computer Maps and Brain
                  Maps?},
  volume =       2,
  year =         1989
}

@inproceedings{nowlan1989maximum,
  address =      {Denver, Colorado, USA},
  author =       {Nowlan, Steven J.},
  booktitle =    {Advances in Neural Information Processing Systems 2
                  (NIPS)},
  editor =       {Touretzky, D.},
  month =        {November},
  note =
                  {\url{https://proceedings.neurips.cc/paper_files/paper/1989/file/d1c38a09acc34845c6be3a127a5aacaf-Paper.pdf}},
  openalex =     {W2097863906},
  publisher =    {Morgan-Kaufmann},
  series =       {Conference Track Proceedings},
  title =        {Maximum Likelihood Competitive Learning},
  volume =       2,
  year =         1989
}

@inproceedings{nunez1989performance,
  address =      {Denver, Colorado, USA},
  author =       {N√∫√±ez, Fernando and Fortes, Jos√©},
  booktitle =    {Advances in Neural Information Processing Systems 2
                  (NIPS)},
  editor =       {Touretzky, D.},
  month =        {November},
  note =
                  {\url{https://proceedings.neurips.cc/paper_files/paper/1989/file/f718499c1c8cef6730f9fd03c8125cab-Paper.pdf}},
  publisher =    {Morgan-Kaufmann},
  series =       {Conference Track Proceedings},
  title =        {Performance of Connectionist Learning Algorithms on
                  2-D SIMD Processor Arrays},
  volume =       2,
  year =         1989
}

@inproceedings{obradovic1989analog,
  address =      {Denver, Colorado, USA},
  author =       {Obradoviƒá, Zoran and Parberry, Ian},
  booktitle =    {Advances in Neural Information Processing Systems 2
                  (NIPS)},
  editor =       {Touretzky, D.},
  month =        {November},
  note =
                  {\url{https://proceedings.neurips.cc/paper_files/paper/1989/file/be83ab3ecd0db773eb2dc1b0a17836a1-Paper.pdf}},
  openalex =     {W2115831891},
  publisher =    {Morgan-Kaufmann},
  series =       {Conference Track Proceedings},
  title =        {Analog Neural Networks of Limited Precision I:
                  Computing with Multilinear Threshold Functions},
  volume =       2,
  year =         1989
}

@inproceedings{okamoto1989model,
  address =      {Denver, Colorado, USA},
  author =       {Okamoto, Toshiaki and Kawato, Mitsuo and Inui,
                  Toshio and Miyake, Sei},
  booktitle =    {Advances in Neural Information Processing Systems 2
                  (NIPS)},
  editor =       {Touretzky, D.},
  month =        {November},
  note =
                  {\url{https://proceedings.neurips.cc/paper_files/paper/1989/file/d6baf65e0b240ce177cf70da146c8dc8-Paper.pdf}},
  openalex =     {W2134064344},
  publisher =    {Morgan-Kaufmann},
  series =       {Conference Track Proceedings},
  title =        {Model Based Image Compression and Adaptive Data
                  Representation by Interacting Filter Banks},
  volume =       2,
  year =         1989
}

@inproceedings{pineda1989time,
  address =      {Denver, Colorado, USA},
  author =       {Pineda, Fernando J.},
  booktitle =    {Advances in Neural Information Processing Systems 2
                  (NIPS)},
  editor =       {Touretzky, D.},
  month =        {November},
  note =
                  {\url{https://proceedings.neurips.cc/paper_files/paper/1989/file/1534b76d325a8f591b52d302e7181331-Paper.pdf}},
  openalex =     {W2115515053},
  publisher =    {Morgan-Kaufmann},
  series =       {Conference Track Proceedings},
  title =        {Time Dependent Adaptive Neural Networks},
  volume =       2,
  year =         1989
}

@inproceedings{platt1989analog,
  address =      {Denver, Colorado, USA},
  author =       {Platt, John},
  booktitle =    {Advances in Neural Information Processing Systems 2
                  (NIPS)},
  editor =       {Touretzky, D.},
  month =        {November},
  note =
                  {\url{https://proceedings.neurips.cc/paper_files/paper/1989/file/0266e33d3f546cb5436a10798e657d97-Paper.pdf}},
  openalex =     {W2138566027},
  publisher =    {Morgan-Kaufmann},
  series =       {Conference Track Proceedings},
  title =        {Analog Circuits for Constrained Optimization},
  volume =       2,
  year =         1989
}

@inproceedings{reklaitis1989generalized,
  address =      {Denver, Colorado, USA},
  author =       {Reklaitis, Gintaras V. and Tsirukis, Athanasios
                  G. and Tenorio, M.F.},
  booktitle =    {Advances in Neural Information Processing Systems 2
                  (NIPS)},
  editor =       {Touretzky, D.},
  month =        {November},
  note =
                  {\url{https://proceedings.neurips.cc/paper_files/paper/1989/file/92c8c96e4c37100777c7190b76d28233-Paper.pdf}},
  openalex =     {W2099448462},
  publisher =    {Morgan-Kaufmann},
  series =       {Conference Track Proceedings},
  title =        {Generalized Hopfield Networks and Nonlinear
                  Optimization},
  volume =       2,
  year =         1989
}

@inproceedings{rhodes1989systematic,
  address =      {Denver, Colorado, USA},
  author =       {Rhodes, Paul C.},
  booktitle =    {Advances in Neural Information Processing Systems 2
                  (NIPS)},
  editor =       {Touretzky, D.},
  month =        {November},
  note =
                  {\url{https://proceedings.neurips.cc/paper_files/paper/1989/file/c0e190d8267e36708f955d7ab048990d-Paper.pdf}},
  openalex =     {W2099559868},
  publisher =    {Morgan-Kaufmann},
  series =       {Conference Track Proceedings},
  title =        {A Systematic Study of the Input/Output Properties of
                  a 2 Compartment Model Neuron With Active Membranes},
  volume =       2,
  year =         1989
}

@inproceedings{rogers1989predicting,
  address =      {Denver, Colorado, USA},
  author =       {Rogers, David},
  booktitle =    {Advances in Neural Information Processing Systems 2
                  (NIPS)},
  editor =       {Touretzky, D.},
  month =        {November},
  note =
                  {\url{https://proceedings.neurips.cc/paper_files/paper/1989/file/06138bc5af6023646ede0e1f7c1eac75-Paper.pdf}},
  publisher =    {Morgan-Kaufmann},
  series =       {Conference Track Proceedings},
  title =        {Predicting Weather Using a Genetic Memory: A
                  Combination of Kanerva‚Äôs Sparse Distributed Memory
                  with Holland‚Äôs Genetic Algorithms},
  volume =       2,
  year =         1989
}

@inproceedings{rohwer1989moving,
  address =      {Denver, Colorado, USA},
  author =       {Rohwer, Richard},
  booktitle =    {Advances in Neural Information Processing Systems 2
                  (NIPS)},
  editor =       {Touretzky, D.},
  month =        {November},
  note =
                  {\url{https://proceedings.neurips.cc/paper_files/paper/1989/file/e165421110ba03099a1c0393373c5b43-Paper.pdf}},
  openalex =     {W2167607759},
  publisher =    {Morgan-Kaufmann},
  series =       {Conference Track Proceedings},
  title =        {The ‚Äúmoving targets‚Äù training algorithm},
  volume =       2,
  year =         1989
}

@inproceedings{saha1989algorithms,
  address =      {Denver, Colorado, USA},
  author =       {Saha, Avijit and Keeler, James D.},
  booktitle =    {Advances in Neural Information Processing Systems 2
                  (NIPS)},
  editor =       {Touretzky, D.},
  month =        {November},
  note =
                  {\url{https://proceedings.neurips.cc/paper_files/paper/1989/file/e4a6222cdb5b34375400904f03d8e6a5-Paper.pdf}},
  openalex =     {W2108400112},
  publisher =    {Morgan-Kaufmann},
  series =       {Conference Track Proceedings},
  title =        {Algorithms for Better Representation and Faster
                  Learning in Radial Basis Function Networks},
  volume =       2,
  year =         1989
}

@inproceedings{satyanarayana1989reconfigurable,
  address =      {Denver, Colorado, USA},
  author =       {Satyanarayana, Srinagesh and Tsividis, Yannis and
                  Graf, Hans},
  booktitle =    {Advances in Neural Information Processing Systems 2
                  (NIPS)},
  editor =       {Touretzky, D.},
  month =        {November},
  note =
                  {\url{https://proceedings.neurips.cc/paper_files/paper/1989/file/539fd53b59e3bb12d203f45a912eeaf2-Paper.pdf}},
  publisher =    {Morgan-Kaufmann},
  series =       {Conference Track Proceedings},
  title =        {A Reconfigurable Analog VLSI Neural Network Chip},
  volume =       2,
  year =         1989
}

@inproceedings{seibert1989learning,
  address =      {Denver, Colorado, USA},
  author =       {Seibert, Michael and Waxman, Allen M.},
  booktitle =    {Advances in Neural Information Processing Systems 2
                  (NIPS)},
  editor =       {Touretzky, D.},
  month =        {November},
  note =
                  {\url{https://proceedings.neurips.cc/paper_files/paper/1989/file/6da9003b743b65f4c0ccd295cc484e57-Paper.pdf}},
  openalex =     {W2127324578},
  publisher =    {Morgan-Kaufmann},
  series =       {Conference Track Proceedings},
  title =        {Learning Aspect Graph Representations from View
                  Sequences},
  volume =       2,
  year =         1989
}

@inproceedings{sejnowski1989combining,
  address =      {Denver, Colorado, USA},
  author =       {Sejnowski, Terrence J. and Yuhas, Ben and Goldstein,
                  Mo√Øse H. and Jenkins, Robert E.},
  booktitle =    {Advances in Neural Information Processing Systems 2
                  (NIPS)},
  editor =       {Touretzky, D.},
  month =        {November},
  note =
                  {\url{https://proceedings.neurips.cc/paper_files/paper/1989/file/f90f2aca5c640289d0a29417bcb63a37-Paper.pdf}},
  openalex =     {W2115116459},
  publisher =    {Morgan-Kaufmann},
  series =       {Conference Track Proceedings},
  title =        {Combining Visual and Acoustic Speech Signals with a
                  Neural Network Improves Intelligibility},
  volume =       2,
  year =         1989
}

@inproceedings{servanschreiber1989effect,
  address =      {Denver, Colorado, USA},
  author =       {Servan‚ÄêSchreiber, David and Printz, Harry and Cohen,
                  Jonathan D.},
  booktitle =    {Advances in Neural Information Processing Systems 2
                  (NIPS)},
  editor =       {Touretzky, D.},
  month =        {November},
  note =
                  {\url{https://proceedings.neurips.cc/paper_files/paper/1989/file/6f3ef77ac0e3619e98159e9b6febf557-Paper.pdf}},
  openalex =     {W2143710034},
  publisher =    {Morgan-Kaufmann},
  series =       {Conference Track Proceedings},
  title =        {The Effect of Catecholamines on Performance: From
                  Unit to System Behavior},
  volume =       2,
  year =         1989
}

@inproceedings{simmons1989acoustic,
  address =      {Denver, Colorado, USA},
  author =       {Simmons, James A.},
  booktitle =    {Advances in Neural Information Processing Systems 2
                  (NIPS)},
  editor =       {Touretzky, D.},
  month =        {November},
  note =
                  {\url{https://proceedings.neurips.cc/paper_files/paper/1989/file/13fe9d84310e77f13a6d184dbf1232f3-Paper.pdf}},
  openalex =     {W2131007731},
  publisher =    {Morgan-Kaufmann},
  series =       {Conference Track Proceedings},
  title =        {Acoustic-Imaging Computations by Echolocating Bats:
                  Unification of Diversely-Represented Stimulus
                  Features into Whole Images},
  volume =       2,
  year =         1989
}

@inproceedings{smith1989bayesian,
  address =      {Denver, Colorado, USA},
  author =       {Smith, Kurt R. and Miller, Michael I.},
  booktitle =    {Advances in Neural Information Processing Systems 2
                  (NIPS)},
  editor =       {Touretzky, D.},
  month =        {November},
  note =
                  {\url{https://proceedings.neurips.cc/paper_files/paper/1989/file/9b04d152845ec0a378394003c96da594-Paper.pdf}},
  openalex =     {W2161822448},
  publisher =    {Morgan-Kaufmann},
  series =       {Conference Track Proceedings},
  title =        {Bayesian Inference of Regular Grammar and Markov
                  Source Models},
  volume =       2,
  year =         1989
}

@inproceedings{smotroff1989dataflow,
  address =      {Denver, Colorado, USA},
  author =       {Smotroff, Ira},
  booktitle =    {Advances in Neural Information Processing Systems 2
                  (NIPS)},
  editor =       {Touretzky, D.},
  month =        {November},
  note =
                  {\url{https://proceedings.neurips.cc/paper_files/paper/1989/file/9c838d2e45b2ad1094d42f4ef36764f6-Paper.pdf}},
  openalex =     {W2101960124},
  publisher =    {Morgan-Kaufmann},
  series =       {Conference Track Proceedings},
  title =        {Dataflow Architectures: Flexible Platforms for
                  Neural Network Simulation},
  volume =       2,
  year =         1989
}

@inproceedings{softky1989can,
  address =      {Denver, Colorado, USA},
  author =       {Softky, William R. and Kammen, Daniel M.},
  booktitle =    {Advances in Neural Information Processing Systems 2
                  (NIPS)},
  editor =       {Touretzky, D.},
  month =        {November},
  note =
                  {\url{https://proceedings.neurips.cc/paper_files/paper/1989/file/03c6b06952c750899bb03d998e631860-Paper.pdf}},
  openalex =     {W2166054640},
  publisher =    {Morgan-Kaufmann},
  series =       {Conference Track Proceedings},
  title =        {Can Simple Cells Learn Curves? A Hebbian Model in a
                  Structured Environment},
  volume =       2,
  year =         1989
}

@inproceedings{spence1989computation,
  address =      {Denver, Colorado, USA},
  author =       {Spence, Clay D. and Pearson, John C.},
  booktitle =    {Advances in Neural Information Processing Systems 2
                  (NIPS)},
  editor =       {Touretzky, D.},
  month =        {November},
  note =
                  {\url{https://proceedings.neurips.cc/paper_files/paper/1989/file/fe131d7f5a6b38b23cc967316c13dae2-Paper.pdf}},
  openalex =     {W2136399412},
  publisher =    {Morgan-Kaufmann},
  series =       {Conference Track Proceedings},
  title =        {The Computation of Sound Source Elevation in the
                  Barn Owl},
  volume =       2,
  year =         1989
}

@inproceedings{tang1989analytic,
  address =      {Denver, Colorado, USA},
  author =       {Tang, Dun-Sung},
  booktitle =    {Advances in Neural Information Processing Systems 2
                  (NIPS)},
  editor =       {Touretzky, D.},
  month =        {November},
  note =
                  {\url{https://proceedings.neurips.cc/paper_files/paper/1989/file/48aedb8880cab8c45637abc7493ecddd-Paper.pdf}},
  openalex =     {W2156368267},
  publisher =    {Morgan-Kaufmann},
  series =       {Conference Track Proceedings},
  title =        {Analytic Solutions to the Formation of
                  Feature-Analysing Cells of a Three-Layer Feedforward
                  Visual Information Processing Neural Net},
  volume =       2,
  year =         1989
}

@inproceedings{touretzky1989computational,
  address =      {Denver, Colorado, USA},
  author =       {Touretzky, David S. and Wheeler, Deirdre},
  booktitle =    {Advances in Neural Information Processing Systems 2
                  (NIPS)},
  editor =       {Touretzky, D.},
  month =        {November},
  note =
                  {\url{https://proceedings.neurips.cc/paper_files/paper/1989/file/8f121ce07d74717e0b1f21d122e04521-Paper.pdf}},
  openalex =     {W2096103549},
  publisher =    {Morgan-Kaufmann},
  series =       {Conference Track Proceedings},
  title =        {A Computational Basis for Phonology},
  volume =       2,
  year =         1989
}

@inproceedings{touretzky1989rule,
  address =      {Denver, Colorado, USA},
  author =       {Touretzky, David S. and Elvgreen, Gillette},
  booktitle =    {Advances in Neural Information Processing Systems 2
                  (NIPS)},
  editor =       {Touretzky, D.},
  month =        {November},
  note =
                  {\url{https://proceedings.neurips.cc/paper_files/paper/1989/file/45fbc6d3e05ebd93369ce542e8f2322d-Paper.pdf}},
  openalex =     {W2135557657},
  publisher =    {Morgan-Kaufmann},
  series =       {Conference Track Proceedings},
  title =        {Rule Representations in a Connectionist Chunker},
  volume =       2,
  year =         1989
}

@inproceedings{viola1989neurally,
  address =      {Denver, Colorado, USA},
  author =       {Viola, Paul},
  booktitle =    {Advances in Neural Information Processing Systems 2
                  (NIPS)},
  editor =       {Touretzky, D.},
  month =        {November},
  note =
                  {\url{https://proceedings.neurips.cc/paper_files/paper/1989/file/f7664060cc52bc6f3d620bcedc94a4b6-Paper.pdf}},
  openalex =     {W2167689886},
  publisher =    {Morgan-Kaufmann},
  series =       {Conference Track Proceedings},
  title =        {Neurally Inspired Plasticity in Oculomotor
                  Processes},
  volume =       2,
  year =         1989
}

@inproceedings{weinshall1989self,
  address =      {Denver, Colorado, USA},
  author =       {Weinshall, Daphna and Edelman, Shimon and B√ºlthoff,
                  HH},
  booktitle =    {Advances in Neural Information Processing Systems 2
                  (NIPS)},
  editor =       {Touretzky, D.},
  month =        {November},
  note =
                  {\url{https://proceedings.neurips.cc/paper_files/paper/1989/file/335f5352088d7d9bf74191e006d8e24c-Paper.pdf}},
  openalex =     {W2105598323},
  publisher =    {Morgan-Kaufmann},
  series =       {Conference Track Proceedings},
  title =        {A self-organizing multiple-view representation of 3D
                  objects},
  volume =       2,
  year =         1989
}

@inproceedings{wejchert1989neural,
  address =      {Denver, Colorado, USA},
  author =       {Wejchert, Jakub and Tesauro, Gerald},
  booktitle =    {Advances in Neural Information Processing Systems 2
                  (NIPS)},
  editor =       {Touretzky, D.},
  month =        {November},
  note =
                  {\url{https://proceedings.neurips.cc/paper_files/paper/1989/file/16a5cdae362b8d27a1d8f8c7b78b4330-Paper.pdf}},
  openalex =     {W2130569024},
  publisher =    {Morgan-Kaufmann},
  series =       {Conference Track Proceedings},
  title =        {Neural Network Visualization},
  volume =       2,
  year =         1989
}

@inproceedings{wilson1989computer,
  address =      {Denver, Colorado, USA},
  author =       {Wilson, Matthew and Bower, James},
  booktitle =    {Advances in Neural Information Processing Systems 2
                  (NIPS)},
  editor =       {Touretzky, D.},
  month =        {November},
  note =
                  {\url{https://proceedings.neurips.cc/paper_files/paper/1989/file/38db3aed920cf82ab059bfccbd02be6a-Paper.pdf}},
  publisher =    {Morgan-Kaufmann},
  series =       {Conference Track Proceedings},
  title =        {Computer Simulation of Oscillatory Behavior in
                  Cerebral Cortical Networks},
  volume =       2,
  year =         1989
}

@inproceedings{zak1989unsupervised,
  address =      {Denver, Colorado, USA},
  author =       {Zak, Michail and Toomarian, Nikzad},
  booktitle =    {Advances in Neural Information Processing Systems 2
                  (NIPS)},
  editor =       {Touretzky, D.},
  month =        {November},
  note =
                  {\url{https://proceedings.neurips.cc/paper_files/paper/1989/file/b1d10e7bafa4421218a51b1e1f1b0ba2-Paper.pdf}},
  openalex =     {W2159729261},
  publisher =    {Morgan-Kaufmann},
  series =       {Conference Track Proceedings},
  title =        {Unsupervised Learning in Neurodynamics Using the
                  Phase Velocity Field Approach},
  volume =       2,
  year =         1989
}

@inproceedings{zemel1989traffic,
  address =      {Denver, Colorado, USA},
  author =       {Zemel, Richard S. and Mozer, Michael C. and Hinton,
                  Geoffrey E.},
  booktitle =    {Advances in Neural Information Processing Systems 2
                  (NIPS)},
  editor =       {Touretzky, D.},
  month =        {November},
  note =
                  {\url{https://proceedings.neurips.cc/paper_files/paper/1989/file/f340f1b1f65b6df5b5e3f94d95b11daf-Paper.pdf}},
  openalex =     {W2110803095},
  publisher =    {Morgan-Kaufmann},
  series =       {Conference Track Proceedings},
  title =        {TRAFFIC: Recognizing Objects Using Hierarchical
                  Reference Frame Transformations},
  volume =       2,
  year =         1989
}

@inproceedings{zhang1989efficient,
  address =      {Denver, Colorado, USA},
  author =       {Zhang, Xiru and McKenna, Michael and Mesirov, Jill
                  P. and Waltz, David L.},
  booktitle =    {Advances in Neural Information Processing Systems 2
                  (NIPS)},
  editor =       {Touretzky, D.},
  month =        {November},
  note =
                  {\url{https://proceedings.neurips.cc/paper_files/paper/1989/file/e3796ae838835da0b6f6ea37bcf8bcb7-Paper.pdf}},
  openalex =     {W2112972442},
  publisher =    {Morgan-Kaufmann},
  series =       {Conference Track Proceedings},
  title =        {An Efficient Implementation of the Back-propagation
                  Algorithm on the Connection Machine CM-2},
  volume =       2,
  year =         1989
}

@inproceedings{zipser1989subgrouping,
  address =      {Denver, Colorado, USA},
  author =       {Zipser, David},
  booktitle =    {Advances in Neural Information Processing Systems 2
                  (NIPS)},
  editor =       {Touretzky, D.},
  month =        {November},
  note =
                  {\url{https://proceedings.neurips.cc/paper_files/paper/1989/file/c24cd76e1ce41366a4bbe8a49b02a028-Paper.pdf}},
  openalex =     {W2098618477},
  publisher =    {Morgan-Kaufmann},
  series =       {Conference Track Proceedings},
  title =        {Subgrouping Reduces Complexity and Speeds Up
                  Learning in Recurrent Networks},
  volume =       2,
  year =         1989
}
