@inproceedings{allen1990recurrent,
  address = {Denver, Colorado, USA},
  author = {Allen, Robert B. and Kamm, Candace},
  booktitle = {Advances in Neural Information Processing Systems 3 (NIPS)},
  editor = {Lippmann, R.P. and Moody, J. and Touretzky, D.},
  month = {November},
  note = {\url{https://proceedings.neurips.cc/paper_files/paper/1990/file/24b16fede9a67c9251d3e7c7161c83ac-Paper.pdf}},
  openalex = {W2109812833},
  publisher = {Morgan-Kaufmann},
  series = {Conference Track Proceedings},
  title = {A Recurrent Neural Network for Word Identification from Continuous Phoneme Strings},
  volume = {3},
  year = {1990}
}

@inproceedings{alspector1990relaxation,
  address = {Denver, Colorado, USA},
  author = {Alspector, J. and Allen, Robert B. and Jayakumar, Anthony and Zeppenfeld, T. and Meir, Ronny},
  booktitle = {Advances in Neural Information Processing Systems 3 (NIPS)},
  editor = {Lippmann, R.P. and Moody, J. and Touretzky, D.},
  month = {November},
  note = {\url{https://proceedings.neurips.cc/paper_files/paper/1990/file/05049e90fa4f5039a8cadc6acbb4b2cc-Paper.pdf}},
  openalex = {W2161064497},
  publisher = {Morgan-Kaufmann},
  series = {Conference Track Proceedings},
  title = {Relaxation Networks for Large Supervised Learning Problems},
  volume = {3},
  year = {1990}
}

@inproceedings{anastasio1990recurrent,
  address = {Denver, Colorado, USA},
  author = {Anastasio, Thomas J.},
  booktitle = {Advances in Neural Information Processing Systems 3 (NIPS)},
  editor = {Lippmann, R.P. and Moody, J. and Touretzky, D.},
  month = {November},
  note = {\url{https://proceedings.neurips.cc/paper_files/paper/1990/file/eddea82ad2755b24c4e168c5fc2ebd40-Paper.pdf}},
  openalex = {W2145875875},
  publisher = {Morgan-Kaufmann},
  series = {Conference Track Proceedings},
  title = {A Recurrent Neural Network Model of Velocity Storage in the Vestibulo-Ocular Reflex},
  volume = {3},
  year = {1990}
}

@inproceedings{bachrach1990connectionist,
  address = {Denver, Colorado, USA},
  author = {Bachrach, Jonathan},
  booktitle = {Advances in Neural Information Processing Systems 3 (NIPS)},
  editor = {Lippmann, R.P. and Moody, J. and Touretzky, D.},
  month = {November},
  note = {\url{https://proceedings.neurips.cc/paper_files/paper/1990/file/dc912a253d1e9ba40e2c597ed2376640-Paper.pdf}},
  openalex = {W2141411709},
  publisher = {Morgan-Kaufmann},
  series = {Conference Track Proceedings},
  title = {A Connectionist Learning Control Architecture for Navigation},
  volume = {3},
  year = {1990}
}

@inproceedings{bair1990analog,
  address = {Denver, Colorado, USA},
  author = {Bair, Wyeth and Koch, Christof},
  booktitle = {Advances in Neural Information Processing Systems 3 (NIPS)},
  editor = {Lippmann, R.P. and Moody, J. and Touretzky, D.},
  month = {November},
  note = {\url{https://proceedings.neurips.cc/paper_files/paper/1990/file/0deb1c54814305ca9ad266f53bc82511-Paper.pdf}},
  openalex = {W2102764687},
  publisher = {Morgan-Kaufmann},
  series = {Conference Track Proceedings},
  title = {An Analog VLSI Chip for Finding Edges from Zero-crossings},
  volume = {3},
  year = {1990}
}

@inproceedings{baird1990cam,
  address = {Denver, Colorado, USA},
  author = {Baird, Bill and Eeckman, Frank H.},
  booktitle = {Advances in Neural Information Processing Systems 3 (NIPS)},
  editor = {Lippmann, R. P. and Moody, J. and Touretzky, D.},
  month = {November},
  note = {\url{https://proceedings.neurips.cc/paper_files/paper/1990/file/6855456e2fe46a9d49d3d3af4f57443d-Paper.pdf}},
  openalex = {W2164055039},
  publisher = {Morgan-Kaufmann},
  series = {Conference Track Proceedings},
  title = {CAM Storage of Analog Patterns and Continuous Sequences with 3N2 Weights},
  volume = {3},
  year = {1990}
}

@inproceedings{baldi1990computing,
  address = {Denver, Colorado, USA},
  author = {Baldi, Pierre},
  booktitle = {Advances in Neural Information Processing Systems 3 (NIPS)},
  editor = {Lippmann, R.P. and Moody, J. and Touretzky, D.},
  month = {November},
  note = {\url{https://proceedings.neurips.cc/paper_files/paper/1990/file/b9228e0962a78b84f3d5d92f4faa000b-Paper.pdf}},
  openalex = {W2131862904},
  publisher = {Morgan-Kaufmann},
  series = {Conference Track Proceedings},
  title = {Computing with Arrays of Bell-Shaped and Sigmoid Functions},
  volume = {3},
  year = {1990}
}

@inproceedings{baras1990convergence,
  address = {Denver, Colorado, USA},
  author = {Baras, John S. and Vigna, A. La},
  booktitle = {Advances in Neural Information Processing Systems 3 (NIPS)},
  editor = {Lippmann, R.P. and Moody, J. and Touretzky, D.},
  month = {November},
  note = {\url{https://proceedings.neurips.cc/paper_files/paper/1990/file/f4f6dce2f3a0f9dada0c2b5b66452017-Paper.pdf}},
  openalex = {W2136637968},
  publisher = {Morgan-Kaufmann},
  series = {Conference Track Proceedings},
  title = {Convergence of a neural network classifier},
  volume = {3},
  year = {1990}
}

@inproceedings{baum1990constructing,
  address = {Denver, Colorado, USA},
  author = {Baum, Eric and Lang, Kevin},
  booktitle = {Advances in Neural Information Processing Systems 3 (NIPS)},
  editor = {Lippmann, R.P. and Moody, J. and Touretzky, D.},
  month = {November},
  note = {\url{https://proceedings.neurips.cc/paper_files/paper/1990/file/34ed066df378efacc9b924ec161e7639-Paper.pdf}},
  publisher = {Morgan-Kaufmann},
  series = {Conference Track Proceedings},
  title = {Constructing Hidden Units using Examples and Queries},
  volume = {3},
  year = {1990}
}

@inproceedings{beer1990model,
  address = {Denver, Colorado, USA},
  author = {Beer, Randall D. and Kacmarcik, G. J. and Ritzmann, Roy E. and Chiel, Hillel J.},
  booktitle = {Advances in Neural Information Processing Systems 3 (NIPS)},
  editor = {Lippmann, R.P. and Moody, J. and Touretzky, D.},
  month = {November},
  note = {\url{https://proceedings.neurips.cc/paper_files/paper/1990/file/f85454e8279be180185cac7d243c5eb3-Paper.pdf}},
  openalex = {W2128671594},
  publisher = {Morgan-Kaufmann},
  series = {Conference Track Proceedings},
  title = {A Model of Distributed Sensorimotor Control in the Cockroach Escape Turn},
  volume = {3},
  year = {1990}
}

@inproceedings{bialek1990optimal,
  address = {Denver, Colorado, USA},
  author = {Bialek, William and Ruderman, Daniel and Zee, A.},
  booktitle = {Advances in Neural Information Processing Systems 3 (NIPS)},
  editor = {Lippmann, R.P. and Moody, J. and Touretzky, D.},
  month = {November},
  note = {\url{https://proceedings.neurips.cc/paper_files/paper/1990/file/f61d6947467ccd3aa5af24db320235dd-Paper.pdf}},
  openalex = {W2167511288},
  publisher = {Morgan-Kaufmann},
  series = {Conference Track Proceedings},
  title = {Optimal Sampling of Natural Images: A Design Principle for the Visual System},
  volume = {3},
  year = {1990}
}

@inproceedings{bilbro1990learning,
  address = {Denver, Colorado, USA},
  author = {Bilbro, Griff L. and Bout, D.E. Van den},
  booktitle = {Advances in Neural Information Processing Systems 3 (NIPS)},
  editor = {Lippmann, R.P. and Moody, J. and Touretzky, D.},
  month = {November},
  note = {\url{https://proceedings.neurips.cc/paper_files/paper/1990/file/fb7b9ffa5462084c5f4e7e85a093e6d7-Paper.pdf}},
  openalex = {W2153977182},
  publisher = {Morgan-Kaufmann},
  series = {Conference Track Proceedings},
  title = {Learning Theory and Experiments with Competitive Networks},
  volume = {3},
  year = {1990}
}

@inproceedings{biswas1990devil,
  address = {Denver, Colorado, USA},
  author = {Biswas, Sanjay and Venkatesh, Santosh S.},
  booktitle = {Advances in Neural Information Processing Systems 3 (NIPS)},
  editor = {Lippmann, R.P. and Moody, J. and Touretzky, D.},
  month = {November},
  note = {\url{https://proceedings.neurips.cc/paper_files/paper/1990/file/eed5af6add95a9a6f1252739b1ad8c24-Paper.pdf}},
  openalex = {W2114801581},
  publisher = {Morgan-Kaufmann},
  series = {Conference Track Proceedings},
  title = {The Devil and the Network: What Sparsity Implies to Robustness and Memory},
  volume = {3},
  year = {1990}
}

@inproceedings{bodenhausen1990tempo,
  address = {Denver, Colorado, USA},
  author = {Bodenhausen, Ulrich and Waibel, Alex},
  booktitle = {Advances in Neural Information Processing Systems 3 (NIPS)},
  editor = {Lippmann, R.P. and Moody, J. and Touretzky, D.},
  month = {November},
  note = {\url{https://proceedings.neurips.cc/paper_files/paper/1990/file/faa9afea49ef2ff029a833cccc778fd0-Paper.pdf}},
  openalex = {W2139232801},
  publisher = {Morgan-Kaufmann},
  series = {Conference Track Proceedings},
  title = {The Tempo 2 Algorithm: Adjusting Time-Delays By Supervised Learning},
  volume = {3},
  year = {1990}
}

@inproceedings{botros1990generalization,
  address = {Denver, Colorado, USA},
  author = {Botros, Sherif and Atkeson, Christopher},
  booktitle = {Advances in Neural Information Processing Systems 3 (NIPS)},
  editor = {Lippmann, R. P. and Moody, J. and Touretzky, D.},
  month = {November},
  note = {\url{https://proceedings.neurips.cc/paper_files/paper/1990/file/6883966fd8f918a4aa29be29d2c386fb-Paper.pdf}},
  publisher = {Morgan-Kaufmann},
  series = {Conference Track Proceedings},
  title = {Generalization Properties of Radial Basis Functions},
  volume = {3},
  year = {1990}
}

@inproceedings{bottou1990framework,
  address = {Denver, Colorado, USA},
  author = {Bottou, Léon and Gallinari, Patrick},
  booktitle = {Advances in Neural Information Processing Systems 3 (NIPS)},
  editor = {Lippmann, R. P. and Moody, J. and Touretzky, D.},
  month = {November},
  note = {\url{https://proceedings.neurips.cc/paper_files/paper/1990/file/a8c88a0055f636e4a163a5e3d16adab7-Paper.pdf}},
  openalex = {W2137440383},
  publisher = {Morgan-Kaufmann},
  series = {Conference Track Proceedings},
  title = {A Framework for the Cooperation of Learning Algorithms},
  volume = {3},
  year = {1990}
}

@inproceedings{bourlard1990connectionist,
  address = {Denver, Colorado, USA},
  author = {Bourlard, Hervé and Morgan, Nelson and Wooters, Chuck},
  booktitle = {Advances in Neural Information Processing Systems 3 (NIPS)},
  editor = {Lippmann, R.P. and Moody, J. and Touretzky, D.},
  month = {November},
  note = {\url{https://proceedings.neurips.cc/paper_files/paper/1990/file/c058f544c737782deacefa532d9add4c-Paper.pdf}},
  openalex = {W2165397722},
  publisher = {Morgan-Kaufmann},
  series = {Conference Track Proceedings},
  title = {Connectionist Approaches to the Use of Markov Models for Speech Recognition},
  volume = {3},
  year = {1990}
}

@inproceedings{bridle1990recnorm,
  address = {Denver, Colorado, USA},
  author = {Bridle, John S. and Cox, Stephen},
  booktitle = {Advances in Neural Information Processing Systems 3 (NIPS)},
  editor = {Lippmann, R.P. and Moody, J. and Touretzky, D.},
  month = {November},
  note = {\url{https://proceedings.neurips.cc/paper_files/paper/1990/file/cd00692c3bfe59267d5ecfac5310286c-Paper.pdf}},
  openalex = {W2156692643},
  publisher = {Morgan-Kaufmann},
  series = {Conference Track Proceedings},
  title = {RecNorm: Simultaneous Normalisation and Classification applied to Speech Recognition},
  volume = {3},
  year = {1990}
}

@inproceedings{brown1990self,
  address = {Denver, Colorado, USA},
  author = {Brown, Thomas H. and Mainen, Zachary F. and Zador, Anthony M. and Claiborne, Brenda J.},
  booktitle = {Advances in Neural Information Processing Systems 3 (NIPS)},
  editor = {Lippmann, R.P. and Moody, J. and Touretzky, D.},
  month = {November},
  note = {\url{https://proceedings.neurips.cc/paper_files/paper/1990/file/138bb0696595b338afbab333c555292a-Paper.pdf}},
  openalex = {W2097571885},
  publisher = {Morgan-Kaufmann},
  series = {Conference Track Proceedings},
  title = {Self-Organization of Hebbian Synapses on Hippocampal Neurons.},
  volume = {3},
  year = {1990}
}

@inproceedings{chang1990using,
  address = {Denver, Colorado, USA},
  author = {Chang, Eric and Lippmann, Richard P.},
  booktitle = {Advances in Neural Information Processing Systems 3 (NIPS)},
  editor = {Lippmann, R.P. and Moody, J. and Touretzky, D.},
  month = {November},
  note = {\url{https://proceedings.neurips.cc/paper_files/paper/1990/file/00ec53c4682d36f5c4359f4ae7bd7ba1-Paper.pdf}},
  openalex = {W2129861716},
  publisher = {Morgan-Kaufmann},
  series = {Conference Track Proceedings},
  title = {Using Genetic Algorithms to Improve Pattern Classification Performance},
  volume = {3},
  year = {1990}
}

@inproceedings{chauvin1990generalization,
  address = {Denver, Colorado, USA},
  author = {Chauvin, Yves},
  booktitle = {Advances in Neural Information Processing Systems 3 (NIPS)},
  editor = {Lippmann, R.P. and Moody, J. and Touretzky, D.},
  month = {November},
  note = {\url{https://proceedings.neurips.cc/paper_files/paper/1990/file/01386bd6d8e091c2ab4c7c7de644d37b-Paper.pdf}},
  openalex = {W2124539400},
  publisher = {Morgan-Kaufmann},
  series = {Conference Track Proceedings},
  title = {Generalization Dynamics in LMS Trained Linear Networks},
  volume = {3},
  year = {1990}
}

@inproceedings{choukri1990speech,
  address = {Denver, Colorado, USA},
  author = {Choukri, Khalid},
  booktitle = {Advances in Neural Information Processing Systems 3 (NIPS)},
  editor = {Lippmann, R. P. and Moody, J. and Touretzky, D.},
  month = {November},
  note = {\url{https://proceedings.neurips.cc/paper_files/paper/1990/file/a01a0380ca3c61428c26a231f0e49a09-Paper.pdf}},
  publisher = {Morgan-Kaufmann},
  series = {Conference Track Proceedings},
  title = {Speech Recognition Using Connectionist Approaches},
  volume = {3},
  year = {1990}
}

@inproceedings{chuang1990simulation,
  address = {Denver, Colorado, USA},
  author = {Chuang, Michael L. and Chiang, Alice M.},
  booktitle = {Advances in Neural Information Processing Systems 3 (NIPS)},
  editor = {Lippmann, R.P. and Moody, J. and Touretzky, D.},
  month = {November},
  note = {\url{https://proceedings.neurips.cc/paper_files/paper/1990/file/17d63b1625c816c22647a73e1482372b-Paper.pdf}},
  openalex = {W2130727723},
  publisher = {Morgan-Kaufmann},
  series = {Conference Track Proceedings},
  title = {Simulation of the Neocognitron on a CCD Parallel Processing Architecture},
  volume = {3},
  year = {1990}
}

@inproceedings{cohn1990can,
  address = {Denver, Colorado, USA},
  author = {Cohn, David and Tesauro, Gerald},
  booktitle = {Advances in Neural Information Processing Systems 3 (NIPS)},
  editor = {Lippmann, R. P. and Moody, J. and Touretzky, D.},
  month = {November},
  note = {\url{https://proceedings.neurips.cc/paper_files/paper/1990/file/816b112c6105b3ebd537828a39af4818-Paper.pdf}},
  openalex = {W2165701400},
  publisher = {Morgan-Kaufmann},
  series = {Conference Track Proceedings},
  title = {Can neural networks do better than the Vapnik-Chervonenkis bounds?},
  volume = {3},
  year = {1990}
}

@inproceedings{collard1990b,
  address = {Denver, Colorado, USA},
  author = {Collard, Joseph E.},
  booktitle = {Advances in Neural Information Processing Systems 3 (NIPS)},
  editor = {Lippmann, R. P. and Moody, J. and Touretzky, D.},
  month = {November},
  note = {\url{https://proceedings.neurips.cc/paper_files/paper/1990/file/ad13a2a07ca4b7642959dc0c4c740ab6-Paper.pdf}},
  openalex = {W2118694425},
  publisher = {Morgan-Kaufmann},
  series = {Conference Track Proceedings},
  title = {A B-P ANN Commodity Trader},
  volume = {3},
  year = {1990}
}

@inproceedings{cottrell1990empath,
  address = {Denver, Colorado, USA},
  author = {Cottrell, Garrison W. and Metcalfe, Janet},
  booktitle = {Advances in Neural Information Processing Systems 3 (NIPS)},
  editor = {Lippmann, R. P. and Moody, J. and Touretzky, D.},
  month = {November},
  note = {\url{https://proceedings.neurips.cc/paper_files/paper/1990/file/52720e003547c70561bf5e03b95aa99f-Paper.pdf}},
  openalex = {W2108496475},
  publisher = {Morgan-Kaufmann},
  series = {Conference Track Proceedings},
  title = {EMPATH: Face, Emotion, and Gender Recognition Using Holons},
  volume = {3},
  year = {1990}
}

@inproceedings{cowan1990further,
  address = {Denver, Colorado, USA},
  author = {Cowan, Jack D. and Friedman, A. E.},
  booktitle = {Advances in Neural Information Processing Systems 3 (NIPS)},
  editor = {Lippmann, R.P. and Moody, J. and Touretzky, D.},
  month = {November},
  note = {\url{https://proceedings.neurips.cc/paper_files/paper/1990/file/fccb60fb512d13df5083790d64c4d5dd-Paper.pdf}},
  openalex = {W2151136761},
  publisher = {Morgan-Kaufmann},
  series = {Conference Track Proceedings},
  title = {Further Studies of a Model for the Development and Regeneration of Eye-Brain Maps},
  volume = {3},
  year = {1990}
}

@inproceedings{cowan1990simple,
  address = {Denver, Colorado, USA},
  author = {Cowan, Jack D. and Friedman, A. E.},
  booktitle = {Advances in Neural Information Processing Systems 3 (NIPS)},
  editor = {Lippmann, R. P. and Moody, J. and Touretzky, D.},
  month = {November},
  note = {\url{https://proceedings.neurips.cc/paper_files/paper/1990/file/9de6d14fff9806d4bcd1ef555be766cd-Paper.pdf}},
  openalex = {W2172110837},
  publisher = {Morgan-Kaufmann},
  series = {Conference Track Proceedings},
  title = {Simple Spin Models for the Development of Ocular Dominance Columns and Iso-Orientation Patches},
  volume = {3},
  year = {1990}
}

@inproceedings{cowan1990stochastic,
  address = {Denver, Colorado, USA},
  author = {Ohira, Toru and Cowan, Jack D.},
  booktitle = {Advances in Neural Information Processing Systems 3 (NIPS)},
  editor = {Lippmann, R.P. and Moody, J. and Touretzky, D.},
  month = {November},
  note = {\url{https://proceedings.neurips.cc/paper_files/paper/1990/file/3c7781a36bcd6cf08c11a970fbe0e2a6-Paper.pdf}},
  openalex = {W1977297009},
  publisher = {Morgan-Kaufmann},
  series = {Conference Track Proceedings},
  title = {Master-equation approach to stochastic neurodynamics},
  volume = {3},
  year = {1990}
}

@inproceedings{darken1990note,
  address = {Denver, Colorado, USA},
  author = {Darken, Christian J. and Moody, John},
  booktitle = {Advances in Neural Information Processing Systems 3 (NIPS)},
  editor = {Lippmann, R.P. and Moody, J. and Touretzky, D.},
  month = {November},
  note = {\url{https://proceedings.neurips.cc/paper_files/paper/1990/file/18d8042386b79e2c279fd162df0205c8-Paper.pdf}},
  openalex = {W2155677642},
  publisher = {Morgan-Kaufmann},
  series = {Conference Track Proceedings},
  title = {Note on Learning Rate Schedules for Stochastic Optimization},
  volume = {3},
  year = {1990}
}

@inproceedings{dayan1990navigating,
  address = {Denver, Colorado, USA},
  author = {Dayan, Peter},
  booktitle = {Advances in Neural Information Processing Systems 3 (NIPS)},
  editor = {Lippmann, R. P. and Moody, J. and Touretzky, D.},
  month = {November},
  note = {\url{https://proceedings.neurips.cc/paper_files/paper/1990/file/8d7d8ee069cb0cbbf816bbb65d56947e-Paper.pdf}},
  openalex = {W2129120309},
  publisher = {Morgan-Kaufmann},
  series = {Conference Track Proceedings},
  title = {Navigating through Temporal Difference},
  volume = {3},
  year = {1990}
}

@inproceedings{de1990theory,
  address = {Denver, Colorado, USA},
  author = {Vries, Bert de and Prı́ncipe, José C.},
  booktitle = {Advances in Neural Information Processing Systems 3 (NIPS)},
  editor = {Lippmann, R. P. and Moody, J. and Touretzky, D.},
  month = {November},
  note = {\url{https://proceedings.neurips.cc/paper_files/paper/1990/file/6c524f9d5d7027454a783c841250ba71-Paper.pdf}},
  openalex = {W2168934702},
  publisher = {Morgan-Kaufmann},
  series = {Conference Track Proceedings},
  title = {A Theory for Neural Networks with Time Delays},
  volume = {3},
  year = {1990}
}

@inproceedings{denker1990transforming,
  address = {Denver, Colorado, USA},
  author = {Denker, John S. and LeCun, Yann},
  booktitle = {Advances in Neural Information Processing Systems 3 (NIPS)},
  editor = {Lippmann, R. P. and Moody, J. and Touretzky, D.},
  month = {November},
  note = {\url{https://proceedings.neurips.cc/paper_files/paper/1990/file/7eacb532570ff6858afd2723755ff790-Paper.pdf}},
  openalex = {W2127538960},
  publisher = {Morgan-Kaufmann},
  series = {Conference Track Proceedings},
  title = {Transforming Neural-Net Output Levels to Probability Distributions},
  volume = {3},
  year = {1990}
}

@inproceedings{erlanson1990analog,
  address = {Denver, Colorado, USA},
  author = {Erlanson, Ruth and Abu‐Mostafa, Yaser S.},
  booktitle = {Advances in Neural Information Processing Systems 3 (NIPS)},
  editor = {Lippmann, R.P. and Moody, J. and Touretzky, D.},
  month = {November},
  note = {\url{https://proceedings.neurips.cc/paper_files/paper/1990/file/352fe25daf686bdb4edca223c921acea-Paper.pdf}},
  openalex = {W2144984933},
  publisher = {Morgan-Kaufmann},
  series = {Conference Track Proceedings},
  title = {Analog Neural Networks as Decoders},
  volume = {3},
  year = {1990}
}

@inproceedings{fahlman1990recurrent,
  address = {Denver, Colorado, USA},
  author = {Fahlman, Scott E.},
  booktitle = {Advances in Neural Information Processing Systems 3 (NIPS)},
  editor = {Lippmann, R.P. and Moody, J. and Touretzky, D.},
  month = {November},
  note = {\url{https://proceedings.neurips.cc/paper_files/paper/1990/file/fe73f687e5bc5280214e0486b273a5f9-Paper.pdf}},
  openalex = {W2129831132},
  publisher = {Morgan-Kaufmann},
  series = {Conference Track Proceedings},
  title = {The Recurrent Cascade-Correlation Architecture},
  volume = {3},
  year = {1990}
}

@inproceedings{faller1990flight,
  address = {Denver, Colorado, USA},
  author = {Faller, William E. and Luttges, Marvin W.},
  booktitle = {Advances in Neural Information Processing Systems 3 (NIPS)},
  editor = {Lippmann, R. P. and Moody, J. and Touretzky, D.},
  month = {November},
  note = {\url{https://proceedings.neurips.cc/paper_files/paper/1990/file/a666587afda6e89aec274a3657558a27-Paper.pdf}},
  openalex = {W2165664753},
  publisher = {Morgan-Kaufmann},
  series = {Conference Track Proceedings},
  title = {Flight Control in the Dragonfly: A Neurobiological Simulation},
  volume = {3},
  year = {1990}
}

@inproceedings{fanty1990spoken,
  address = {Denver, Colorado, USA},
  author = {Cole, Ronald A. and Fanty, Mark},
  booktitle = {Advances in Neural Information Processing Systems 3 (NIPS)},
  editor = {Lippmann, R.P. and Moody, J. and Touretzky, D.},
  month = {November},
  note = {\url{https://proceedings.neurips.cc/paper_files/paper/1990/file/49182f81e6a13cf5eaa496d51fea6406-Paper.pdf}},
  openalex = {W1966297316},
  publisher = {Morgan-Kaufmann},
  series = {Conference Track Proceedings},
  title = {Spoken letter recognition},
  volume = {3},
  year = {1990}
}

@inproceedings{fine1990designing,
  address = {Denver, Colorado, USA},
  author = {Fine, Terrence L.},
  booktitle = {Advances in Neural Information Processing Systems 3 (NIPS)},
  editor = {Lippmann, R. P. and Moody, J. and Touretzky, D.},
  month = {November},
  note = {\url{https://proceedings.neurips.cc/paper_files/paper/1990/file/5a4b25aaed25c2ee1b74de72dc03c14e-Paper.pdf}},
  openalex = {W2118872834},
  publisher = {Morgan-Kaufmann},
  series = {Conference Track Proceedings},
  title = {Designing Linear Threshold Based Neural Network Pattern Classifiers},
  volume = {3},
  year = {1990}
}

@inproceedings{fredholm1990novel,
  address = {Denver, Colorado, USA},
  author = {Fredholm, Henrik and Bohr, Henrik and Bohr, J. and Brunak, Søren and Cotterill, R. M. J. and Lautrup, B. and Petersen, Steffen B.},
  booktitle = {Advances in Neural Information Processing Systems 3 (NIPS)},
  editor = {Lippmann, R.P. and Moody, J. and Touretzky, D.},
  month = {November},
  note = {\url{https://proceedings.neurips.cc/paper_files/paper/1990/file/bca82e41ee7b0833588399b1fcd177c7-Paper.pdf}},
  openalex = {W2143786203},
  publisher = {Morgan-Kaufmann},
  series = {Conference Track Proceedings},
  title = {A Novel Approach to Prediction of the 3-Dimensional Structures of Protein Backbones by Neural Networks},
  volume = {3},
  year = {1990}
}

@inproceedings{friedman1990adaptive,
  address = {Denver, Colorado, USA},
  author = {Friedman, Jerome H.},
  booktitle = {Advances in Neural Information Processing Systems 3 (NIPS)},
  editor = {Lippmann, R.P. and Moody, J. and Touretzky, D.},
  month = {November},
  note = {\url{https://proceedings.neurips.cc/paper_files/paper/1990/file/0d0fd7c6e093f7b804fa0150b875b868-Paper.pdf}},
  openalex = {W2151843700},
  publisher = {Morgan-Kaufmann},
  series = {Conference Track Proceedings},
  title = {Adaptive Spline Networks},
  volume = {3},
  year = {1990}
}

@inproceedings{frye1990proximity,
  address = {Denver, Colorado, USA},
  author = {Frye, Robert and Cummings, Kevin and Rietman, Edward},
  booktitle = {Advances in Neural Information Processing Systems 3 (NIPS)},
  editor = {Lippmann, R.P. and Moody, J. and Touretzky, D.},
  month = {November},
  note = {\url{https://proceedings.neurips.cc/paper_files/paper/1990/file/d34ab169b70c9dcd35e62896010cd9ff-Paper.pdf}},
  publisher = {Morgan-Kaufmann},
  series = {Conference Track Proceedings},
  title = {Proximity Effect Corrections in Electron Beam Lithography Using a Neural Network},
  volume = {3},
  year = {1990}
}

@inproceedings{gasser1990short,
  address = {Denver, Colorado, USA},
  author = {Gasser, Michael and Lee, Chan-Do},
  booktitle = {Advances in Neural Information Processing Systems 3 (NIPS)},
  editor = {Lippmann, R.P. and Moody, J. and Touretzky, D.},
  month = {November},
  note = {\url{https://proceedings.neurips.cc/paper_files/paper/1990/file/41ae36ecb9b3eee609d05b90c14222fb-Paper.pdf}},
  openalex = {W2150539551},
  publisher = {Morgan-Kaufmann},
  series = {Conference Track Proceedings},
  title = {A Short-Term Memory Architecture for the Learning of Morphophonemic Rules},
  volume = {3},
  year = {1990}
}

@inproceedings{gerstner1990associative,
  address = {Denver, Colorado, USA},
  author = {Gerstner, Wulfram},
  booktitle = {Advances in Neural Information Processing Systems 3 (NIPS)},
  editor = {Lippmann, R.P. and Moody, J. and Touretzky, D.},
  month = {November},
  note = {\url{https://proceedings.neurips.cc/paper_files/paper/1990/file/41f1f19176d383480afa65d325c06ed0-Paper.pdf}},
  openalex = {W2147932521},
  publisher = {Morgan-Kaufmann},
  series = {Conference Track Proceedings},
  title = {Associative Memory in a Network of `Biological' Neurons},
  volume = {3},
  year = {1990}
}

@inproceedings{girosi1990extensions,
  address = {Denver, Colorado, USA},
  author = {Girosi, Federico and Poggio, Tomaso and Caprile, Bruno},
  booktitle = {Advances in Neural Information Processing Systems 3 (NIPS)},
  editor = {Lippmann, R.P. and Moody, J. and Touretzky, D.},
  month = {November},
  note = {\url{https://proceedings.neurips.cc/paper_files/paper/1990/file/3ad7c2ebb96fcba7cda0cf54a2e802f5-Paper.pdf}},
  openalex = {W2097629057},
  publisher = {Morgan-Kaufmann},
  series = {Conference Track Proceedings},
  title = {Extensions of a Theory of Networks for Approximation and Learning: Outliers and Negative Examples},
  volume = {3},
  year = {1990}
}

@inproceedings{goggin1990second,
  address = {Denver, Colorado, USA},
  author = {Goggin, Shelly and Johnson, Kristina and Gustafson, Karl},
  booktitle = {Advances in Neural Information Processing Systems 3 (NIPS)},
  editor = {Lippmann, R.P. and Moody, J. and Touretzky, D.},
  month = {November},
  note = {\url{https://proceedings.neurips.cc/paper_files/paper/1990/file/c3e878e27f52e2a57ace4d9a76fd9acf-Paper.pdf}},
  publisher = {Morgan-Kaufmann},
  series = {Conference Track Proceedings},
  title = {A Second-Order Translation, Rotation and Scale Invariant Neural Network},
  volume = {3},
  year = {1990}
}

@inproceedings{golomb1990sexnet,
  address = {Denver, Colorado, USA},
  author = {Golomb, Beatrice A. and Lawrence, David T. and Sejnowski, Terrence J.},
  booktitle = {Advances in Neural Information Processing Systems 3 (NIPS)},
  editor = {Lippmann, R.P. and Moody, J. and Touretzky, D.},
  month = {November},
  note = {\url{https://proceedings.neurips.cc/paper_files/paper/1990/file/bbcbff5c1f1ded46c25d28119a85c6c2-Paper.pdf}},
  openalex = {W2123687672},
  publisher = {Morgan-Kaufmann},
  series = {Conference Track Proceedings},
  title = {SEXNET: A Neural Network Identifies Sex From Human Faces},
  volume = {3},
  year = {1990}
}

@inproceedings{graf1990reconfigurable,
  address = {Denver, Colorado, USA},
  author = {Graf, H.P. and Janow, R. and Henderson, D. and Lee, R.},
  booktitle = {Advances in Neural Information Processing Systems 3 (NIPS)},
  editor = {Lippmann, R.P. and Moody, J. and Touretzky, D.},
  month = {November},
  note = {\url{https://proceedings.neurips.cc/paper_files/paper/1990/file/37bc2f75bf1bcfe8450a1a41c200364c-Paper.pdf}},
  publisher = {Morgan-Kaufmann},
  series = {Conference Track Proceedings},
  title = {Reconfigurable Neural Net Chip with 32K Connections},
  volume = {3},
  year = {1990}
}

@inproceedings{guha1990reinforcement,
  address = {Denver, Colorado, USA},
  author = {Guha, Aloke},
  booktitle = {Advances in Neural Information Processing Systems 3 (NIPS)},
  editor = {Lippmann, R.P. and Moody, J. and Touretzky, D.},
  month = {November},
  note = {\url{https://proceedings.neurips.cc/paper_files/paper/1990/file/357a6fdf7642bf815a88822c447d9dc4-Paper.pdf}},
  openalex = {W2161160133},
  publisher = {Morgan-Kaufmann},
  series = {Conference Track Proceedings},
  title = {A Reinforcement Learning Variant for Control Scheduling},
  volume = {3},
  year = {1990}
}

@inproceedings{gupta1990method,
  address = {Denver, Colorado, USA},
  author = {Gupta, Ajay and Maass, Wolfgang},
  booktitle = {Advances in Neural Information Processing Systems 3 (NIPS)},
  editor = {Lippmann, R.P. and Moody, J. and Touretzky, D.},
  month = {November},
  note = {\url{https://proceedings.neurips.cc/paper_files/paper/1990/file/d1f255a373a3cef72e03aa9d980c7eca-Paper.pdf}},
  publisher = {Morgan-Kaufmann},
  series = {Conference Track Proceedings},
  title = {A Method for the Efficient Design of Boltzmann Machines for Classification Problems},
  volume = {3},
  year = {1990}
}

@inproceedings{hanson1990spherical,
  address = {Denver, Colorado, USA},
  author = {Hanson, Stephen and Gluck, Mark},
  booktitle = {Advances in Neural Information Processing Systems 3 (NIPS)},
  editor = {Lippmann, R. P. and Moody, J. and Touretzky, D.},
  month = {November},
  note = {\url{https://proceedings.neurips.cc/paper_files/paper/1990/file/9fd81843ad7f202f26c1a174c7357585-Paper.pdf}},
  publisher = {Morgan-Kaufmann},
  series = {Conference Track Proceedings},
  title = {Spherical Units as Dynamic Consequential Regions: Implications for Attention, Competition and Categorization},
  volume = {3},
  year = {1990}
}

@inproceedings{hasselmo1990cholinergic,
  address = {Denver, Colorado, USA},
  author = {Hasselmo, Michael E. and Anderson, Brooke P. and Bower, James M.},
  booktitle = {Advances in Neural Information Processing Systems 3 (NIPS)},
  editor = {Lippmann, R. P. and Moody, J. and Touretzky, D.},
  month = {November},
  note = {\url{https://proceedings.neurips.cc/paper_files/paper/1990/file/b2eb7349035754953b57a32e2841bda5-Paper.pdf}},
  openalex = {W2166695970},
  publisher = {Morgan-Kaufmann},
  series = {Conference Track Proceedings},
  title = {Cholinergic Modulation May Enhance Cortical Associative Memory Function},
  volume = {3},
  year = {1990}
}

@inproceedings{hayashi1990neural,
  address = {Denver, Colorado, USA},
  author = {Hayashi, Joichi},
  booktitle = {Advances in Neural Information Processing Systems 3 (NIPS)},
  editor = {Lippmann, R. P. and Moody, J. and Touretzky, D.},
  month = {November},
  note = {\url{https://proceedings.neurips.cc/paper_files/paper/1990/file/82cec96096d4281b7c95cd7e74623496-Paper.pdf}},
  openalex = {W3146590433},
  publisher = {Morgan-Kaufmann},
  series = {Conference Track Proceedings},
  title = {A neural expert system with automated extraction of fuzzy if-then rules and its application to medical diagnosis},
  volume = {3},
  year = {1990}
}

@inproceedings{herz1990statistical,
  address = {Denver, Colorado, USA},
  author = {Herz, Andreas and Li, Zhaoping and van Hemmen, J.},
  booktitle = {Advances in Neural Information Processing Systems 3 (NIPS)},
  editor = {Lippmann, R. P. and Moody, J. and Touretzky, D.},
  month = {November},
  note = {\url{https://proceedings.neurips.cc/paper_files/paper/1990/file/ad972f10e0800b49d76fed33a21f6698-Paper.pdf}},
  publisher = {Morgan-Kaufmann},
  series = {Conference Track Proceedings},
  title = {Statistical Mechanics of Temporal Association in Neural Networks},
  volume = {3},
  year = {1990}
}

@inproceedings{holler1990vlsi,
  address = {Denver, Colorado, USA},
  author = {Höller, M.},
  booktitle = {Advances in Neural Information Processing Systems 3 (NIPS)},
  editor = {Lippmann, R.P. and Moody, J. and Touretzky, D.},
  month = {November},
  note = {\url{https://proceedings.neurips.cc/paper_files/paper/1990/file/2f2b265625d76a6704b08093c652fd79-Paper.pdf}},
  openalex = {W2101501703},
  publisher = {Morgan-Kaufmann},
  series = {Conference Track Proceedings},
  title = {VLSI Implementations of Learning and Memory Systems: A Review},
  volume = {3},
  year = {1990}
}

@inproceedings{horiuchi1990delay,
  address = {Denver, Colorado, USA},
  author = {Horiuchi, Tim and Lazzaro, John and Moore, Andrew W. and Koch, Christof},
  booktitle = {Advances in Neural Information Processing Systems 3 (NIPS)},
  editor = {Lippmann, R.P. and Moody, J. and Touretzky, D.},
  month = {November},
  note = {\url{https://proceedings.neurips.cc/paper_files/paper/1990/file/142949df56ea8ae0be8b5306971900a4-Paper.pdf}},
  openalex = {W2099832509},
  publisher = {Morgan-Kaufmann},
  series = {Conference Track Proceedings},
  title = {A Delay-Line Based Motion Detection Chip},
  volume = {3},
  year = {1990}
}

@inproceedings{intrator1990exploratory,
  address = {Denver, Colorado, USA},
  author = {Intrator, Nathan},
  booktitle = {Advances in Neural Information Processing Systems 3 (NIPS)},
  editor = {Lippmann, R.P. and Moody, J. and Touretzky, D.},
  month = {November},
  note = {\url{https://proceedings.neurips.cc/paper_files/paper/1990/file/320722549d1751cf3f247855f937b982-Paper.pdf}},
  openalex = {W2152255582},
  publisher = {Morgan-Kaufmann},
  series = {Conference Track Proceedings},
  title = {Exploratory Feature Extraction in Speech Signals},
  volume = {3},
  year = {1990}
}

@inproceedings{iso1990speech,
  address = {Denver, Colorado, USA},
  author = {Iso, Ken-ichi and Watanabe, Takao},
  booktitle = {Advances in Neural Information Processing Systems 3 (NIPS)},
  editor = {Lippmann, R.P. and Moody, J. and Touretzky, D.},
  month = {November},
  note = {\url{https://proceedings.neurips.cc/paper_files/paper/1990/file/e7b24b112a44fdd9ee93bdf998c6ca0e-Paper.pdf}},
  openalex = {W2096766240},
  publisher = {Morgan-Kaufmann},
  series = {Conference Track Proceedings},
  title = {Speech recognition using demi-syllable neural prediction model},
  volume = {3},
  year = {1990}
}

@inproceedings{jacobs1990competitive,
  address = {Denver, Colorado, USA},
  author = {Jacobs, Robert A. and Jordan, Michael I.},
  booktitle = {Advances in Neural Information Processing Systems 3 (NIPS)},
  editor = {Lippmann, R.P. and Moody, J. and Touretzky, D.},
  month = {November},
  note = {\url{https://proceedings.neurips.cc/paper_files/paper/1990/file/f74909ace68e51891440e4da0b65a70c-Paper.pdf}},
  openalex = {W2135995262},
  publisher = {Morgan-Kaufmann},
  series = {Conference Track Proceedings},
  title = {A competitive modular connectionist architecture},
  volume = {3},
  year = {1990}
}

@inproceedings{kadirkamanathan1990sequential,
  address = {Denver, Colorado, USA},
  author = {Kadirkamanathan, Visakan and Niranjan, Mahesan and Fallside, F.},
  booktitle = {Advances in Neural Information Processing Systems 3 (NIPS)},
  editor = {Lippmann, R.P. and Moody, J. and Touretzky, D.},
  month = {November},
  note = {\url{https://proceedings.neurips.cc/paper_files/paper/1990/file/ffd52f3c7e12435a724a8f30fddadd9c-Paper.pdf}},
  openalex = {W2123243460},
  publisher = {Morgan-Kaufmann},
  series = {Conference Track Proceedings},
  title = {Sequential Adaptation of Radial Basis Function Neural Networks and its Application to Time-series Prediction},
  volume = {3},
  year = {1990}
}

@inproceedings{katayama1990learning,
  address = {Denver, Colorado, USA},
  author = {Katayama, Masazumi and Kawato, Mitsuo},
  booktitle = {Advances in Neural Information Processing Systems 3 (NIPS)},
  editor = {Lippmann, R.P. and Moody, J. and Touretzky, D.},
  month = {November},
  note = {\url{https://proceedings.neurips.cc/paper_files/paper/1990/file/3fe94a002317b5f9259f82690aeea4cd-Paper.pdf}},
  openalex = {W2099440200},
  publisher = {Morgan-Kaufmann},
  series = {Conference Track Proceedings},
  title = {Learning Trajectory and Force Control of an Artificial Muscle Arm by Parallel-hierarchical Neural Network Model},
  volume = {3},
  year = {1990}
}

@inproceedings{keeler1990integrated,
  address = {Denver, Colorado, USA},
  author = {Keeler, James and Rumelhart, David and Leow, Wee},
  booktitle = {Advances in Neural Information Processing Systems 3 (NIPS)},
  editor = {Lippmann, R.P. and Moody, J. and Touretzky, D.},
  month = {November},
  note = {\url{https://proceedings.neurips.cc/paper_files/paper/1990/file/e46de7e1bcaaced9a54f1e9d0d2f800d-Paper.pdf}},
  publisher = {Morgan-Kaufmann},
  series = {Conference Track Proceedings},
  title = {Integrated Segmentation and Recognition of Hand-Printed Numerals},
  volume = {3},
  year = {1990}
}

@inproceedings{keesing1990evolution,
  address = {Denver, Colorado, USA},
  author = {Keesing, Ron and Stork, David G.},
  booktitle = {Advances in Neural Information Processing Systems 3 (NIPS)},
  editor = {Lippmann, R. P. and Moody, J. and Touretzky, D.},
  month = {November},
  note = {\url{https://proceedings.neurips.cc/paper_files/paper/1990/file/b6f0479ae87d244975439c6124592772-Paper.pdf}},
  openalex = {W2166563835},
  publisher = {Morgan-Kaufmann},
  series = {Conference Track Proceedings},
  title = {Evolution and Learning in Neural Networks: The Number and Distribution of Learning Trials Affect the Rate of Evolution},
  volume = {3},
  year = {1990}
}

@inproceedings{kepler1990order,
  address = {Denver, Colorado, USA},
  author = {Kepler, Thomas B. and Abbott, L. F. and Marder, Eve},
  booktitle = {Advances in Neural Information Processing Systems 3 (NIPS)},
  editor = {Lippmann, R.P. and Moody, J. and Touretzky, D.},
  month = {November},
  note = {\url{https://proceedings.neurips.cc/paper_files/paper/1990/file/18997733ec258a9fcaf239cc55d53363-Paper.pdf}},
  openalex = {W2125913197},
  publisher = {Morgan-Kaufmann},
  series = {Conference Track Proceedings},
  title = {Order Reduction for Dynamical Systems Describing the Behavior of Complex Neurons},
  volume = {3},
  year = {1990}
}

@inproceedings{khotanzad1990stereopsis,
  address = {Denver, Colorado, USA},
  author = {Khotanzad, A. and Lee, Ying-Wung},
  booktitle = {Advances in Neural Information Processing Systems 3 (NIPS)},
  editor = {Lippmann, R.P. and Moody, J. and Touretzky, D.},
  month = {November},
  note = {\url{https://proceedings.neurips.cc/paper_files/paper/1990/file/f9b902fc3289af4dd08de5d1de54f68f-Paper.pdf}},
  openalex = {W2171241193},
  publisher = {Morgan-Kaufmann},
  series = {Conference Track Proceedings},
  title = {Stereopsis by a Neural Network Which Learns the Constraints},
  volume = {3},
  year = {1990}
}

@inproceedings{kolen1990back,
  address = {Denver, Colorado, USA},
  author = {Kolen, John F. and Pollack, Jordan},
  booktitle = {Advances in Neural Information Processing Systems 3 (NIPS)},
  editor = {Lippmann, R.P. and Moody, J. and Touretzky, D.},
  month = {November},
  note = {\url{https://proceedings.neurips.cc/paper_files/paper/1990/file/1543843a4723ed2ab08e18053ae6dc5b-Paper.pdf}},
  openalex = {W2148520070},
  publisher = {Morgan-Kaufmann},
  series = {Conference Track Proceedings},
  title = {Back Propagation is Sensitive to Initial Conditions},
  volume = {3},
  year = {1990}
}

@inproceedings{kramer1990compact,
  address = {Denver, Colorado, USA},
  author = {Kramer, A. and Sin, C. and Chu, R. and Ko, P.},
  booktitle = {Advances in Neural Information Processing Systems 3 (NIPS)},
  editor = {Lippmann, R. P. and Moody, J. and Touretzky, D.},
  month = {November},
  note = {\url{https://proceedings.neurips.cc/paper_files/paper/1990/file/6ecbdd6ec859d284dc13885a37ce8d81-Paper.pdf}},
  publisher = {Morgan-Kaufmann},
  series = {Conference Track Proceedings},
  title = {Compact EEPROM-based Weight Functions},
  volume = {3},
  year = {1990}
}

@inproceedings{krogh1990dynamics,
  address = {Denver, Colorado, USA},
  author = {Krogh, Anders and Hertz, John},
  booktitle = {Advances in Neural Information Processing Systems 3 (NIPS)},
  editor = {Lippmann, R.P. and Moody, J. and Touretzky, D.},
  month = {November},
  note = {\url{https://proceedings.neurips.cc/paper_files/paper/1990/file/0bb4aec1710521c12ee76289d9440817-Paper.pdf}},
  openalex = {W2117674238},
  publisher = {Morgan-Kaufmann},
  series = {Conference Track Proceedings},
  title = {Dynamics of Generalization in Linear Perceptrons},
  volume = {3},
  year = {1990}
}

@inproceedings{kruglyak1990analog,
  address = {Denver, Colorado, USA},
  author = {Kruglyak, Leonid and Bialek, William},
  booktitle = {Advances in Neural Information Processing Systems 3 (NIPS)},
  editor = {Lippmann, R.P. and Moody, J. and Touretzky, D.},
  month = {November},
  note = {\url{https://proceedings.neurips.cc/paper_files/paper/1990/file/e0c641195b27425bb056ac56f8953d24-Paper.pdf}},
  openalex = {W2144201170},
  publisher = {Morgan-Kaufmann},
  series = {Conference Track Proceedings},
  title = {Analog Computation at a Critical Point: A Novel Function for Neuronal Oscillations?},
  volume = {3},
  year = {1990}
}

@inproceedings{kruschke1990alcove,
  address = {Denver, Colorado, USA},
  author = {Kruschke, John K.},
  booktitle = {Advances in Neural Information Processing Systems 3 (NIPS)},
  editor = {Lippmann, R. P. and Moody, J. and Touretzky, D.},
  month = {November},
  note = {\url{https://proceedings.neurips.cc/paper_files/paper/1990/file/8fe0093bb30d6f8c31474bd0764e6ac0-Paper.pdf}},
  openalex = {W2097642122},
  publisher = {Morgan-Kaufmann},
  series = {Conference Track Proceedings},
  title = {ALCOVE: A Connectionist Model of Human Category Learning},
  volume = {3},
  year = {1990}
}

@inproceedings{kuh1990learning,
  address = {Denver, Colorado, USA},
  author = {Kuh, Anthony and Petsche, Thomas and Rivest, Ronald L.},
  booktitle = {Advances in Neural Information Processing Systems 3 (NIPS)},
  editor = {Lippmann, R. P. and Moody, J. and Touretzky, D.},
  month = {November},
  note = {\url{https://proceedings.neurips.cc/paper_files/paper/1990/file/69cb3ea317a32c4e6143e665fdb20b14-Paper.pdf}},
  openalex = {W2137143853},
  publisher = {Morgan-Kaufmann},
  series = {Conference Track Proceedings},
  title = {Learning Time-varying Concepts},
  volume = {3},
  year = {1990}
}

@inproceedings{lane1990multi,
  address = {Denver, Colorado, USA},
  author = {Lane, Stephen H. and Flax, Marshall and Handelman, David A. and Gelfand, Jack},
  booktitle = {Advances in Neural Information Processing Systems 3 (NIPS)},
  editor = {Lippmann, R. P. and Moody, J. and Touretzky, D.},
  month = {November},
  note = {\url{https://proceedings.neurips.cc/paper_files/paper/1990/file/94f6d7e04a4d452035300f18b984988c-Paper.pdf}},
  openalex = {W2144856549},
  publisher = {Morgan-Kaufmann},
  series = {Conference Track Proceedings},
  title = {Multi-Layer Perceptrons with B-Spline Receptive Field Functions},
  volume = {3},
  year = {1990}
}

@inproceedings{lecun1990second,
  address = {Denver, Colorado, USA},
  author = {LeCun, Yann and Kanter, Ido and Solla, Sara A.},
  booktitle = {Advances in Neural Information Processing Systems 3 (NIPS)},
  editor = {Lippmann, R. P. and Moody, J. and Touretzky, D.},
  month = {November},
  note = {\url{https://proceedings.neurips.cc/paper_files/paper/1990/file/758874998f5bd0c393da094e1967a72b-Paper.pdf}},
  openalex = {W2121193622},
  publisher = {Morgan-Kaufmann},
  series = {Conference Track Proceedings},
  title = {Second Order Properties of Error Surfaces: Learning Time and Generalization},
  volume = {3},
  year = {1990}
}

@inproceedings{leen1990dynamics,
  address = {Denver, Colorado, USA},
  author = {Leen, Todd},
  booktitle = {Advances in Neural Information Processing Systems 3 (NIPS)},
  editor = {Lippmann, R. P. and Moody, J. and Touretzky, D.},
  month = {November},
  note = {\url{https://proceedings.neurips.cc/paper_files/paper/1990/file/8d3bba7425e7c98c50f52ca1b52d3735-Paper.pdf}},
  publisher = {Morgan-Kaufmann},
  series = {Conference Track Proceedings},
  title = {Dynamics of Learning in Recurrent Feature-Discovery Networks},
  volume = {3},
  year = {1990}
}

@inproceedings{legendre1990distributed,
  address = {Denver, Colorado, USA},
  author = {Legendre, Géraldine and Miyata, Yoshiro and Smolensky, Paul},
  booktitle = {Advances in Neural Information Processing Systems 3 (NIPS)},
  editor = {Lippmann, R. P. and Moody, J. and Touretzky, D.},
  month = {November},
  note = {\url{https://proceedings.neurips.cc/paper_files/paper/1990/file/8cb22bdd0b7ba1ab13d742e22eed8da2-Paper.pdf}},
  openalex = {W1530693036},
  publisher = {Morgan-Kaufmann},
  series = {Conference Track Proceedings},
  title = {Distributed Recursive Structure Processing.},
  volume = {3},
  year = {1990}
}

@inproceedings{leung1990phonetic,
  address = {Denver, Colorado, USA},
  author = {Leung, Hong and Glass, James and Phillips, Michael and Zue, Victor W.},
  booktitle = {Advances in Neural Information Processing Systems 3 (NIPS)},
  editor = {Lippmann, R.P. and Moody, J. and Touretzky, D.},
  month = {November},
  note = {\url{https://proceedings.neurips.cc/paper_files/paper/1990/file/3dd48ab31d016ffcbf3314df2b3cb9ce-Paper.pdf}},
  openalex = {W2162550210},
  publisher = {Morgan-Kaufmann},
  series = {Conference Track Proceedings},
  title = {Phonetic Classification and Recognition Using the Multi-Layer Perceptron},
  volume = {3},
  year = {1990}
}

@inproceedings{levin1990modeling,
  address = {Denver, Colorado, USA},
  author = {Levin, Esther},
  booktitle = {Advances in Neural Information Processing Systems 3 (NIPS)},
  editor = {Lippmann, R.P. and Moody, J. and Touretzky, D.},
  month = {November},
  note = {\url{https://proceedings.neurips.cc/paper_files/paper/1990/file/00411460f7c92d2124a67ea0f4cb5f85-Paper.pdf}},
  openalex = {W2156101286},
  publisher = {Morgan-Kaufmann},
  series = {Conference Track Proceedings},
  title = {Modeling Time Varying Systems Using Hidden Control Neural Architecture},
  volume = {3},
  year = {1990}
}

@inproceedings{longtin1990oscillation,
  address = {Denver, Colorado, USA},
  author = {Longtin, André},
  booktitle = {Advances in Neural Information Processing Systems 3 (NIPS)},
  editor = {Lippmann, R.P. and Moody, J. and Touretzky, D.},
  month = {November},
  note = {\url{https://proceedings.neurips.cc/paper_files/paper/1990/file/04025959b191f8f9de3f924f0940515f-Paper.pdf}},
  openalex = {W2150477930},
  publisher = {Morgan-Kaufmann},
  series = {Conference Track Proceedings},
  title = {Oscillation onset in neural delayed feedback},
  volume = {3},
  year = {1990}
}

@inproceedings{marcus1990connection,
  address = {Denver, Colorado, USA},
  author = {Marcus, C. M. and Waugh, F. R. and Westervelt, R. M.},
  booktitle = {Advances in Neural Information Processing Systems 3 (NIPS)},
  editor = {Lippmann, R.P. and Moody, J. and Touretzky, D.},
  month = {November},
  note = {\url{https://proceedings.neurips.cc/paper_files/paper/1990/file/13f9896df61279c928f19721878fac41-Paper.pdf}},
  openalex = {W2155052902},
  publisher = {Morgan-Kaufmann},
  series = {Conference Track Proceedings},
  title = {Connection Topology and Dynamics in Lateral Inhibition Networks},
  volume = {3},
  year = {1990}
}

@inproceedings{marko1990neural,
  address = {Denver, Colorado, USA},
  author = {Marko, Kenneth A.},
  booktitle = {Advances in Neural Information Processing Systems 3 (NIPS)},
  editor = {Lippmann, R. P. and Moody, J. and Touretzky, D.},
  month = {November},
  note = {\url{https://proceedings.neurips.cc/paper_files/paper/1990/file/b3967a0e938dc2a6340e258630febd5a-Paper.pdf}},
  openalex = {W2165762781},
  publisher = {Morgan-Kaufmann},
  series = {Conference Track Proceedings},
  title = {Neural Network Application to Diagnostics and Control of Vehicle Control Systems},
  volume = {3},
  year = {1990}
}

@inproceedings{mccartor1990back,
  address = {Denver, Colorado, USA},
  author = {McCartor, Hal},
  booktitle = {Advances in Neural Information Processing Systems 3 (NIPS)},
  editor = {Lippmann, R.P. and Moody, J. and Touretzky, D.},
  month = {November},
  note = {\url{https://proceedings.neurips.cc/paper_files/paper/1990/file/beed13602b9b0e6ecb5b568ff5058f07-Paper.pdf}},
  openalex = {W2112553863},
  publisher = {Morgan-Kaufmann},
  series = {Conference Track Proceedings},
  title = {Back Propagation Implementation on the Adaptive Solutions CNAPS Neurocomputer Chip},
  volume = {3},
  year = {1990}
}

@inproceedings{mel1990receptive,
  address = {Denver, Colorado, USA},
  author = {Mel, Bartlett W. and Omohundro, Stephen M.},
  booktitle = {Advances in Neural Information Processing Systems 3 (NIPS)},
  editor = {Lippmann, R.P. and Moody, J. and Touretzky, D.},
  month = {November},
  note = {\url{https://proceedings.neurips.cc/paper_files/paper/1990/file/d296c101daa88a51f6ca8cfc1ac79b50-Paper.pdf}},
  openalex = {W2129003764},
  publisher = {Morgan-Kaufmann},
  series = {Conference Track Proceedings},
  title = {How Receptive Field Parameters Affect Neural Learning},
  volume = {3},
  year = {1990}
}

@inproceedings{melton1990vlsi,
  address = {Denver, Colorado, USA},
  author = {Melton, M. and Phan, Tan and Reeves, Doug and Bout, Dave Van den},
  booktitle = {Advances in Neural Information Processing Systems 3 (NIPS)},
  editor = {Lippmann, R.P. and Moody, J. and Touretzky, D.},
  month = {November},
  note = {\url{https://proceedings.neurips.cc/paper_files/paper/1990/file/bac9162b47c56fc8a4d2a519803d51b3-Paper.pdf}},
  openalex = {W2164853310},
  publisher = {Morgan-Kaufmann},
  series = {Conference Track Proceedings},
  title = {VLSI Implementation of TInMANN},
  volume = {3},
  year = {1990}
}

@inproceedings{milito1990neural,
  address = {Denver, Colorado, USA},
  author = {Milito, Rodolfo and Guyon, Isabelle and Solla, Sara A.},
  booktitle = {Advances in Neural Information Processing Systems 3 (NIPS)},
  editor = {Lippmann, R.P. and Moody, J. and Touretzky, D.},
  month = {November},
  note = {\url{https://proceedings.neurips.cc/paper_files/paper/1990/file/b83aac23b9528732c23cc7352950e880-Paper.pdf}},
  openalex = {W2140035663},
  publisher = {Morgan-Kaufmann},
  series = {Conference Track Proceedings},
  title = {Neural Network Implementation of Admission Control},
  volume = {3},
  year = {1990}
}

@inproceedings{miller1990design,
  address = {Denver, Colorado, USA},
  author = {Miller, Wallace T. and Box, Brian and Whitney, Erich C. and Glynn, James M.},
  booktitle = {Advances in Neural Information Processing Systems 3 (NIPS)},
  editor = {Lippmann, R.P. and Moody, J. and Touretzky, D.},
  month = {November},
  note = {\url{https://proceedings.neurips.cc/paper_files/paper/1990/file/4f4adcbf8c6f66dcfc8a3282ac2bf10a-Paper.pdf}},
  openalex = {W2117592133},
  publisher = {Morgan-Kaufmann},
  series = {Conference Track Proceedings},
  title = {Design and Implementation of a High Speed CMAC Neural Network Using Programmable CMOS Logic Cell Arrays},
  volume = {3},
  year = {1990}
}

@inproceedings{mingolla1990neural,
  address = {Denver, Colorado, USA},
  author = {Mingolla, Ennio},
  booktitle = {Advances in Neural Information Processing Systems 3 (NIPS)},
  editor = {Lippmann, R.P. and Moody, J. and Touretzky, D.},
  month = {November},
  note = {\url{https://proceedings.neurips.cc/paper_files/paper/1990/file/310dcbbf4cce62f762a2aaa148d556bd-Paper.pdf}},
  openalex = {W2105799179},
  publisher = {Morgan-Kaufmann},
  series = {Conference Track Proceedings},
  title = {Neural Dynamics of Motion Segmentation and Grouping},
  volume = {3},
  year = {1990}
}

@inproceedings{mjolsness1990lagrangian,
  address = {Denver, Colorado, USA},
  author = {Mjolsness, Eric and Miranker, Willard L.},
  booktitle = {Advances in Neural Information Processing Systems 3 (NIPS)},
  editor = {Lippmann, R.P. and Moody, J. and Touretzky, D.},
  month = {November},
  note = {\url{https://proceedings.neurips.cc/paper_files/paper/1990/file/b7b16ecf8ca53723593894116071700c-Paper.pdf}},
  openalex = {W2162199500},
  publisher = {Morgan-Kaufmann},
  series = {Conference Track Proceedings},
  title = {A Lagrangian Approach to Fixed Points},
  volume = {3},
  year = {1990}
}

@inproceedings{moore1990vlsi,
  address = {Denver, Colorado, USA},
  author = {Moore, Andrew W. and Allman, John M. and Fox, Geoffrey and Goodman, R.M.},
  booktitle = {Advances in Neural Information Processing Systems 3 (NIPS)},
  editor = {Lippmann, R.P. and Moody, J. and Touretzky, D.},
  month = {November},
  note = {\url{https://proceedings.neurips.cc/paper_files/paper/1990/file/f8c1f23d6a8d8d7904fc0ea8e066b3bb-Paper.pdf}},
  openalex = {W2096674049},
  publisher = {Morgan-Kaufmann},
  series = {Conference Track Proceedings},
  title = {A VLSI Neural Network for Color Constancy},
  volume = {3},
  year = {1990}
}

@inproceedings{mozer1990connectionist,
  address = {Denver, Colorado, USA},
  author = {Mozer, Michael C. and Soukup, T.},
  booktitle = {Advances in Neural Information Processing Systems 3 (NIPS)},
  editor = {Lippmann, R. P. and Moody, J. and Touretzky, D.},
  month = {November},
  note = {\url{https://proceedings.neurips.cc/paper_files/paper/1990/file/75fc093c0ee742f6dddaa13fff98f104-Paper.pdf}},
  openalex = {W2156452926},
  publisher = {Morgan-Kaufmann},
  series = {Conference Track Proceedings},
  title = {Connectionist Music Composition Based on Melodic and Stylistic Constraints},
  volume = {3},
  year = {1990}
}

@inproceedings{mozer1990discovering,
  address = {Denver, Colorado, USA},
  author = {Mozer, Michael C.},
  booktitle = {Advances in Neural Information Processing Systems 3 (NIPS)},
  editor = {Lippmann, R. P. and Moody, J. and Touretzky, D.},
  month = {November},
  note = {\url{https://proceedings.neurips.cc/paper_files/paper/1990/file/819f46e52c25763a55cc642422644317-Paper.pdf}},
  openalex = {W2095712978},
  publisher = {Morgan-Kaufmann},
  series = {Conference Track Proceedings},
  title = {Discovering Discrete Distributed Representations with Iterative Competitive Learning},
  volume = {3},
  year = {1990}
}

@inproceedings{munro1990translating,
  address = {Denver, Colorado, USA},
  author = {Munro, Paul and Cosic, Cynthia L. and Tabasko, Mary},
  booktitle = {Advances in Neural Information Processing Systems 3 (NIPS)},
  editor = {Lippmann, R.P. and Moody, J. and Touretzky, D.},
  month = {November},
  note = {\url{https://proceedings.neurips.cc/paper_files/paper/1990/file/0c74b7f78409a4022a2c4c5a5ca3ee19-Paper.pdf}},
  openalex = {W2097720456},
  publisher = {Morgan-Kaufmann},
  series = {Conference Track Proceedings},
  title = {A Network for Encoding, Decoding and Translating Locative Prepositions},
  volume = {3},
  year = {1990}
}

@inproceedings{ng1990comparative,
  address = {Denver, Colorado, USA},
  author = {Ng, Kenney and Lippmann, Richard P.},
  booktitle = {Advances in Neural Information Processing Systems 3 (NIPS)},
  editor = {Lippmann, R. P. and Moody, J. and Touretzky, D.},
  month = {November},
  note = {\url{https://proceedings.neurips.cc/paper_files/paper/1990/file/66368270ffd51418ec58bd793f2d9b1b-Paper.pdf}},
  openalex = {W2108137523},
  publisher = {Morgan-Kaufmann},
  series = {Conference Track Proceedings},
  title = {A Comparative Study of the Practical Characteristics of Neural Network and Conventional Pattern Classifiers},
  volume = {3},
  year = {1990}
}

@inproceedings{niebur1990phase,
  address = {Denver, Colorado, USA},
  author = {Niebur, Ernst and Kammen, Daniel M. and Koch, Christof and Ruderman, Daniel and Schuster, Heinz Georg},
  booktitle = {Advances in Neural Information Processing Systems 3 (NIPS)},
  editor = {Lippmann, R. P. and Moody, J. and Touretzky, D.},
  month = {November},
  note = {\url{https://proceedings.neurips.cc/paper_files/paper/1990/file/577bcc914f9e55d5e4e4f82f9f00e7d4-Paper.pdf}},
  openalex = {W2119650558},
  publisher = {Morgan-Kaufmann},
  series = {Conference Track Proceedings},
  title = {Phase-coupling in Two-Dimensional Networks of Interacting Oscillators},
  volume = {3},
  year = {1990}
}

@inproceedings{noordewier1990training,
  address = {Denver, Colorado, USA},
  author = {Noordewier, Michiel and Towell, Geoffrey G. and Shavlik, Jude},
  booktitle = {Advances in Neural Information Processing Systems 3 (NIPS)},
  editor = {Lippmann, R. P. and Moody, J. and Touretzky, D.},
  month = {November},
  note = {\url{https://proceedings.neurips.cc/paper_files/paper/1990/file/8efb100a295c0c690931222ff4467bb8-Paper.pdf}},
  openalex = {W2114720696},
  publisher = {Morgan-Kaufmann},
  series = {Conference Track Proceedings},
  title = {Training Knowledge-Based Neural Networks to Recognize Genes in DNA Sequences},
  volume = {3},
  year = {1990}
}

@inproceedings{nowlan1990evaluation,
  address = {Denver, Colorado, USA},
  author = {Nowlan, Steven J. and Hinton, Geoffrey E.},
  booktitle = {Advances in Neural Information Processing Systems 3 (NIPS)},
  editor = {Lippmann, R.P. and Moody, J. and Touretzky, D.},
  month = {November},
  note = {\url{https://proceedings.neurips.cc/paper_files/paper/1990/file/432aca3a1e345e339f35a30c8f65edce-Paper.pdf}},
  openalex = {W2133081131},
  publisher = {Morgan-Kaufmann},
  series = {Conference Track Proceedings},
  title = {Evaluation of Adaptive Mixtures of Competing Experts},
  volume = {3},
  year = {1990}
}

@inproceedings{obermayer1990development,
  address = {Denver, Colorado, USA},
  author = {Obermayer, Klaus and Ritter, Helge and Schulten, Klaus},
  booktitle = {Advances in Neural Information Processing Systems 3 (NIPS)},
  editor = {Lippmann, R.P. and Moody, J. and Touretzky, D.},
  month = {November},
  note = {\url{https://proceedings.neurips.cc/paper_files/paper/1990/file/ef0d3930a7b6c95bd2b32ed45989c61f-Paper.pdf}},
  openalex = {W2136757720},
  publisher = {Morgan-Kaufmann},
  series = {Conference Track Proceedings},
  title = {Development and Spatial Structure of Cortical Feature Maps: A Model Study},
  volume = {3},
  year = {1990}
}

@inproceedings{omohundro1990bumptrees,
  address = {Denver, Colorado, USA},
  author = {Omohundro, Stephen M.},
  booktitle = {Advances in Neural Information Processing Systems 3 (NIPS)},
  editor = {Lippmann, R. P. and Moody, J. and Touretzky, D.},
  month = {November},
  note = {\url{https://proceedings.neurips.cc/paper_files/paper/1990/file/950a4152c2b4aa3ad78bdd6b366cc179-Paper.pdf}},
  openalex = {W2153353990},
  publisher = {Morgan-Kaufmann},
  series = {Conference Track Proceedings},
  title = {Bumptrees for Efficient Function, Constraint and Classification Learning},
  volume = {3},
  year = {1990}
}

@inproceedings{pati1990discrete,
  address = {Denver, Colorado, USA},
  author = {Pati, Y. C. and Krishnaprasad, P. S.},
  booktitle = {Advances in Neural Information Processing Systems 3 (NIPS)},
  editor = {Lippmann, R.P. and Moody, J. and Touretzky, D.},
  month = {November},
  note = {\url{https://proceedings.neurips.cc/paper_files/paper/1990/file/f2fc990265c712c49d51a18a32b39f0c-Paper.pdf}},
  openalex = {W2141556666},
  publisher = {Morgan-Kaufmann},
  series = {Conference Track Proceedings},
  title = {Discrete Affine Wavelet Transforms For Anaylsis And Synthesis Of Feedfoward Neural Networks},
  volume = {3},
  year = {1990}
}

@inproceedings{pearlmutter1990chaitin,
  address = {Denver, Colorado, USA},
  author = {Pearlmutter, Barak and Rosenfeld, Ronald},
  booktitle = {Advances in Neural Information Processing Systems 3 (NIPS)},
  editor = {Lippmann, R.P. and Moody, J. and Touretzky, D.},
  month = {November},
  note = {\url{https://proceedings.neurips.cc/paper_files/paper/1990/file/28f0b864598a1291557bed248a998d4e-Paper.pdf}},
  publisher = {Morgan-Kaufmann},
  series = {Conference Track Proceedings},
  title = {Chaitin-Kolmogorov Complexity and Generalization in Neural Networks},
  volume = {3},
  year = {1990}
}

@inproceedings{pearson1990applications,
  address = {Denver, Colorado, USA},
  author = {Pearson, John C. and Spence, Clay D. and Sverdlove, Ronald},
  booktitle = {Advances in Neural Information Processing Systems 3 (NIPS)},
  editor = {Lippmann, R.P. and Moody, J. and Touretzky, D.},
  month = {November},
  note = {\url{https://proceedings.neurips.cc/paper_files/paper/1990/file/158f3069a435b314a80bdcb024f8e422-Paper.pdf}},
  openalex = {W2134190269},
  publisher = {Morgan-Kaufmann},
  series = {Conference Track Proceedings},
  title = {Applications of Neural Networks in Video Signal Processing},
  volume = {3},
  year = {1990}
}

@inproceedings{perry1990lg,
  address = {Denver, Colorado, USA},
  author = {Perry, John L. and Baumgardt, Douglas R.},
  booktitle = {Advances in Neural Information Processing Systems 3 (NIPS)},
  editor = {Lippmann, R.P. and Moody, J. and Touretzky, D.},
  month = {November},
  note = {\url{https://proceedings.neurips.cc/paper_files/paper/1990/file/c86a7ee3d8ef0b551ed58e354a836f2b-Paper.pdf}},
  openalex = {W1854422967},
  publisher = {Morgan-Kaufmann},
  series = {Conference Track Proceedings},
  title = {Lg depth estimation and ripple fire characterization using artificial neural networks},
  volume = {3},
  year = {1990}
}

@inproceedings{platt1990leaning,
  address = {Denver, Colorado, USA},
  author = {Platt, John},
  booktitle = {Advances in Neural Information Processing Systems 3 (NIPS)},
  editor = {Lippmann, R. P. and Moody, J. and Touretzky, D.},
  month = {November},
  note = {\url{https://proceedings.neurips.cc/paper_files/paper/1990/file/89f0fd5c927d466d6ec9a21b9ac34ffa-Paper.pdf}},
  openalex = {W2112735360},
  publisher = {Morgan-Kaufmann},
  series = {Conference Track Proceedings},
  title = {Leaning by Combining Memorization and Gradient Descent},
  volume = {3},
  year = {1990}
}

@inproceedings{pollack1990language,
  address = {Denver, Colorado, USA},
  author = {Pollack, Jordan},
  booktitle = {Advances in Neural Information Processing Systems 3 (NIPS)},
  editor = {Lippmann, R.P. and Moody, J. and Touretzky, D.},
  month = {November},
  note = {\url{https://proceedings.neurips.cc/paper_files/paper/1990/file/26e359e83860db1d11b6acca57d8ea88-Paper.pdf}},
  openalex = {W2146367896},
  publisher = {Morgan-Kaufmann},
  series = {Conference Track Proceedings},
  title = {Language Induction by Phase Transition in Dynamical Recognizers},
  volume = {3},
  year = {1990}
}

@inproceedings{pomerleau1990rapidly,
  address = {Denver, Colorado, USA},
  author = {Pomerleau, Dean},
  booktitle = {Advances in Neural Information Processing Systems 3 (NIPS)},
  editor = {Lippmann, R.P. and Moody, J. and Touretzky, D.},
  month = {November},
  note = {\url{https://proceedings.neurips.cc/paper_files/paper/1990/file/248e844336797ec98478f85e7626de4a-Paper.pdf}},
  openalex = {W2117109997},
  publisher = {Morgan-Kaufmann},
  series = {Conference Track Proceedings},
  title = {Rapidly Adapting Artificial Neural Networks for Autonomous Navigation},
  volume = {3},
  year = {1990}
}

@inproceedings{rieke1990optimal,
  address = {Denver, Colorado, USA},
  author = {Riekea, Fred and Owen, W. Geoffrey and Bialeka, William},
  booktitle = {Advances in Neural Information Processing Systems 3 (NIPS)},
  editor = {Lippmann, R.P. and Moody, J. and Touretzky, D.},
  month = {November},
  note = {\url{https://proceedings.neurips.cc/paper_files/paper/1990/file/019d385eb67632a7e958e23f24bd07d7-Paper.pdf}},
  openalex = {W2115636295},
  publisher = {Morgan-Kaufmann},
  series = {Conference Track Proceedings},
  title = {Optimal Filtering in the Salamander Retina},
  volume = {3},
  year = {1990}
}

@inproceedings{rohwer1990time,
  address = {Denver, Colorado, USA},
  author = {Rohwer, Richard},
  booktitle = {Advances in Neural Information Processing Systems 3 (NIPS)},
  editor = {Lippmann, R.P. and Moody, J. and Touretzky, D.},
  month = {November},
  note = {\url{https://proceedings.neurips.cc/paper_files/paper/1990/file/f73b76ce8949fe29bf2a537cfa420e8f-Paper.pdf}},
  openalex = {W2170667501},
  publisher = {Morgan-Kaufmann},
  series = {Conference Track Proceedings},
  title = {Time Trials on Second-Order and Variable-Learning-Rate Algorithms},
  volume = {3},
  year = {1990}
}

@inproceedings{roitblat1990natural,
  address = {Denver, Colorado, USA},
  author = {Roitblat, Herbert and Moore, Patrick and Nachtigall, Paul and Penner, Ralph},
  booktitle = {Advances in Neural Information Processing Systems 3 (NIPS)},
  editor = {Lippmann, R. P. and Moody, J. and Touretzky, D.},
  month = {November},
  note = {\url{https://proceedings.neurips.cc/paper_files/paper/1990/file/6da37dd3139aa4d9aa55b8d237ec5d4a-Paper.pdf}},
  publisher = {Morgan-Kaufmann},
  series = {Conference Track Proceedings},
  title = {Natural Dolphin Echo Recognition Using an Integrator Gateway Network},
  volume = {3},
  year = {1990}
}

@inproceedings{rosen1990adaptive,
  address = {Denver, Colorado, USA},
  author = {Rosen, Bruce E. and Goodwin, James M. and Vidal, Jacques J.},
  booktitle = {Advances in Neural Information Processing Systems 3 (NIPS)},
  editor = {Lippmann, R.P. and Moody, J. and Touretzky, D.},
  month = {November},
  note = {\url{https://proceedings.neurips.cc/paper_files/paper/1990/file/caf1a3dfb505ffed0d024130f58c5cfa-Paper.pdf}},
  openalex = {W2167525967},
  publisher = {Morgan-Kaufmann},
  series = {Conference Track Proceedings},
  title = {Adaptive Range Coding},
  volume = {3},
  year = {1990}
}

@inproceedings{rossen1990closed,
  address = {Denver, Colorado, USA},
  author = {Rossen, Michael L.},
  booktitle = {Advances in Neural Information Processing Systems 3 (NIPS)},
  editor = {Lippmann, R.P. and Moody, J. and Touretzky, D.},
  month = {November},
  note = {\url{https://proceedings.neurips.cc/paper_files/paper/1990/file/06eb61b839a0cefee4967c67ccb099dc-Paper.pdf}},
  openalex = {W2158533106},
  publisher = {Morgan-Kaufmann},
  series = {Conference Track Proceedings},
  title = {Closed-Form Inversion of Backpropagation Networks: Theory and Optimization Issues},
  volume = {3},
  year = {1990}
}

@inproceedings{roychowdhury1990on,
  address = {Denver, Colorado, USA},
  author = {Roychowdhury, Vwani and Siu, K.-Y. and Orlitsky, Alon and Kailath, T.},
  booktitle = {Advances in Neural Information Processing Systems 3 (NIPS)},
  editor = {Lippmann, R. P. and Moody, J. and Touretzky, D.},
  month = {November},
  note = {\url{https://proceedings.neurips.cc/paper_files/paper/1990/file/8dd48d6a2e2cad213179a3992c0be53c-Paper.pdf}},
  openalex = {W2140772796},
  publisher = {Morgan-Kaufmann},
  series = {Conference Track Proceedings},
  title = {On the Circuit Complexity of Neural Networks},
  volume = {3},
  year = {1990}
}

@inproceedings{ruppin1990attractor,
  address = {Denver, Colorado, USA},
  author = {Ruppin, Eytan and Yeshurun, Yehezkel},
  booktitle = {Advances in Neural Information Processing Systems 3 (NIPS)},
  editor = {Lippmann, R. P. and Moody, J. and Touretzky, D.},
  month = {November},
  note = {\url{https://proceedings.neurips.cc/paper_files/paper/1990/file/8e98d81f8217304975ccb23337bb5761-Paper.pdf}},
  openalex = {W2156715913},
  publisher = {Morgan-Kaufmann},
  series = {Conference Track Proceedings},
  title = {An Attractor Neural Network Model of Recall and Recognition},
  volume = {3},
  year = {1990}
}

@inproceedings{saha1990oriented,
  address = {Denver, Colorado, USA},
  author = {Saha, Avijit and Christian, Jim and Tang, Dun-Sung and Chuan-Lin, Wu},
  booktitle = {Advances in Neural Information Processing Systems 3 (NIPS)},
  editor = {Lippmann, R.P. and Moody, J. and Touretzky, D.},
  month = {November},
  note = {\url{https://proceedings.neurips.cc/paper_files/paper/1990/file/42e7aaa88b48137a16a1acd04ed91125-Paper.pdf}},
  publisher = {Morgan-Kaufmann},
  series = {Conference Track Proceedings},
  title = {Oriented Non-Radial Basis Functions for Image Coding and Analysis},
  volume = {3},
  year = {1990}
}

@inproceedings{sanger1990basis,
  address = {Denver, Colorado, USA},
  author = {Sanger, Terence D.},
  booktitle = {Advances in Neural Information Processing Systems 3 (NIPS)},
  editor = {Lippmann, R.P. and Moody, J. and Touretzky, D.},
  month = {November},
  note = {\url{https://proceedings.neurips.cc/paper_files/paper/1990/file/40008b9a5380fcacce3976bf7c08af5b-Paper.pdf}},
  openalex = {W2147512992},
  publisher = {Morgan-Kaufmann},
  series = {Conference Track Proceedings},
  title = {Basis-Function Trees as a Generalization of Local Variable Selection Methods for Function Approximation},
  volume = {3},
  year = {1990}
}

@inproceedings{schley1990neural,
  address = {Denver, Colorado, USA},
  author = {Schley, Charles and Chauvin, Yves and Henkle, Van and Golden, Richard M.},
  booktitle = {Advances in Neural Information Processing Systems 3 (NIPS)},
  editor = {Lippmann, R.P. and Moody, J. and Touretzky, D.},
  month = {November},
  note = {\url{https://proceedings.neurips.cc/paper_files/paper/1990/file/0584ce565c824b7b7f50282d9a19945b-Paper.pdf}},
  openalex = {W2099512582},
  publisher = {Morgan-Kaufmann},
  series = {Conference Track Proceedings},
  title = {Neural Networks Structured for Control Application to Aircraft Landing},
  volume = {3},
  year = {1990}
}

@inproceedings{schmidhuber1990reinforcement,
  address = {Denver, Colorado, USA},
  author = {Schmidhuber, Jürgen},
  booktitle = {Advances in Neural Information Processing Systems 3 (NIPS)},
  editor = {Lippmann, R. P. and Moody, J. and Touretzky, D.},
  month = {November},
  note = {\url{https://proceedings.neurips.cc/paper_files/paper/1990/file/70c639df5e30bdee440e4cdf599fec2b-Paper.pdf}},
  openalex = {W2115121720},
  publisher = {Morgan-Kaufmann},
  series = {Conference Track Proceedings},
  title = {Reinforcement Learning in Markovian and Non-Markovian Environments},
  volume = {3},
  year = {1990}
}

@inproceedings{schwartz1990analog,
  address = {Denver, Colorado, USA},
  author = {Schwartz, Daniel and Samalam, Vijay K.},
  booktitle = {Advances in Neural Information Processing Systems 3 (NIPS)},
  editor = {Lippmann, R. P. and Moody, J. and Touretzky, D.},
  month = {November},
  note = {\url{https://proceedings.neurips.cc/paper_files/paper/1990/file/58238e9ae2dd305d79c2ebc8c1883422-Paper.pdf}},
  openalex = {W2168000613},
  publisher = {Morgan-Kaufmann},
  series = {Conference Track Proceedings},
  title = {An Analog VLSI Splining Network},
  volume = {3},
  year = {1990}
}

@inproceedings{sereno1990learning,
  address = {Denver, Colorado, USA},
  author = {Sereno, Martin I. and Sereno, Margaret E.},
  booktitle = {Advances in Neural Information Processing Systems 3 (NIPS)},
  editor = {Lippmann, R. P. and Moody, J. and Touretzky, D.},
  month = {November},
  note = {\url{https://proceedings.neurips.cc/paper_files/paper/1990/file/5ef698cd9fe650923ea331c15af3b160-Paper.pdf}},
  openalex = {W2155427687},
  publisher = {Morgan-Kaufmann},
  series = {Conference Track Proceedings},
  title = {Learning to See Rotation and Dilation with a Hebb Rule},
  volume = {3},
  year = {1990}
}

@inproceedings{shashua1990grouping,
  address = {Denver, Colorado, USA},
  author = {Shashua, Amnon and Ullman, Shimon},
  booktitle = {Advances in Neural Information Processing Systems 3 (NIPS)},
  editor = {Lippmann, R.P. and Moody, J. and Touretzky, D.},
  month = {November},
  note = {\url{https://proceedings.neurips.cc/paper_files/paper/1990/file/1651cf0d2f737d7adeab84d339dbabd3-Paper.pdf}},
  openalex = {W2145800791},
  publisher = {Morgan-Kaufmann},
  series = {Conference Track Proceedings},
  title = {Grouping Contours by Iterated Pairing Network},
  volume = {3},
  year = {1990}
}

@inproceedings{shepard1990connectionist,
  address = {Denver, Colorado, USA},
  author = {Shepard, Roger N. and Kannappan, Sheila J.},
  booktitle = {Advances in Neural Information Processing Systems 3 (NIPS)},
  editor = {Lippmann, R.P. and Moody, J. and Touretzky, D.},
  month = {November},
  note = {\url{https://proceedings.neurips.cc/paper_files/paper/1990/file/efe937780e95574250dabe07151bdc23-Paper.pdf}},
  openalex = {W2160913205},
  publisher = {Morgan-Kaufmann},
  series = {Conference Track Proceedings},
  title = {Connectionist Implementation of a Theory of Generalization},
  volume = {3},
  year = {1990}
}

@inproceedings{simard1990shaping,
  address = {Denver, Colorado, USA},
  author = {Simard, Patrice and Raysz, Jean and Victorri, Bernard},
  booktitle = {Advances in Neural Information Processing Systems 3 (NIPS)},
  editor = {Lippmann, R.P. and Moody, J. and Touretzky, D.},
  month = {November},
  note = {\url{https://proceedings.neurips.cc/paper_files/paper/1990/file/4f6ffe13a5d75b2d6a3923922b3922e5-Paper.pdf}},
  publisher = {Morgan-Kaufmann},
  series = {Conference Track Proceedings},
  title = {Shaping the State Space Landscape in Recurrent Networks},
  volume = {3},
  year = {1990}
}

@inproceedings{skrzypek1990feedback,
  address = {Denver, Colorado, USA},
  author = {Skrzypek, Josef},
  booktitle = {Advances in Neural Information Processing Systems 3 (NIPS)},
  editor = {Lippmann, R. P. and Moody, J. and Touretzky, D.},
  month = {November},
  note = {\url{https://proceedings.neurips.cc/paper_files/paper/1990/file/a02ffd91ece5e7efeb46db8f10a74059-Paper.pdf}},
  openalex = {W2143014720},
  publisher = {Morgan-Kaufmann},
  series = {Conference Track Proceedings},
  title = {Feedback Synapse to Cone and Light Adaptation},
  volume = {3},
  year = {1990}
}

@inproceedings{smyth1990on,
  address = {Denver, Colorado, USA},
  author = {Smyth, Padhraic},
  booktitle = {Advances in Neural Information Processing Systems 3 (NIPS)},
  editor = {Lippmann, R.P. and Moody, J. and Touretzky, D.},
  month = {November},
  note = {\url{https://proceedings.neurips.cc/paper_files/paper/1990/file/ddb30680a691d157187ee1cf9e896d03-Paper.pdf}},
  openalex = {W2113825526},
  publisher = {Morgan-Kaufmann},
  series = {Conference Track Proceedings},
  title = {On Stochastic Complexity and Admissible Models for Neural Network Classifiers},
  volume = {3},
  year = {1990}
}

@inproceedings{snapp1990asymptotic,
  address = {Denver, Colorado, USA},
  author = {Snapp, Robert R. and Psaltis, Demetri and Venkatesh, Santosh S.},
  booktitle = {Advances in Neural Information Processing Systems 3 (NIPS)},
  editor = {Lippmann, R.P. and Moody, J. and Touretzky, D.},
  month = {November},
  note = {\url{https://proceedings.neurips.cc/paper_files/paper/1990/file/c042f4db68f23406c6cecf84a7ebb0fe-Paper.pdf}},
  openalex = {W2106123800},
  publisher = {Morgan-Kaufmann},
  series = {Conference Track Proceedings},
  title = {Asymptotic slowing down of the nearest-neighbor classifier},
  volume = {3},
  year = {1990}
}

@inproceedings{snyder1990kohonen,
  address = {Denver, Colorado, USA},
  author = {Snyder, Wesley E. and Nissman, Daniel and Bout, David Van den and Bilbro, Griff L.},
  booktitle = {Advances in Neural Information Processing Systems 3 (NIPS)},
  editor = {Lippmann, R.P. and Moody, J. and Touretzky, D.},
  month = {November},
  note = {\url{https://proceedings.neurips.cc/paper_files/paper/1990/file/371bce7dc83817b7893bcdeed13799b5-Paper.pdf}},
  openalex = {W2151890348},
  publisher = {Morgan-Kaufmann},
  series = {Conference Track Proceedings},
  title = {Kohonen Networks and Clustering: Comparative Performance in Color Clustering},
  volume = {3},
  year = {1990}
}

@inproceedings{sontag1990remarks,
  address = {Denver, Colorado, USA},
  author = {Sontag, Eduardo D.},
  booktitle = {Advances in Neural Information Processing Systems 3 (NIPS)},
  editor = {Lippmann, R.P. and Moody, J. and Touretzky, D.},
  month = {November},
  note = {\url{https://proceedings.neurips.cc/paper_files/paper/1990/file/2421fcb1263b9530df88f7f002e78ea5-Paper.pdf}},
  openalex = {W2116594222},
  publisher = {Morgan-Kaufmann},
  series = {Conference Track Proceedings},
  title = {Remarks on Interpolation and Recognition Using Neural Nets},
  volume = {3},
  year = {1990}
}

@inproceedings{sorheim1990art2,
  address = {Denver, Colorado, USA},
  author = {Sørheim, Einar A.},
  booktitle = {Advances in Neural Information Processing Systems 3 (NIPS)},
  editor = {Lippmann, R.P. and Moody, J. and Touretzky, D.},
  month = {November},
  note = {\url{https://proceedings.neurips.cc/paper_files/paper/1990/file/11b9842e0a271ff252c1903e7132cd68-Paper.pdf}},
  openalex = {W2150301521},
  publisher = {Morgan-Kaufmann},
  series = {Conference Track Proceedings},
  title = {ART2/BP architecture for adaptive estimation of dynamic processes},
  volume = {3},
  year = {1990}
}

@inproceedings{sutton1990integrated,
  address = {Denver, Colorado, USA},
  author = {Sutton, Richard S.},
  booktitle = {Advances in Neural Information Processing Systems 3 (NIPS)},
  editor = {Lippmann, R.P. and Moody, J. and Touretzky, D.},
  month = {November},
  note = {\url{https://proceedings.neurips.cc/paper_files/paper/1990/file/d9fc5b73a8d78fad3d6dffe419384e70-Paper.pdf}},
  openalex = {W2114384389},
  publisher = {Morgan-Kaufmann},
  series = {Conference Track Proceedings},
  title = {Integrated Modeling and Control Based on Reinforcement Learning and Dynamic Programming},
  volume = {3},
  year = {1990}
}

@inproceedings{tam1990signal,
  address = {Denver, Colorado, USA},
  author = {Tam, David},
  booktitle = {Advances in Neural Information Processing Systems 3 (NIPS)},
  editor = {Lippmann, R.P. and Moody, J. and Touretzky, D.},
  month = {November},
  note = {\url{https://proceedings.neurips.cc/paper_files/paper/1990/file/c5ff2543b53f4cc0ad3819a36752467b-Paper.pdf}},
  publisher = {Morgan-Kaufmann},
  series = {Conference Track Proceedings},
  title = {Signal Processing by Multiplexing and Demultiplexing in Neurons},
  volume = {3},
  year = {1990}
}

@inproceedings{tanaka1990interaction,
  address = {Denver, Colorado, USA},
  author = {Tanaka, Shigeru},
  booktitle = {Advances in Neural Information Processing Systems 3 (NIPS)},
  editor = {Lippmann, R. P. and Moody, J. and Touretzky, D.},
  month = {November},
  note = {\url{https://proceedings.neurips.cc/paper_files/paper/1990/file/5737c6ec2e0716f3d8a7a5c4e0de0d9a-Paper.pdf}},
  openalex = {W2110178351},
  publisher = {Morgan-Kaufmann},
  series = {Conference Track Proceedings},
  title = {Interaction Among Ocularity, Retinotopy and On-center/Off-center Pathways During Development},
  volume = {3},
  year = {1990}
}

@inproceedings{tarassenko1990real,
  address = {Denver, Colorado, USA},
  author = {Tarassenko, Lionel and Brownlow, Michael and Marshall, G.F. and Tombs, J.N. and Murray, Alan},
  booktitle = {Advances in Neural Information Processing Systems 3 (NIPS)},
  editor = {Lippmann, R. P. and Moody, J. and Touretzky, D.},
  month = {November},
  note = {\url{https://proceedings.neurips.cc/paper_files/paper/1990/file/66808e327dc79d135ba18e051673d906-Paper.pdf}},
  openalex = {W2134615954},
  publisher = {Morgan-Kaufmann},
  series = {Conference Track Proceedings},
  title = {Real-time autonomous robot navigation using VLSI neural networks},
  volume = {3},
  year = {1990}
}

@inproceedings{tebelskis1990continuous,
  address = {Denver, Colorado, USA},
  author = {Tebelskis, Joe and Waibel, Alex and Petek, B. and Schmidbauer, Otto},
  booktitle = {Advances in Neural Information Processing Systems 3 (NIPS)},
  editor = {Lippmann, R. P. and Moody, J. and Touretzky, D.},
  month = {November},
  note = {\url{https://proceedings.neurips.cc/paper_files/paper/1990/file/aa942ab2bfa6ebda4840e7360ce6e7ef-Paper.pdf}},
  openalex = {W2141709886},
  publisher = {Morgan-Kaufmann},
  series = {Conference Track Proceedings},
  title = {Continuous Speech Recognition by Linked Predictive Neural Networks},
  volume = {3},
  year = {1990}
}

@inproceedings{teeters1990four,
  address = {Denver, Colorado, USA},
  author = {Teeters, Jeffrey L. and Eeckman, Frank H. and Werblin, Frank S.},
  booktitle = {Advances in Neural Information Processing Systems 3 (NIPS)},
  editor = {Lippmann, R.P. and Moody, J. and Touretzky, D.},
  month = {November},
  note = {\url{https://proceedings.neurips.cc/paper_files/paper/1990/file/cf004fdc76fa1a4f25f62e0eb5261ca3-Paper.pdf}},
  openalex = {W2124753757},
  publisher = {Morgan-Kaufmann},
  series = {Conference Track Proceedings},
  title = {A four neuron circuit accounts for change sensitive inhibition in salamander retina},
  volume = {3},
  year = {1990}
}

@inproceedings{thrun1990planning,
  address = {Denver, Colorado, USA},
  author = {Thrun, Sebastian and Möller, Knut and Linden, Alexander},
  booktitle = {Advances in Neural Information Processing Systems 3 (NIPS)},
  editor = {Lippmann, R. P. and Moody, J. and Touretzky, D.},
  month = {November},
  note = {\url{https://proceedings.neurips.cc/paper_files/paper/1990/file/9be40cee5b0eee1462c82c6964087ff9-Paper.pdf}},
  openalex = {W2157445228},
  publisher = {Morgan-Kaufmann},
  series = {Conference Track Proceedings},
  title = {Planning with an Adaptive World Model},
  volume = {3},
  year = {1990}
}

@inproceedings{toomarian1990adjoint,
  address = {Denver, Colorado, USA},
  author = {Toomarian, Nikzad and Barhen, J.},
  booktitle = {Advances in Neural Information Processing Systems 3 (NIPS)},
  editor = {Lippmann, R.P. and Moody, J. and Touretzky, D.},
  month = {November},
  note = {\url{https://proceedings.neurips.cc/paper_files/paper/1990/file/25b2822c2f5a3230abfadd476e8b04c9-Paper.pdf}},
  openalex = {W2170605924},
  publisher = {Morgan-Kaufmann},
  series = {Conference Track Proceedings},
  title = {Adjoint-Functions and Temporal Learning Algorithms in Neural Networks},
  volume = {3},
  year = {1990}
}

@inproceedings{touretzky1990exploiting,
  address = {Denver, Colorado, USA},
  author = {Touretzky, David S. and Wheeler, Deirdre},
  booktitle = {Advances in Neural Information Processing Systems 3 (NIPS)},
  editor = {Lippmann, R.P. and Moody, J. and Touretzky, D.},
  month = {November},
  note = {\url{https://proceedings.neurips.cc/paper_files/paper/1990/file/d709f38ef758b5066ef31b18039b8ce5-Paper.pdf}},
  openalex = {W2156332683},
  publisher = {Morgan-Kaufmann},
  series = {Conference Track Proceedings},
  title = {Exploiting Syllable Structure in a Connectionist Phonology Model},
  volume = {3},
  year = {1990}
}

@inproceedings{tresp1990neural,
  address = {Denver, Colorado, USA},
  author = {Tresp, Volker},
  booktitle = {Advances in Neural Information Processing Systems 3 (NIPS)},
  editor = {Lippmann, R. P. and Moody, J. and Touretzky, D.},
  month = {November},
  note = {\url{https://proceedings.neurips.cc/paper_files/paper/1990/file/8bf1211fd4b7b94528899de0a43b9fb3-Paper.pdf}},
  openalex = {W2136033320},
  publisher = {Morgan-Kaufmann},
  series = {Conference Track Proceedings},
  title = {A Neural Network Approach for Three-Dimensional Object Recognition},
  volume = {3},
  year = {1990}
}

@inproceedings{tsoi1990comparison,
  address = {Denver, Colorado, USA},
  author = {Tsoi, A.C. and Pearson, R.},
  booktitle = {Advances in Neural Information Processing Systems 3 (NIPS)},
  editor = {Lippmann, R.P. and Moody, J. and Touretzky, D.},
  month = {November},
  note = {\url{https://proceedings.neurips.cc/paper_files/paper/1990/file/1068c6e4c8051cfd4e9ea8072e3189e2-Paper.pdf}},
  publisher = {Morgan-Kaufmann},
  series = {Conference Track Proceedings},
  title = {Comparison of three classification techniques: CART, C4.5 and Multi-Layer Perceptrons},
  volume = {3},
  year = {1990}
}

@inproceedings{wang1990multiscale,
  address = {Denver, Colorado, USA},
  author = {Wang, H. Taichi and Mathur, B. and Koch, Christof},
  booktitle = {Advances in Neural Information Processing Systems 3 (NIPS)},
  editor = {Lippmann, R. P. and Moody, J. and Touretzky, D.},
  month = {November},
  note = {\url{https://proceedings.neurips.cc/paper_files/paper/1990/file/9dfcd5e558dfa04aaf37f137a1d9d3e5-Paper.pdf}},
  openalex = {W2152874884},
  publisher = {Morgan-Kaufmann},
  series = {Conference Track Proceedings},
  title = {A Multiscale Adaptive Network Model of Motion Computation in Primates},
  volume = {3},
  year = {1990}
}

@inproceedings{weigend1990generalization,
  address = {Denver, Colorado, USA},
  author = {Weigend, Andreas S. and Rumelhart, David E. and Huberman, Bernardo A.},
  booktitle = {Advances in Neural Information Processing Systems 3 (NIPS)},
  editor = {Lippmann, R.P. and Moody, J. and Touretzky, D.},
  month = {November},
  note = {\url{https://proceedings.neurips.cc/paper_files/paper/1990/file/bc6dc48b743dc5d013b1abaebd2faed2-Paper.pdf}},
  openalex = {W2164359548},
  publisher = {Morgan-Kaufmann},
  series = {Conference Track Proceedings},
  title = {Generalization by Weight-Elimination with Application to Forecasting},
  volume = {3},
  year = {1990}
}

@inproceedings{weinshall1990qualitative,
  address = {Denver, Colorado, USA},
  author = {Weinshall, Daphna},
  booktitle = {Advances in Neural Information Processing Systems 3 (NIPS)},
  editor = {Lippmann, R. P. and Moody, J. and Touretzky, D.},
  month = {November},
  note = {\url{https://proceedings.neurips.cc/paper_files/paper/1990/file/5b8add2a5d98b1a652ea7fd72d942dac-Paper.pdf}},
  publisher = {Morgan-Kaufmann},
  series = {Conference Track Proceedings},
  title = {Qualitative structure from motion},
  volume = {3},
  year = {1990}
}

@inproceedings{wiles1990direct,
  address = {Denver, Colorado, USA},
  author = {Wiles, Janet and Humphreys, Michael S. and Bain, John and Dennis, Simon},
  booktitle = {Advances in Neural Information Processing Systems 3 (NIPS)},
  editor = {Lippmann, R. P. and Moody, J. and Touretzky, D.},
  month = {November},
  note = {\url{https://proceedings.neurips.cc/paper_files/paper/1990/file/a49e9411d64ff53eccfdd09ad10a15b3-Paper.pdf}},
  openalex = {W2162372691},
  publisher = {Morgan-Kaufmann},
  series = {Conference Track Proceedings},
  title = {Direct memory access using two cues: Finding the intersection of sets in a connectionist model},
  volume = {3},
  year = {1990}
}

@inproceedings{williamson1990e,
  address = {Denver, Colorado, USA},
  author = {Williamson, Robert C.},
  booktitle = {Advances in Neural Information Processing Systems 3 (NIPS)},
  editor = {Lippmann, R.P. and Moody, J. and Touretzky, D.},
  month = {November},
  note = {\url{https://proceedings.neurips.cc/paper_files/paper/1990/file/39461a19e9eddfb385ea76b26521ea48-Paper.pdf}},
  openalex = {W2127278788},
  publisher = {Morgan-Kaufmann},
  series = {Conference Track Proceedings},
  title = {e-Entropy and the Complexity of Feedforward Neural Networks},
  volume = {3},
  year = {1990}
}

@inproceedings{zemel1990discovering,
  address = {Denver, Colorado, USA},
  author = {Zemel, Richard S. and Hinton, Geoffrey E.},
  booktitle = {Advances in Neural Information Processing Systems 3 (NIPS)},
  editor = {Lippmann, R. P. and Moody, J. and Touretzky, D.},
  month = {November},
  note = {\url{https://proceedings.neurips.cc/paper_files/paper/1990/file/6faa8040da20ef399b63a72d0e4ab575-Paper.pdf}},
  openalex = {W2142150270},
  publisher = {Morgan-Kaufmann},
  series = {Conference Track Proceedings},
  title = {Discovering Viewpoint-Invariant Relationships That Characterize Objects},
  volume = {3},
  year = {1990}
}

@inproceedings{zue1990from,
  address = {Denver, Colorado, USA},
  author = {Zue, Victor W. and Glass, James and Goodine, David and Hirschman, Lynette and Leung, Hong and Phillips, Michael and Polifroni, Joseph and Seneff, Stephanie},
  booktitle = {Advances in Neural Information Processing Systems 3 (NIPS)},
  editor = {Lippmann, R.P. and Moody, J. and Touretzky, D.},
  month = {November},
  note = {\url{https://proceedings.neurips.cc/paper_files/paper/1990/file/bbf94b34eb32268ada57a3be5062fe7d-Paper.pdf}},
  openalex = {W2107333876},
  publisher = {Morgan-Kaufmann},
  series = {Conference Track Proceedings},
  title = {From Speech Recognition to Spoken Language Understanding: The Development of the MIT SUMMIT and VOYAGER Systems},
  volume = {3},
  year = {1990}
}
