@inproceedings{ahmad1991visit,
  address = {Denver, Colorado, USA},
  author = {Ahmad, Subutai},
  booktitle = {Advances in Neural Information Processing Systems 4 (NIPS)},
  editor = {Moody, J. and Hanson, S. and Lippmann, R.P.},
  month = {December},
  note = {\url{https://proceedings.neurips.cc/paper_files/paper/1991/file/7f24d240521d99071c93af3917215ef7-Paper.pdf}},
  openalex = {W2120078010},
  publisher = {Morgan-Kaufmann},
  series = {Conference Track Proceedings},
  title = {VISIT: A Neural Model of Covert Visual Attention},
  volume = {4},
  year = {1991}
}

@inproceedings{alspector1991experimental,
  address = {Denver, Colorado, USA},
  author = {Alspector, J. and Jayakumar, Anthony and Luna, Stephan},
  booktitle = {Advances in Neural Information Processing Systems 4 (NIPS)},
  editor = {J. Moody and S. Hanson and R.P. Lippmann},
  month = {December},
  note = {\url{https://proceedings.neurips.cc/paper_files/paper/1991/file/49ae49a23f67c759bf4fc791ba842aa2-Paper.pdf}},
  openalex = {W2108424167},
  publisher = {Morgan-Kaufmann},
  series = {Conference Track Proceedings},
  title = {Experimental Evaluation of Learning in a Neural Microsystem},
  volume = {4},
  year = {1991}
}

@inproceedings{anastasio1991learning,
  address = {Denver, Colorado, USA},
  author = {Anastasio, Thomas J.},
  booktitle = {Advances in Neural Information Processing Systems 4 (NIPS)},
  editor = {J. Moody and S. Hanson and R.P. Lippmann},
  month = {December},
  note = {\url{https://proceedings.neurips.cc/paper_files/paper/1991/file/25ddc0f8c9d3e22e03d3076f98d83cb2-Paper.pdf}},
  openalex = {W2152613550},
  publisher = {Morgan-Kaufmann},
  series = {Conference Track Proceedings},
  title = {Learning in the Vestibular System: Simulations of Vestibular Compensation Using Recurrent Back-Propagation},
  volume = {4},
  year = {1991}
}

@inproceedings{anderson1991optical,
  address = {Denver, Colorado, USA},
  author = {Anderson, Dana Z. and Benkert, Claus and Hebler, Verena and Jang, Ju-Seog and Montgomery, D. and Saffman, M.},
  booktitle = {Advances in Neural Information Processing Systems 4 (NIPS)},
  editor = {Moody, J. and Hanson, S. and Lippmann, R.P.},
  month = {December},
  note = {\url{https://proceedings.neurips.cc/paper_files/paper/1991/file/5b69b9cb83065d403869739ae7f0995e-Paper.pdf}},
  openalex = {W2146289280},
  publisher = {Morgan-Kaufmann},
  series = {Conference Track Proceedings},
  title = {Optical Implementation of a Self-Organizing Feature Extractor},
  volume = {4},
  year = {1991}
}

@inproceedings{basri1991linear,
  address = {Denver, Colorado, USA},
  author = {Basri, Ronen and Ullman, Shimon},
  booktitle = {Advances in Neural Information Processing Systems 4 (NIPS)},
  editor = {J. Moody and S. Hanson and R.P. Lippmann},
  month = {December},
  note = {\url{https://proceedings.neurips.cc/paper_files/paper/1991/file/2b8a61594b1f4c4db0902a8a395ced93-Paper.pdf}},
  openalex = {W2124712368},
  publisher = {Morgan-Kaufmann},
  series = {Conference Track Proceedings},
  title = {Linear Operator for Object Recognition},
  volume = {4},
  year = {1991}
}

@inproceedings{bauer1991topographic,
  address = {Denver, Colorado, USA},
  author = {Bauer, Hans-Ulrich and Pawelzik, Klaus and Geisel, Theo},
  booktitle = {Advances in Neural Information Processing Systems 4 (NIPS)},
  editor = {J. Moody and S. Hanson and R.P. Lippmann},
  month = {December},
  note = {\url{https://proceedings.neurips.cc/paper_files/paper/1991/file/389bc7bb1e1c2a5e7e147703232a88f6-Paper.pdf}},
  openalex = {W2104037735},
  publisher = {Morgan-Kaufmann},
  series = {Conference Track Proceedings},
  title = {A Topographic Product for the Optimization of Self-Organizing Feature Maps},
  volume = {4},
  year = {1991}
}

@inproceedings{becker1991learning,
  address = {Denver, Colorado, USA},
  author = {Becker, Suzanna and Hinton, Geoffrey E.},
  booktitle = {Advances in Neural Information Processing Systems 4 (NIPS)},
  editor = {Moody, J. and Hanson, S. and Lippmann, R. P.},
  month = {December},
  note = {\url{https://proceedings.neurips.cc/paper_files/paper/1991/file/c399862d3b9d6b76c8436e924a68c45b-Paper.pdf}},
  openalex = {W2129675393},
  publisher = {Morgan-Kaufmann},
  series = {Conference Track Proceedings},
  title = {Learning to Make Coherent Predictions in Domains with Discontinuities},
  volume = {4},
  year = {1991}
}

@inproceedings{bell1991self,
  address = {Denver, Colorado, USA},
  author = {Bell, Anthony J.},
  booktitle = {Advances in Neural Information Processing Systems 4 (NIPS)},
  editor = {Moody, J. and Hanson, S. and Lippmann, R.P.},
  month = {December},
  note = {\url{https://proceedings.neurips.cc/paper_files/paper/1991/file/647bba344396e7c8170902bcf2e15551-Paper.pdf}},
  openalex = {W2104992152},
  publisher = {Morgan-Kaufmann},
  series = {Conference Track Proceedings},
  title = {Self-organization in real neurons: Anti-Hebb in 'Channel Space'?},
  volume = {4},
  year = {1991}
}

@inproceedings{bengio1991neural,
  address = {Denver, Colorado, USA},
  author = {Bengio, Yoshua and Mori, Renato De and Flammia, Giovanni and Kompe, Ralf},
  booktitle = {Advances in Neural Information Processing Systems 4 (NIPS)},
  editor = {J. Moody and S. Hanson and R.P. Lippmann},
  month = {December},
  note = {\url{https://proceedings.neurips.cc/paper_files/paper/1991/file/07563a3fe3bbe7e3ba84431ad9d055af-Paper.pdf}},
  openalex = {W2126514931},
  publisher = {Morgan-Kaufmann},
  series = {Conference Track Proceedings},
  title = {Neural Network - Gaussian Mixture Hybrid for Speech Recognition or Density Estimation},
  volume = {4},
  year = {1991}
}

@inproceedings{benson1991direction,
  address = {Denver, Colorado, USA},
  author = {Benson, Ronald G. and Delbrück, Tobi},
  booktitle = {Advances in Neural Information Processing Systems 4 (NIPS)},
  editor = {Moody, J. and Hanson, S. and Lippmann, R. P.},
  month = {December},
  note = {\url{https://proceedings.neurips.cc/paper_files/paper/1991/file/f4be00279ee2e0a53eafdaa94a151e2c-Paper.pdf}},
  openalex = {W2114324411},
  publisher = {Morgan-Kaufmann},
  series = {Conference Track Proceedings},
  title = {Direction Selective Silicon Retina that uses Null Inhibition},
  volume = {4},
  year = {1991}
}

@inproceedings{bernander1991network,
  address = {Denver, Colorado, USA},
  author = {Bernander, Öjvind and Koch, Christof and Douglas, Rodney J.},
  booktitle = {Advances in Neural Information Processing Systems 4 (NIPS)},
  editor = {J. Moody and S. Hanson and R.P. Lippmann},
  month = {December},
  note = {\url{https://proceedings.neurips.cc/paper_files/paper/1991/file/16c222aa19898e5058938167c8ab6c57-Paper.pdf}},
  openalex = {W2161642883},
  publisher = {Morgan-Kaufmann},
  series = {Conference Track Proceedings},
  title = {Network activity determines spatio-temporal integration in single cells},
  volume = {4},
  year = {1991}
}

@inproceedings{bernasconi1991human,
  address = {Denver, Colorado, USA},
  author = {Bernasconi, J. and Gustafson, Karl},
  booktitle = {Advances in Neural Information Processing Systems 4 (NIPS)},
  editor = {Moody, J. and Hanson, S. and Lippmann, R.P.},
  month = {December},
  note = {\url{https://proceedings.neurips.cc/paper_files/paper/1991/file/67f7fb873eaf29526a11a9b7ac33bfac-Paper.pdf}},
  openalex = {W2114378827},
  publisher = {Morgan-Kaufmann},
  series = {Conference Track Proceedings},
  title = {Human and Machine 'Quick Modeling'},
  volume = {4},
  year = {1991}
}

@inproceedings{berthier1991cortico,
  address = {Denver, Colorado, USA},
  author = {Berthier, Neil E. and Singh, S. P. and Barto, Andrew G. and Houk, James C.},
  booktitle = {Advances in Neural Information Processing Systems 4 (NIPS)},
  editor = {J. Moody and S. Hanson and R.P. Lippmann},
  month = {December},
  note = {\url{https://proceedings.neurips.cc/paper_files/paper/1991/file/298f95e1bf9136124592c8d4825a06fc-Paper.pdf}},
  openalex = {W2122608718},
  publisher = {Morgan-Kaufmann},
  series = {Conference Track Proceedings},
  title = {A Cortico-Cerebellar Model that Learns to Generate Distributed Motor Commands to Control a Kinematic Arm},
  volume = {4},
  year = {1991}
}

@inproceedings{bertoni1991polynomial,
  address = {Denver, Colorado, USA},
  author = {Bertoni, Alberto and Campadelli, Paola and Morpurgo, Anna and Panizza, Sandra},
  booktitle = {Advances in Neural Information Processing Systems 4 (NIPS)},
  editor = {Moody, J. and Hanson, S. and Lippmann, R.P.},
  month = {December},
  note = {\url{https://proceedings.neurips.cc/paper_files/paper/1991/file/9ad6aaed513b73148b7d49f70afcfb32-Paper.pdf}},
  openalex = {W2098728981},
  publisher = {Morgan-Kaufmann},
  series = {Conference Track Proceedings},
  title = {Polynomial Uniform Convergence of Relative Frequencies to Probabilities},
  volume = {4},
  year = {1991}
}

@inproceedings{boahen1991contrast,
  address = {Denver, Colorado, USA},
  author = {Boahen, Kwabena and Andreou, Andreas G.},
  booktitle = {Advances in Neural Information Processing Systems 4 (NIPS)},
  editor = {Moody, J. and Hanson, S. and Lippmann, R. P.},
  month = {December},
  note = {\url{https://proceedings.neurips.cc/paper_files/paper/1991/file/e836d813fd184325132fca8edcdfb40e-Paper.pdf}},
  openalex = {W2137609251},
  publisher = {Morgan-Kaufmann},
  series = {Conference Track Proceedings},
  title = {A Contrast Sensitive Silicon Retina with Reciprocal Synapses},
  volume = {4},
  year = {1991}
}

@inproceedings{bonds1991dual,
  address = {Denver, Colorado, USA},
  author = {Bonds, A. B.},
  booktitle = {Advances in Neural Information Processing Systems 4 (NIPS)},
  editor = {Moody, J. and Hanson, S. and Lippmann, R. P.},
  month = {December},
  note = {\url{https://proceedings.neurips.cc/paper_files/paper/1991/file/db85e2590b6109813dafa101ceb2faeb-Paper.pdf}},
  openalex = {W2127685653},
  publisher = {Morgan-Kaufmann},
  series = {Conference Track Proceedings},
  title = {Dual Inhibitory Mechanisms for Definition of Receptive Field Characteristics in a Cat Striate Cortex},
  volume = {4},
  year = {1991}
}

@inproceedings{bridle1991unsupervised,
  address = {Denver, Colorado, USA},
  author = {Bridle, John and Heading, Anthony and MacKay, David},
  booktitle = {Advances in Neural Information Processing Systems 4 (NIPS)},
  editor = {Moody, J. and Hanson, S. and Lippmann, R.P.},
  month = {December},
  note = {\url{https://proceedings.neurips.cc/paper_files/paper/1991/file/a8abb4bb284b5b27aa7cb790dc20f80b-Paper.pdf}},
  publisher = {Morgan-Kaufmann},
  series = {Conference Track Proceedings},
  title = {Unsupervised Classifiers, Mutual Information and 'Phantom Targets'},
  volume = {4},
  year = {1991}
}

@inproceedings{brody1991fast,
  address = {Denver, Colorado, USA},
  author = {Brody, Carlos D.},
  booktitle = {Advances in Neural Information Processing Systems 4 (NIPS)},
  editor = {J. Moody and S. Hanson and R.P. Lippmann},
  month = {December},
  note = {\url{https://proceedings.neurips.cc/paper_files/paper/1991/file/55a7cf9c71f1c9c495413f934dd1a158-Paper.pdf}},
  openalex = {W2165313311},
  publisher = {Morgan-Kaufmann},
  series = {Conference Track Proceedings},
  title = {Fast Learning with Predictive Forward Models},
  volume = {4},
  year = {1991}
}

@inproceedings{buchanan1991locomotion,
  address = {Denver, Colorado, USA},
  author = {Buchanan, James T.},
  booktitle = {Advances in Neural Information Processing Systems 4 (NIPS)},
  editor = {J. Moody and S. Hanson and R.P. Lippmann},
  month = {December},
  note = {\url{https://proceedings.neurips.cc/paper_files/paper/1991/file/550a141f12de6341fba65b0ad0433500-Paper.pdf}},
  openalex = {W2148348511},
  publisher = {Morgan-Kaufmann},
  series = {Conference Track Proceedings},
  title = {Locomotion in a Lower Vertebrate: Studies of the Cellular Basis of Rhythmogenesis and Oscillator Coupling},
  volume = {4},
  year = {1991}
}

@inproceedings{bulsara1991single,
  address = {Denver, Colorado, USA},
  author = {Bulsara, Adi R. and Jacobs, W. Jake},
  booktitle = {Advances in Neural Information Processing Systems 4 (NIPS)},
  editor = {J. Moody and S. Hanson and R.P. Lippmann},
  month = {December},
  note = {\url{https://proceedings.neurips.cc/paper_files/paper/1991/file/559cb990c9dffd8675f6bc2186971dc2-Paper.pdf}},
  openalex = {W2137487739},
  publisher = {Morgan-Kaufmann},
  series = {Conference Track Proceedings},
  title = {Single Neuron Model: Response to Weak Modulation in the Presence of Noise},
  volume = {4},
  year = {1991}
}

@inproceedings{chiang1991ccd,
  address = {Denver, Colorado, USA},
  author = {Chiang, Alice M. and Chuang, Michael L. and LaFranchise, Jeffrey R.},
  booktitle = {Advances in Neural Information Processing Systems 4 (NIPS)},
  editor = {Moody, J. and Hanson, S. and Lippmann, R.P.},
  month = {December},
  note = {\url{https://proceedings.neurips.cc/paper_files/paper/1991/file/8e6b42f1644ecb1327dc03ab345e618b-Paper.pdf}},
  openalex = {W2123805759},
  publisher = {Morgan-Kaufmann},
  series = {Conference Track Proceedings},
  title = {CCD Neural Network Processors for Pattern Recognition},
  volume = {4},
  year = {1991}
}

@inproceedings{cohen1991analog,
  address = {Denver, Colorado, USA},
  author = {Cohen, Marc and Pouliquen, Philippe and Andreou, Andreas},
  booktitle = {Advances in Neural Information Processing Systems 4 (NIPS)},
  editor = {J. Moody and S. Hanson and R.P. Lippmann},
  month = {December},
  note = {\url{https://proceedings.neurips.cc/paper_files/paper/1991/file/1bb91f73e9d31ea2830a5e73ce3ed328-Paper.pdf}},
  publisher = {Morgan-Kaufmann},
  series = {Conference Track Proceedings},
  title = {Analog LSI Implementation of an Auto-Adaptive Network for Real-Time Separation of Independent Signals},
  volume = {4},
  year = {1991}
}

@inproceedings{connor1991recurrent,
  address = {Denver, Colorado, USA},
  author = {Connor, Jerome T. and Atlas, Les and Martin, Douglas R.},
  booktitle = {Advances in Neural Information Processing Systems 4 (NIPS)},
  editor = {Moody, J. and Hanson, S. and Lippmann, R.P.},
  month = {December},
  note = {\url{https://proceedings.neurips.cc/paper_files/paper/1991/file/5ef0b4eba35ab2d6180b0bca7e46b6f9-Paper.pdf}},
  openalex = {W2168431040},
  publisher = {Morgan-Kaufmann},
  series = {Conference Track Proceedings},
  title = {Recurrent Networks and NARMA Modeling},
  volume = {4},
  year = {1991}
}

@inproceedings{cooper1991markov,
  address = {Denver, Colorado, USA},
  author = {Cooper, Paul and Prokopowicz, Peter N.},
  booktitle = {Advances in Neural Information Processing Systems 4 (NIPS)},
  editor = {Moody, J. and Hanson, S. and Lippmann, R. P.},
  month = {December},
  note = {\url{https://proceedings.neurips.cc/paper_files/paper/1991/file/e8c0653fea13f91bf3c48159f7c24f78-Paper.pdf}},
  openalex = {W2116521537},
  publisher = {Morgan-Kaufmann},
  series = {Conference Track Proceedings},
  title = {Markov Random Fields Can Bridge Levels of Abstraction},
  volume = {4},
  year = {1991}
}

@inproceedings{darken1991towards,
  address = {Denver, Colorado, USA},
  author = {Darken, Christian J. and Moody, John},
  booktitle = {Advances in Neural Information Processing Systems 4 (NIPS)},
  editor = {Moody, J. and Hanson, S. and Lippmann, R. P.},
  month = {December},
  note = {\url{https://proceedings.neurips.cc/paper_files/paper/1991/file/e2230b853516e7b05d79744fbd4c9c13-Paper.pdf}},
  openalex = {W2148141518},
  publisher = {Morgan-Kaufmann},
  series = {Conference Track Proceedings},
  title = {Towards Faster Stochastic Gradient Search},
  volume = {4},
  year = {1991}
}

@inproceedings{darrell1991against,
  address = {Denver, Colorado, USA},
  author = {Darrell, Trevor and Pentland, Alex},
  booktitle = {Advances in Neural Information Processing Systems 4 (NIPS)},
  editor = {J. Moody and S. Hanson and R.P. Lippmann},
  month = {December},
  note = {\url{https://proceedings.neurips.cc/paper_files/paper/1991/file/51d92be1c60d1db1d2e5e7a07da55b26-Paper.pdf}},
  openalex = {W2152582447},
  publisher = {Morgan-Kaufmann},
  series = {Conference Track Proceedings},
  title = {Against Edges: Function Approximation with Multiple Support Maps},
  volume = {4},
  year = {1991}
}

@inproceedings{dayan1991perturbing,
  address = {Denver, Colorado, USA},
  author = {Dayan, Peter and Goodhill, Geoffrey J.},
  booktitle = {Advances in Neural Information Processing Systems 4 (NIPS)},
  editor = {Moody, J. and Hanson, S. and Lippmann, R. P.},
  month = {December},
  note = {\url{https://proceedings.neurips.cc/paper_files/paper/1991/file/ffeabd223de0d4eacb9a3e6e53e5448d-Paper.pdf}},
  openalex = {W2139828410},
  publisher = {Morgan-Kaufmann},
  series = {Conference Track Proceedings},
  title = {Perturbing Hebbian Rules},
  volume = {4},
  year = {1991}
}

@inproceedings{de1991statistical,
  address = {Denver, Colorado, USA},
  author = {Steveninck, Rob de Ruyter van and Bialek, William},
  booktitle = {Advances in Neural Information Processing Systems 4 (NIPS)},
  editor = {Moody, J. and Hanson, S. and Lippmann, R. P.},
  month = {December},
  note = {\url{https://proceedings.neurips.cc/paper_files/paper/1991/file/dc6a6489640ca02b0d42dabeb8e46bb7-Paper.pdf}},
  openalex = {W2091174269},
  publisher = {Morgan-Kaufmann},
  series = {Conference Track Proceedings},
  title = {Reliability and statistical efficiency of a blowfly movement-sensitive neuron},
  volume = {4},
  year = {1991}
}

@inproceedings{dean1991neural,
  address = {Denver, Colorado, USA},
  author = {Dean, Paul and Mayhew, John and Langdon, Pat},
  booktitle = {Advances in Neural Information Processing Systems 4 (NIPS)},
  editor = {Moody, J. and Hanson, S. and Lippmann, R. P.},
  month = {December},
  note = {\url{https://proceedings.neurips.cc/paper_files/paper/1991/file/ccb1d45fb76f7c5a0bf619f979c6cf36-Paper.pdf}},
  publisher = {Morgan-Kaufmann},
  series = {Conference Track Proceedings},
  title = {A Neural Net Model for Adaptive Control of Saccadic Accuracy by Primate Cerebellum and Brainstem},
  volume = {4},
  year = {1991}
}

@inproceedings{demers1991learning,
  address = {Denver, Colorado, USA},
  author = {DeMers, David and Kreutz-Delgado, Kenneth},
  booktitle = {Advances in Neural Information Processing Systems 4 (NIPS)},
  editor = {Moody, J. and Hanson, S. and Lippmann, R.P.},
  month = {December},
  note = {\url{https://proceedings.neurips.cc/paper_files/paper/1991/file/7dcd340d84f762eba80aa538b0c527f7-Paper.pdf}},
  openalex = {W2117280091},
  publisher = {Morgan-Kaufmann},
  series = {Conference Track Proceedings},
  title = {Learning Global Direct Inverse Kinematics},
  volume = {4},
  year = {1991}
}

@inproceedings{dornay1991simulation,
  address = {Denver, Colorado, USA},
  author = {Dornay, Menashe and Uno, Yoji and Kawato, Mitsuo and Suzuki, Ryoji},
  booktitle = {Advances in Neural Information Processing Systems 4 (NIPS)},
  editor = {Moody, J. and Hanson, S. and Lippmann, R.P.},
  month = {December},
  note = {\url{https://proceedings.neurips.cc/paper_files/paper/1991/file/a516a87cfcaef229b342c437fe2b95f7-Paper.pdf}},
  openalex = {W2103639258},
  publisher = {Morgan-Kaufmann},
  series = {Conference Track Proceedings},
  title = {Simulation of Optimal Movements Using the Minimum-Muscle-Tension-Change Model},
  volume = {4},
  year = {1991}
}

@inproceedings{doya1991adaptive,
  address = {Denver, Colorado, USA},
  author = {Doya, Kenji and Yoshizawa, Shuji},
  booktitle = {Advances in Neural Information Processing Systems 4 (NIPS)},
  editor = {Moody, J. and Hanson, S. and Lippmann, R.P.},
  month = {December},
  note = {\url{https://proceedings.neurips.cc/paper_files/paper/1991/file/5ea1649a31336092c05438df996a3e59-Paper.pdf}},
  openalex = {W2108597081},
  publisher = {Morgan-Kaufmann},
  series = {Conference Track Proceedings},
  title = {Adaptive Synchronization of Neural and Physical Oscillators},
  volume = {4},
  year = {1991}
}

@inproceedings{eskandar1991decoding,
  address = {Denver, Colorado, USA},
  author = {Eskandar, Emad N. and Richmond, Barry J. and Hertz, John and Optican, Lance M. and Kjær, Troels W.},
  booktitle = {Advances in Neural Information Processing Systems 4 (NIPS)},
  editor = {J. Moody and S. Hanson and R.P. Lippmann},
  month = {December},
  note = {\url{https://proceedings.neurips.cc/paper_files/paper/1991/file/1a5b1e4daae265b790965a275b53ae50-Paper.pdf}},
  openalex = {W2148496688},
  publisher = {Morgan-Kaufmann},
  series = {Conference Track Proceedings},
  title = {Decoding of Neuronal Signals in Visual Pattern Recognition},
  volume = {4},
  year = {1991}
}

@inproceedings{fanty1991english,
  address = {Denver, Colorado, USA},
  author = {Cole, Ronald A. and Roginski, Krist and Fanty, Mark},
  booktitle = {Advances in Neural Information Processing Systems 4 (NIPS)},
  editor = {J. Moody and S. Hanson and R.P. Lippmann},
  month = {December},
  note = {\url{https://proceedings.neurips.cc/paper_files/paper/1991/file/01f78be6f7cad02658508fe4616098a9-Paper.pdf}},
  openalex = {W2407582742},
  publisher = {Morgan-Kaufmann},
  series = {Conference Track Proceedings},
  title = {English alphabet recognition with telephone speech},
  volume = {4},
  year = {1991}
}

@inproceedings{freeman1991computer,
  address = {Denver, Colorado, USA},
  author = {Freeman, Donald T.},
  booktitle = {Advances in Neural Information Processing Systems 4 (NIPS)},
  editor = {J. Moody and S. Hanson and R.P. Lippmann},
  month = {December},
  note = {\url{https://proceedings.neurips.cc/paper_files/paper/1991/file/11b921ef080f7736089c757404650e40-Paper.pdf}},
  openalex = {W2165596939},
  publisher = {Morgan-Kaufmann},
  series = {Conference Track Proceedings},
  title = {Computer Recognition of Wave Location in Graphical Data by a Neural Network},
  volume = {4},
  year = {1991}
}

@inproceedings{freund1991unsupervised,
  address = {Denver, Colorado, USA},
  author = {Freund, Yoav and Haussler, David},
  booktitle = {Advances in Neural Information Processing Systems 4 (NIPS)},
  editor = {J. Moody and S. Hanson and R.P. Lippmann},
  month = {December},
  note = {\url{https://proceedings.neurips.cc/paper_files/paper/1991/file/33e8075e9970de0cfea955afd4644bb2-Paper.pdf}},
  openalex = {W2165225968},
  publisher = {Morgan-Kaufmann},
  series = {Conference Track Proceedings},
  title = {Unsupervised learning of distributions on binary vectors using two layer networks},
  volume = {4},
  year = {1991}
}

@inproceedings{geiger1991learning,
  address = {Denver, Colorado, USA},
  author = {Geiger, Davi and Pereira, Ricardo},
  booktitle = {Advances in Neural Information Processing Systems 4 (NIPS)},
  editor = {J. Moody and S. Hanson and R.P. Lippmann},
  month = {December},
  note = {\url{https://proceedings.neurips.cc/paper_files/paper/1991/file/3a0772443a0739141292a5429b952fe6-Paper.pdf}},
  publisher = {Morgan-Kaufmann},
  series = {Conference Track Proceedings},
  title = {Learning How to Teach or Selecting Minimal Surface Data},
  volume = {4},
  year = {1991}
}

@inproceedings{giles1991extracting,
  address = {Denver, Colorado, USA},
  author = {Giles, C. L. and Miller, C. B. and Chen, D. and Sun, G. Z. and Chen, H. H. and Lee, Y. C.},
  booktitle = {Advances in Neural Information Processing Systems 4 (NIPS)},
  editor = {J. Moody and S. Hanson and R.P. Lippmann},
  month = {December},
  note = {\url{https://proceedings.neurips.cc/paper_files/paper/1991/file/15de21c670ae7c3f6f3f1f37029303c9-Paper.pdf}},
  publisher = {Morgan-Kaufmann},
  series = {Conference Track Proceedings},
  title = {Extracting and Learning an Unknown Grammar with Recurrent Neural Networks},
  volume = {4},
  year = {1991}
}

@inproceedings{gish1991adaptive,
  address = {Denver, Colorado, USA},
  author = {Gish, Sheri L. and Blaum, M.},
  booktitle = {Advances in Neural Information Processing Systems 4 (NIPS)},
  editor = {Moody, J. and Hanson, S. and Lippmann, R.P.},
  month = {December},
  note = {\url{https://proceedings.neurips.cc/paper_files/paper/1991/file/63538fe6ef330c13a05a3ed7e599d5f7-Paper.pdf}},
  openalex = {W2141785936},
  publisher = {Morgan-Kaufmann},
  series = {Conference Track Proceedings},
  title = {Adaptive Development of Connectionist Decoders for Complex Error-Correcting Codes},
  volume = {4},
  year = {1991}
}

@inproceedings{glassman1991network,
  address = {Denver, Colorado, USA},
  author = {Glassman, Martin S.},
  booktitle = {Advances in Neural Information Processing Systems 4 (NIPS)},
  editor = {Moody, J. and Hanson, S. and Lippmann, R.P.},
  month = {December},
  note = {\url{https://proceedings.neurips.cc/paper_files/paper/1991/file/69421f032498c97020180038fddb8e24-Paper.pdf}},
  openalex = {W2141191551},
  publisher = {Morgan-Kaufmann},
  series = {Conference Track Proceedings},
  title = {A Network of Localized Linear Discriminants},
  volume = {4},
  year = {1991}
}

@inproceedings{gomi1991recognition,
  address = {Denver, Colorado, USA},
  author = {Gomi, Hiroaki and Kawato, Mitsuo},
  booktitle = {Advances in Neural Information Processing Systems 4 (NIPS)},
  editor = {Moody, J. and Hanson, S. and Lippmann, R.P.},
  month = {December},
  note = {\url{https://proceedings.neurips.cc/paper_files/paper/1991/file/81448138f5f163ccdba4acc69819f280-Paper.pdf}},
  openalex = {W1968164759},
  publisher = {Morgan-Kaufmann},
  series = {Conference Track Proceedings},
  title = {Recognition of manipulated objects by motor learning with modular architecture networks},
  volume = {4},
  year = {1991}
}

@inproceedings{goudreau1991neural,
  address = {Denver, Colorado, USA},
  author = {Goudreau, Mark W. and Giles, C. Lee},
  booktitle = {Advances in Neural Information Processing Systems 4 (NIPS)},
  editor = {Moody, J. and Hanson, S. and Lippmann, R. P.},
  month = {December},
  note = {\url{https://proceedings.neurips.cc/paper_files/paper/1991/file/f3f27a324736617f20abbf2ffd806f6d-Paper.pdf}},
  openalex = {W2169893641},
  publisher = {Morgan-Kaufmann},
  series = {Conference Track Proceedings},
  title = {Neural Network Routing for Random Multistage Interconnection Networks},
  volume = {4},
  year = {1991}
}

@inproceedings{graf1991image,
  address = {Denver, Colorado, USA},
  author = {Graf, Hans and Nohl, Craig and Ben, Jan},
  booktitle = {Advances in Neural Information Processing Systems 4 (NIPS)},
  editor = {J. Moody and S. Hanson and R.P. Lippmann},
  month = {December},
  note = {\url{https://proceedings.neurips.cc/paper_files/paper/1991/file/1728efbda81692282ba642aafd57be3a-Paper.pdf}},
  publisher = {Morgan-Kaufmann},
  series = {Conference Track Proceedings},
  title = {Image Segmentation with Networks of Variable Scales},
  volume = {4},
  year = {1991}
}

@inproceedings{grebert1991network,
  address = {Denver, Colorado, USA},
  author = {Grebert, Igor and Stork, David G. and Keesing, Ron and Mims, Steve},
  booktitle = {Advances in Neural Information Processing Systems 4 (NIPS)},
  editor = {Moody, J. and Hanson, S. and Lippmann, R. P.},
  month = {December},
  note = {\url{https://proceedings.neurips.cc/paper_files/paper/1991/file/ab817c9349cf9c4f6877e1894a1faa00-Paper.pdf}},
  openalex = {W2097901663},
  publisher = {Morgan-Kaufmann},
  series = {Conference Track Proceedings},
  title = {Network generalization for production: Learning and producing styled letterforms},
  volume = {4},
  year = {1991}
}

@inproceedings{greenspan1991combined,
  address = {Denver, Colorado, USA},
  author = {Greenspan, Hayit and Goodman, R.M. and Chellappa, Rama},
  booktitle = {Advances in Neural Information Processing Systems 4 (NIPS)},
  editor = {J. Moody and S. Hanson and R.P. Lippmann},
  month = {December},
  note = {\url{https://proceedings.neurips.cc/paper_files/paper/1991/file/46922a0880a8f11f8f69cbb52b1396be-Paper.pdf}},
  openalex = {W2164848902},
  publisher = {Morgan-Kaufmann},
  series = {Conference Track Proceedings},
  title = {Combined Neural Network and Rule-Based Framework for Probabilistic Pattern Recognition and Discovery},
  volume = {4},
  year = {1991}
}

@inproceedings{gupta1991connectionist,
  address = {Denver, Colorado, USA},
  author = {Gupta, Prahlad and Touretzky, David S.},
  booktitle = {Advances in Neural Information Processing Systems 4 (NIPS)},
  editor = {Moody, J. and Hanson, S. and Lippmann, R. P.},
  month = {December},
  note = {\url{https://proceedings.neurips.cc/paper_files/paper/1991/file/d07e70efcfab08731a97e7b91be644de-Paper.pdf}},
  openalex = {W2145123224},
  publisher = {Morgan-Kaufmann},
  series = {Conference Track Proceedings},
  title = {A Connectionist Learning Approach to Analyzing Linguistic Stress},
  volume = {4},
  year = {1991}
}

@inproceedings{guyon1991structural,
  address = {Denver, Colorado, USA},
  author = {Guyon, Isabelle and Vapnik, Vladimir and Boser, Bernhard E. and Bottou, Léon and Solla, Sara A.},
  booktitle = {Advances in Neural Information Processing Systems 4 (NIPS)},
  editor = {J. Moody and S. Hanson and R.P. Lippmann},
  month = {December},
  note = {\url{https://proceedings.neurips.cc/paper_files/paper/1991/file/10a7cdd970fe135cf4f7bb55c0e3b59f-Paper.pdf}},
  openalex = {W2165217207},
  publisher = {Morgan-Kaufmann},
  series = {Conference Track Proceedings},
  title = {Structural Risk Minimization for Character Recognition},
  volume = {4},
  year = {1991}
}

@inproceedings{haffner1991multi,
  address = {Denver, Colorado, USA},
  author = {Haffner, Patrick and Waibel, Alex},
  booktitle = {Advances in Neural Information Processing Systems 4 (NIPS)},
  editor = {J. Moody and S. Hanson and R.P. Lippmann},
  month = {December},
  note = {\url{https://proceedings.neurips.cc/paper_files/paper/1991/file/069d3bb002acd8d7dd095917f9efe4cb-Paper.pdf}},
  openalex = {W2149814369},
  publisher = {Morgan-Kaufmann},
  series = {Conference Track Proceedings},
  title = {Multi-State Time Delay Networks for Continuous Speech Recognition},
  volume = {4},
  year = {1991}
}

@inproceedings{hamey1991benchmarking,
  address = {Denver, Colorado, USA},
  author = {Hamey, Leonard},
  booktitle = {Advances in Neural Information Processing Systems 4 (NIPS)},
  editor = {Moody, J. and Hanson, S. and Lippmann, R.P.},
  month = {December},
  note = {\url{https://proceedings.neurips.cc/paper_files/paper/1991/file/8d34201a5b85900908db6cae92723617-Paper.pdf}},
  publisher = {Morgan-Kaufmann},
  series = {Conference Track Proceedings},
  title = {Benchmarking Feed-Forward Neural Networks: Models and Measures},
  volume = {4},
  year = {1991}
}

@inproceedings{hampshire1991shooting,
  address = {Denver, Colorado, USA},
  author = {Hampshire, J.B. and Kumar, B. V. K. Vijaya},
  booktitle = {Advances in Neural Information Processing Systems 4 (NIPS)},
  editor = {J. Moody and S. Hanson and R.P. Lippmann},
  month = {December},
  note = {\url{https://proceedings.neurips.cc/paper_files/paper/1991/file/250cf8b51c773f3f8dc8b4be867a9a02-Paper.pdf}},
  openalex = {W2165831782},
  publisher = {Morgan-Kaufmann},
  series = {Conference Track Proceedings},
  title = {Shooting Craps in Search of an Optimal Strategy for Training Connectionist Pattern Classifiers},
  volume = {4},
  year = {1991}
}

@inproceedings{harris1991segmentation,
  address = {Denver, Colorado, USA},
  author = {Harris, John G.},
  booktitle = {Advances in Neural Information Processing Systems 4 (NIPS)},
  editor = {Moody, J. and Hanson, S. and Lippmann, R. P.},
  month = {December},
  note = {\url{https://proceedings.neurips.cc/paper_files/paper/1991/file/cee631121c2ec9232f3a2f028ad5c89b-Paper.pdf}},
  openalex = {W2141314077},
  publisher = {Morgan-Kaufmann},
  series = {Conference Track Proceedings},
  title = {Segmentation Circuits Using Constrained Optimization},
  volume = {4},
  year = {1991}
}

@inproceedings{haussler1991estimating,
  address = {Denver, Colorado, USA},
  author = {Haussler, David and Kearns, Michael and Opper, Manfred and Schapire, Robert E.},
  booktitle = {Advances in Neural Information Processing Systems 4 (NIPS)},
  editor = {Moody, J. and Hanson, S. and Lippmann, R.P.},
  month = {December},
  note = {\url{https://proceedings.neurips.cc/paper_files/paper/1991/file/854d9fca60b4bd07f9bb215d59ef5561-Paper.pdf}},
  openalex = {W2146017151},
  publisher = {Morgan-Kaufmann},
  series = {Conference Track Proceedings},
  title = {Estimating Average-Case Learning Curves Using Bayesian, Statistical Physics and VC Dimension Methods},
  volume = {4},
  year = {1991}
}

@inproceedings{henis1991computational,
  address = {Denver, Colorado, USA},
  author = {Henis, Ealan and Flash, Tamar},
  booktitle = {Advances in Neural Information Processing Systems 4 (NIPS)},
  editor = {Moody, J. and Hanson, S. and Lippmann, R.P.},
  month = {December},
  note = {\url{https://proceedings.neurips.cc/paper_files/paper/1991/file/7d04bbbe5494ae9d2f5a76aa1c00fa2f-Paper.pdf}},
  openalex = {W2156796329},
  publisher = {Morgan-Kaufmann},
  series = {Conference Track Proceedings},
  title = {A Computational Mechanism to Account for Averaged Modified Hand Trajectories},
  volume = {4},
  year = {1991}
}

@inproceedings{hild1991harmonet,
  address = {Denver, Colorado, USA},
  author = {Hild, Hermann and Feulner, Johannes and Menzel, Wolfram},
  booktitle = {Advances in Neural Information Processing Systems 4 (NIPS)},
  editor = {Moody, J. and Hanson, S. and Lippmann, R.P.},
  month = {December},
  note = {\url{https://proceedings.neurips.cc/paper_files/paper/1991/file/a7aeed74714116f3b292a982238f83d2-Paper.pdf}},
  openalex = {W2118730391},
  publisher = {Morgan-Kaufmann},
  series = {Conference Track Proceedings},
  title = {HARMONET: A Neural Net for Harmonizing Chorales in the Style of J. S. Bach},
  volume = {4},
  year = {1991}
}

@inproceedings{hinton1991adaptive,
  address = {Denver, Colorado, USA},
  author = {Hinton, Geoffrey E. and Williams, Christopher K. I. and Revow, Michael},
  booktitle = {Advances in Neural Information Processing Systems 4 (NIPS)},
  editor = {Moody, J. and Hanson, S. and Lippmann, R. P.},
  month = {December},
  note = {\url{https://proceedings.neurips.cc/paper_files/paper/1991/file/df877f3865752637daa540ea9cbc474f-Paper.pdf}},
  openalex = {W2162383514},
  publisher = {Morgan-Kaufmann},
  series = {Conference Track Proceedings},
  title = {Adaptive Elastic Models for Hand-Printed Character Recognition},
  volume = {4},
  year = {1991}
}

@inproceedings{hirayama1991forward,
  address = {Denver, Colorado, USA},
  author = {Hirayama, Makoto and Vatikiotis‐Bateson, Eric and Kawato, Mitsuo and Jordan, Michael I.},
  booktitle = {Advances in Neural Information Processing Systems 4 (NIPS)},
  editor = {Moody, J. and Hanson, S. and Lippmann, R.P.},
  month = {December},
  note = {\url{https://proceedings.neurips.cc/paper_files/paper/1991/file/9b70e8fe62e40c570a322f1b0b659098-Paper.pdf}},
  openalex = {W2102084103},
  publisher = {Morgan-Kaufmann},
  series = {Conference Track Proceedings},
  title = {Forward Dynamics Modeling of Speech Motor Control Using Physiological Data},
  volume = {4},
  year = {1991}
}

@inproceedings{hobson1991models,
  address = {Denver, Colorado, USA},
  author = {Hobson, J. Allan and Mamelak, Adam N. and Sutton, Jeffrey P.},
  booktitle = {Advances in Neural Information Processing Systems 4 (NIPS)},
  editor = {Moody, J. and Hanson, S. and Lippmann, R.P.},
  month = {December},
  note = {\url{https://proceedings.neurips.cc/paper_files/paper/1991/file/98b297950041a42470269d56260243a1-Paper.pdf}},
  openalex = {W2159512711},
  publisher = {Morgan-Kaufmann},
  series = {Conference Track Proceedings},
  title = {Models Wanted: Must Fit Dimensions of Sleep and Dreaming},
  volume = {4},
  year = {1991}
}

@inproceedings{horn1991oscillatory,
  address = {Denver, Colorado, USA},
  author = {Horn, D. and Usher, Marius},
  booktitle = {Advances in Neural Information Processing Systems 4 (NIPS)},
  editor = {Moody, J. and Hanson, S. and Lippmann, R.P.},
  month = {December},
  note = {\url{https://proceedings.neurips.cc/paper_files/paper/1991/file/85422afb467e9456013a2a51d4dff702-Paper.pdf}},
  openalex = {W2112669236},
  publisher = {Morgan-Kaufmann},
  series = {Conference Track Proceedings},
  title = {Oscillatory Model of Short Term Memory},
  volume = {4},
  year = {1991}
}

@inproceedings{huang1991comparison,
  address = {Denver, Colorado, USA},
  author = {Huang, Jenq-Neng and Li, Hang and Maechler, Martin and Martin, R. Douglas and Schimert, J.},
  booktitle = {Advances in Neural Information Processing Systems 4 (NIPS)},
  editor = {Moody, J. and Hanson, S. and Lippmann, R.P.},
  month = {December},
  note = {\url{https://proceedings.neurips.cc/paper_files/paper/1991/file/a8849b052492b5106526b2331e526138-Paper.pdf}},
  openalex = {W2147949157},
  publisher = {Morgan-Kaufmann},
  series = {Conference Track Proceedings},
  title = {A Comparison of Projection Pursuit and Neural Network Regression Modeling},
  volume = {4},
  year = {1991}
}

@inproceedings{intrator19913d,
  address = {Denver, Colorado, USA},
  author = {Intrator, Nathan and Gold, Joshua I. and Bülthoff, HH and Edelman, Shimon},
  booktitle = {Advances in Neural Information Processing Systems 4 (NIPS)},
  editor = {Moody, J. and Hanson, S. and Lippmann, R. P.},
  month = {December},
  note = {\url{https://proceedings.neurips.cc/paper_files/paper/1991/file/f0e52b27a7a5d6a1a87373dffa53dbe5-Paper.pdf}},
  openalex = {W2134162430},
  publisher = {Morgan-Kaufmann},
  series = {Conference Track Proceedings},
  title = {3D Object Recognition Using Unsupervised Feature Extraction},
  volume = {4},
  year = {1991}
}

@inproceedings{jabri1991ann,
  address = {Denver, Colorado, USA},
  author = {Jabri, M.A. and Pickard, S. and Leong, Philip H. W. and Chi, Zheru and Flower, B. and Xie, Yupeng},
  booktitle = {Advances in Neural Information Processing Systems 4 (NIPS)},
  editor = {Moody, J. and Hanson, S. and Lippmann, R.P.},
  month = {December},
  note = {\url{https://proceedings.neurips.cc/paper_files/paper/1991/file/605ff764c617d3cd28dbbdd72be8f9a2-Paper.pdf}},
  openalex = {W2155949228},
  publisher = {Morgan-Kaufmann},
  series = {Conference Track Proceedings},
  title = {ANN Based Classification for Heart Defibrillators},
  volume = {4},
  year = {1991}
}

@inproceedings{jain1991generalization,
  address = {Denver, Colorado, USA},
  author = {Jain, Ajay},
  booktitle = {Advances in Neural Information Processing Systems 4 (NIPS)},
  editor = {Moody, J. and Hanson, S. and Lippmann, R.P.},
  month = {December},
  note = {\url{https://proceedings.neurips.cc/paper_files/paper/1991/file/598b3e71ec378bd83e0a727608b5db01-Paper.pdf}},
  publisher = {Morgan-Kaufmann},
  series = {Conference Track Proceedings},
  title = {Generalization Performance in PARSEC - A Structured Connectionist Parsing Architecture},
  volume = {4},
  year = {1991}
}

@inproceedings{ji1991vc,
  address = {Denver, Colorado, USA},
  author = {Ji, Chuanyi and Psaltis, Demetri},
  booktitle = {Advances in Neural Information Processing Systems 4 (NIPS)},
  editor = {Moody, J. and Hanson, S. and Lippmann, R.P.},
  month = {December},
  note = {\url{https://proceedings.neurips.cc/paper_files/paper/1991/file/9461cce28ebe3e76fb4b931c35a169b0-Paper.pdf}},
  openalex = {W2099303499},
  publisher = {Morgan-Kaufmann},
  series = {Conference Track Proceedings},
  title = {The VC-Dimension versus the Statistical Capacity of Multilayer Networks},
  volume = {4},
  year = {1991}
}

@inproceedings{jordan1991hierarchies,
  address = {Denver, Colorado, USA},
  author = {Jordan, Michael I. and Jacobs, Robert A.},
  booktitle = {Advances in Neural Information Processing Systems 4 (NIPS)},
  editor = {Moody, J. and Hanson, S. and Lippmann, R.P.},
  month = {December},
  note = {\url{https://proceedings.neurips.cc/paper_files/paper/1991/file/59b90e1005a220e2ebc542eb9d950b1e-Paper.pdf}},
  openalex = {W2114083375},
  publisher = {Morgan-Kaufmann},
  series = {Conference Track Proceedings},
  title = {Hierarchies of adaptive experts},
  volume = {4},
  year = {1991}
}

@inproceedings{judd1991constant,
  address = {Denver, Colorado, USA},
  author = {Judd, Stephen},
  booktitle = {Advances in Neural Information Processing Systems 4 (NIPS)},
  editor = {J. Moody and S. Hanson and R.P. Lippmann},
  month = {December},
  note = {\url{https://proceedings.neurips.cc/paper_files/paper/1991/file/42998cf32d552343bc8e460416382dca-Paper.pdf}},
  openalex = {W2131379160},
  publisher = {Morgan-Kaufmann},
  series = {Conference Track Proceedings},
  title = {Constant-Time Loading of Shallow 1-Dimensional Networks},
  volume = {4},
  year = {1991}
}

@inproceedings{keeler1991self,
  address = {Denver, Colorado, USA},
  author = {Keeler, J. and Rumelhart, David E.},
  booktitle = {Advances in Neural Information Processing Systems 4 (NIPS)},
  editor = {Moody, J. and Hanson, S. and Lippmann, R.P.},
  month = {December},
  note = {\url{https://proceedings.neurips.cc/paper_files/paper/1991/file/a86c450b76fb8c371afead6410d55534-Paper.pdf}},
  openalex = {W2115641419},
  publisher = {Morgan-Kaufmann},
  series = {Conference Track Proceedings},
  title = {A Self-Organizing Integrated Segmentation and Recognition Neural Net},
  volume = {4},
  year = {1991}
}

@inproceedings{keesing1991retinogeniculate,
  address = {Denver, Colorado, USA},
  author = {Keesing, Ron and Stork, David G. and Shatz, Carla J.},
  booktitle = {Advances in Neural Information Processing Systems 4 (NIPS)},
  editor = {Moody, J. and Hanson, S. and Lippmann, R. P.},
  month = {December},
  note = {\url{https://proceedings.neurips.cc/paper_files/paper/1991/file/cbcb58ac2e496207586df2854b17995f-Paper.pdf}},
  openalex = {W2104669654},
  publisher = {Morgan-Kaufmann},
  series = {Conference Track Proceedings},
  title = {Retinogeniculate Development: The Role of Competition and Correlated Retinal Activity},
  volume = {4},
  year = {1991}
}

@inproceedings{kirk1991constrained,
  address = {Denver, Colorado, USA},
  author = {Kirk, David and Fleischer, Kurt and Watts, Lloyd and Barr, Alan},
  booktitle = {Advances in Neural Information Processing Systems 4 (NIPS)},
  editor = {Moody, J. and Hanson, S. and Lippmann, R. P.},
  month = {December},
  note = {\url{https://proceedings.neurips.cc/paper_files/paper/1991/file/b534ba68236ba543ae44b22bd110a1d6-Paper.pdf}},
  publisher = {Morgan-Kaufmann},
  series = {Conference Track Proceedings},
  title = {Constrained Optimization Applied to the Parameter Setting Problem for Analog Circuits},
  volume = {4},
  year = {1991}
}

@inproceedings{kohn1991software,
  address = {Denver, Colorado, USA},
  author = {Kohn, P. and Bilmes, Jeff and Morgan, Nelson and Beck, James D.},
  booktitle = {Advances in Neural Information Processing Systems 4 (NIPS)},
  editor = {Moody, J. and Hanson, S. and Lippmann, R. P.},
  month = {December},
  note = {\url{https://proceedings.neurips.cc/paper_files/paper/1991/file/f5deaeeae1538fb6c45901d524ee2f98-Paper.pdf}},
  openalex = {W2130665813},
  publisher = {Morgan-Kaufmann},
  series = {Conference Track Proceedings},
  title = {Software for ANN training on a Ring Array Processor},
  volume = {4},
  year = {1991}
}

@inproceedings{koistinen1991kernel,
  address = {Denver, Colorado, USA},
  author = {Koistinen, Petri and Holmström, Lasse},
  booktitle = {Advances in Neural Information Processing Systems 4 (NIPS)},
  editor = {Moody, J. and Hanson, S. and Lippmann, R.P.},
  month = {December},
  note = {\url{https://proceedings.neurips.cc/paper_files/paper/1991/file/7fe1f8abaad094e0b5cb1b01d712f708-Paper.pdf}},
  openalex = {W1548957680},
  publisher = {Morgan-Kaufmann},
  series = {Conference Track Proceedings},
  title = {Kernel regression and backpropagation training with noise},
  volume = {4},
  year = {1991}
}

@inproceedings{krogh1991simple,
  address = {Denver, Colorado, USA},
  author = {Krogh, Anders and Hertz, John},
  booktitle = {Advances in Neural Information Processing Systems 4 (NIPS)},
  editor = {Moody, J. and Hanson, S. and Lippmann, R.P.},
  month = {December},
  note = {\url{https://proceedings.neurips.cc/paper_files/paper/1991/file/8eefcfdf5990e441f0fb6f3fad709e21-Paper.pdf}},
  openalex = {W2144513243},
  publisher = {Morgan-Kaufmann},
  series = {Conference Track Proceedings},
  title = {A Simple Weight Decay Can Improve Generalization},
  volume = {4},
  year = {1991}
}

@inproceedings{kuh1991incrementally,
  address = {Denver, Colorado, USA},
  author = {Kuh, Anthony and Petsche, Thomas and Rivest, Ronald L.},
  booktitle = {Advances in Neural Information Processing Systems 4 (NIPS)},
  editor = {Moody, J. and Hanson, S. and Lippmann, R. P.},
  month = {December},
  note = {\url{https://proceedings.neurips.cc/paper_files/paper/1991/file/c75b6f114c23a4d7ea11331e7c00e73c-Paper.pdf}},
  openalex = {W2139002523},
  publisher = {Morgan-Kaufmann},
  series = {Conference Track Proceedings},
  title = {Incrementally Learning Time-varying Half-planes},
  volume = {4},
  year = {1991}
}

@inproceedings{lange1991dynamically,
  address = {Denver, Colorado, USA},
  author = {Lange, Trent E.},
  booktitle = {Advances in Neural Information Processing Systems 4 (NIPS)},
  editor = {J. Moody and S. Hanson and R.P. Lippmann},
  month = {December},
  note = {\url{https://proceedings.neurips.cc/paper_files/paper/1991/file/2d6cc4b2d139a53512fb8cbb3086ae2e-Paper.pdf}},
  openalex = {W2168328168},
  publisher = {Morgan-Kaufmann},
  series = {Conference Track Proceedings},
  title = {Dynamically-Adaptive Winner-Take-All Networks},
  volume = {4},
  year = {1991}
}

@inproceedings{lazzaro1991temporal,
  address = {Denver, Colorado, USA},
  author = {Lazzaro, John},
  booktitle = {Advances in Neural Information Processing Systems 4 (NIPS)},
  editor = {Moody, J. and Hanson, S. and Lippmann, R.P.},
  month = {December},
  note = {\url{https://proceedings.neurips.cc/paper_files/paper/1991/file/821fa74b50ba3f7cba1e6c53e8fa6845-Paper.pdf}},
  openalex = {W2103130226},
  publisher = {Morgan-Kaufmann},
  series = {Conference Track Proceedings},
  title = {Temporal Adaptation in a Silicon Auditory Nerve},
  volume = {4},
  year = {1991}
}

@inproceedings{lemmon1991oscillatory,
  address = {Denver, Colorado, USA},
  author = {Lemmon, Michael},
  booktitle = {Advances in Neural Information Processing Systems 4 (NIPS)},
  editor = {Moody, J. and Hanson, S. and Lippmann, R. P.},
  month = {December},
  note = {\url{https://proceedings.neurips.cc/paper_files/paper/1991/file/c9892a989183de32e976c6f04e700201-Paper.pdf}},
  openalex = {W2138536041},
  publisher = {Morgan-Kaufmann},
  series = {Conference Track Proceedings},
  title = {Oscillatory Neural Fields for Globally Optimal Path Planning},
  volume = {4},
  year = {1991}
}

@inproceedings{levin1991time,
  address = {Denver, Colorado, USA},
  author = {Levin, Esther and Pieraccini, Roberto and Bocchieri, Enrico},
  booktitle = {Advances in Neural Information Processing Systems 4 (NIPS)},
  editor = {Moody, J. and Hanson, S. and Lippmann, R. P.},
  month = {December},
  note = {\url{https://proceedings.neurips.cc/paper_files/paper/1991/file/d61e4bbd6393c9111e6526ea173a7c8b-Paper.pdf}},
  openalex = {W2110026519},
  publisher = {Morgan-Kaufmann},
  series = {Conference Track Proceedings},
  title = {Time-Warping Network: A Hybrid Framework for Speech Recognition},
  volume = {4},
  year = {1991}
}

@inproceedings{mackay1991bayesian,
  address = {Denver, Colorado, USA},
  author = {MacKay, Djc},
  booktitle = {Advances in Neural Information Processing Systems 4 (NIPS)},
  editor = {Moody, J. and Hanson, S. and Lippmann, R. P.},
  month = {December},
  note = {\url{https://proceedings.neurips.cc/paper_files/paper/1991/file/c3c59e5f8b3e9753913f4d435b53c308-Paper.pdf}},
  openalex = {W3146087985},
  publisher = {Morgan-Kaufmann},
  series = {Conference Track Proceedings},
  title = {BAYESIAN MODEL COMPARISON AND BACKPROP NETS},
  volume = {4},
  year = {1991}
}

@inproceedings{manduca1991neural,
  address = {Denver, Colorado, USA},
  author = {Manduca, Armando and Christy, Paul S. and Ehman, Richard L.},
  booktitle = {Advances in Neural Information Processing Systems 4 (NIPS)},
  editor = {Moody, J. and Hanson, S. and Lippmann, R.P.},
  month = {December},
  note = {\url{https://proceedings.neurips.cc/paper_files/paper/1991/file/941e1aaaba585b952b62c14a3a175a61-Paper.pdf}},
  openalex = {W2534426600},
  publisher = {Morgan-Kaufmann},
  series = {Conference Track Proceedings},
  title = {Neural Network Diagnosis Of Avascular Necrosis From Magnetic Resonance Images},
  volume = {4},
  year = {1991}
}

@inproceedings{martin1991recognizing,
  address = {Denver, Colorado, USA},
  author = {Martin, Gale L. and Rashid, Mosfeq},
  booktitle = {Advances in Neural Information Processing Systems 4 (NIPS)},
  editor = {J. Moody and S. Hanson and R.P. Lippmann},
  month = {December},
  note = {\url{https://proceedings.neurips.cc/paper_files/paper/1991/file/0353ab4cbed5beae847a7ff6e220b5cf-Paper.pdf}},
  openalex = {W2155153031},
  publisher = {Morgan-Kaufmann},
  series = {Conference Track Proceedings},
  title = {Recognizing Overlapping Hand-Printed Characters by Centered-Object Integrated Segmentation and Recognition},
  volume = {4},
  year = {1991}
}

@inproceedings{matan1991multi,
  address = {Denver, Colorado, USA},
  author = {Matan, O. and Burges, Christopher J. C. and LeCun, Yann and Denker, John S.},
  booktitle = {Advances in Neural Information Processing Systems 4 (NIPS)},
  editor = {Moody, J. and Hanson, S. and Lippmann, R.P.},
  month = {December},
  note = {\url{https://proceedings.neurips.cc/paper_files/paper/1991/file/6e2713a6efee97bacb63e52c54f0ada0-Paper.pdf}},
  openalex = {W2100921332},
  publisher = {Morgan-Kaufmann},
  series = {Conference Track Proceedings},
  title = {Multi-Digit Recognition Using a Space Displacement Neural Network},
  volume = {4},
  year = {1991}
}

@inproceedings{mcmillan1991rule,
  address = {Denver, Colorado, USA},
  author = {McMillan, Clayton and Mozer, Michael C. and Smolensky, Paul},
  booktitle = {Advances in Neural Information Processing Systems 4 (NIPS)},
  editor = {Moody, J. and Hanson, S. and Lippmann, R. P.},
  month = {December},
  note = {\url{https://proceedings.neurips.cc/paper_files/paper/1991/file/cf67355a3333e6e143439161adc2d82e-Paper.pdf}},
  openalex = {W2170702935},
  publisher = {Morgan-Kaufmann},
  series = {Conference Track Proceedings},
  title = {Rule Induction through Integrated Symbolic and Subsymbolic Processing},
  volume = {4},
  year = {1991}
}

@inproceedings{mel1991clusteron,
  address = {Denver, Colorado, USA},
  author = {Mel, Bartlett W.},
  booktitle = {Advances in Neural Information Processing Systems 4 (NIPS)},
  editor = {Moody, J. and Hanson, S. and Lippmann, R. P.},
  month = {December},
  note = {\url{https://proceedings.neurips.cc/paper_files/paper/1991/file/f5f8590cd58a54e94377e6ae2eded4d9-Paper.pdf}},
  openalex = {W2144994141},
  publisher = {Morgan-Kaufmann},
  series = {Conference Track Proceedings},
  title = {The Clusteron: Toward a Simple Abstraction for a Complex Neuron},
  volume = {4},
  year = {1991}
}

@inproceedings{mjolsness1991visual,
  address = {Denver, Colorado, USA},
  author = {Mjolsness, Eric},
  booktitle = {Advances in Neural Information Processing Systems 4 (NIPS)},
  editor = {J. Moody and S. Hanson and R.P. Lippmann},
  month = {December},
  note = {\url{https://proceedings.neurips.cc/paper_files/paper/1991/file/3cf166c6b73f030b4f67eeaeba301103-Paper.pdf}},
  openalex = {W2126674203},
  publisher = {Morgan-Kaufmann},
  series = {Conference Track Proceedings},
  title = {Visual Grammars and Their Neural Nets},
  volume = {4},
  year = {1991}
}

@inproceedings{montana1991weighted,
  address = {Denver, Colorado, USA},
  author = {Montaña, David},
  booktitle = {Advances in Neural Information Processing Systems 4 (NIPS)},
  editor = {J. Moody and S. Hanson and R.P. Lippmann},
  month = {December},
  note = {\url{https://proceedings.neurips.cc/paper_files/paper/1991/file/218a0aefd1d1a4be65601cc6ddc1520e-Paper.pdf}},
  openalex = {W2096459875},
  publisher = {Morgan-Kaufmann},
  series = {Conference Track Proceedings},
  title = {A Weighted Probabilistic Neural Network},
  volume = {4},
  year = {1991}
}

@inproceedings{moody1991effective,
  address = {Denver, Colorado, USA},
  author = {Moody, John},
  booktitle = {Advances in Neural Information Processing Systems 4 (NIPS)},
  editor = {Moody, J. and Hanson, S. and Lippmann, R. P.},
  month = {December},
  note = {\url{https://proceedings.neurips.cc/paper_files/paper/1991/file/d64a340bcb633f536d56e51874281454-Paper.pdf}},
  openalex = {W2147299889},
  publisher = {Morgan-Kaufmann},
  series = {Conference Track Proceedings},
  title = {The Effective Number of Parameters: An Analysis of Generalization and Regularization in Nonlinear Learning Systems},
  volume = {4},
  year = {1991}
}

@inproceedings{moody1991networks,
  address = {Denver, Colorado, USA},
  author = {Moody, John and Yarvin, Norman},
  booktitle = {Advances in Neural Information Processing Systems 4 (NIPS)},
  editor = {Moody, J. and Hanson, S. and Lippmann, R. P.},
  month = {December},
  note = {\url{https://proceedings.neurips.cc/paper_files/paper/1991/file/dd458505749b2941217ddd59394240e8-Paper.pdf}},
  openalex = {W2135814312},
  publisher = {Morgan-Kaufmann},
  series = {Conference Track Proceedings},
  title = {Networks with Learned Unit Response Functions},
  volume = {4},
  year = {1991}
}

@inproceedings{moody1991principled,
  address = {Denver, Colorado, USA},
  author = {Moody, John and Utans, Joachim},
  booktitle = {Advances in Neural Information Processing Systems 4 (NIPS)},
  editor = {J. Moody and S. Hanson and R.P. Lippmann},
  month = {December},
  note = {\url{https://proceedings.neurips.cc/paper_files/paper/1991/file/15d4e891d784977cacbfcbb00c48f133-Paper.pdf}},
  openalex = {W2113668251},
  publisher = {Morgan-Kaufmann},
  series = {Conference Track Proceedings},
  title = {Principled Architecture Selection for Neural Networks: Application to Corporate Bond Rating Prediction},
  volume = {4},
  year = {1991}
}

@inproceedings{moore1991fast,
  address = {Denver, Colorado, USA},
  author = {Moore, Andrew W.},
  booktitle = {Advances in Neural Information Processing Systems 4 (NIPS)},
  editor = {Moody, J. and Hanson, S. and Lippmann, R.P.},
  month = {December},
  note = {\url{https://proceedings.neurips.cc/paper_files/paper/1991/file/a9a1d5317a33ae8cef33961c34144f84-Paper.pdf}},
  openalex = {W2119659301},
  publisher = {Morgan-Kaufmann},
  series = {Conference Track Proceedings},
  title = {Fast, Robust Adaptive Control by Learning only Forward Models},
  volume = {4},
  year = {1991}
}

@inproceedings{mozer1991induction,
  address = {Denver, Colorado, USA},
  author = {Mozer, Michael C.},
  booktitle = {Advances in Neural Information Processing Systems 4 (NIPS)},
  editor = {J. Moody and S. Hanson and R.P. Lippmann},
  month = {December},
  note = {\url{https://proceedings.neurips.cc/paper_files/paper/1991/file/53fde96fcc4b4ce72d7739202324cd49-Paper.pdf}},
  openalex = {W2128499899},
  publisher = {Morgan-Kaufmann},
  series = {Conference Track Proceedings},
  title = {Induction of Multiscale Temporal Structure},
  volume = {4},
  year = {1991}
}

@inproceedings{mozer1991learning,
  address = {Denver, Colorado, USA},
  author = {Mozer, Michael C. and Zemel, Richard S. and Behrmann, Marlene and Williams, Christopher K. I.},
  booktitle = {Advances in Neural Information Processing Systems 4 (NIPS)},
  editor = {Moody, J. and Hanson, S. and Lippmann, R.P.},
  month = {December},
  note = {\url{https://proceedings.neurips.cc/paper_files/paper/1991/file/9b72e31dac81715466cd580a448cf823-Paper.pdf}},
  openalex = {W1970363173},
  publisher = {Morgan-Kaufmann},
  series = {Conference Track Proceedings},
  title = {Learning to Segment Images Using Dynamic Feature Binding},
  volume = {4},
  year = {1991}
}

@inproceedings{munro1991repeat,
  address = {Denver, Colorado, USA},
  author = {Munro, Paul},
  booktitle = {Advances in Neural Information Processing Systems 4 (NIPS)},
  editor = {J. Moody and S. Hanson and R.P. Lippmann},
  month = {December},
  note = {\url{https://proceedings.neurips.cc/paper_files/paper/1991/file/26337353b7962f533d78c762373b3318-Paper.pdf}},
  openalex = {W2136725480},
  publisher = {Morgan-Kaufmann},
  series = {Conference Track Proceedings},
  title = {Repeat Until Bored: A Pattern Selection Strategy},
  volume = {4},
  year = {1991}
}

@inproceedings{muthusamy1991segment,
  address = {Denver, Colorado, USA},
  author = {Muthusamy, Yeshwant K. and Cole, Ronald A.},
  booktitle = {Advances in Neural Information Processing Systems 4 (NIPS)},
  editor = {J. Moody and S. Hanson and R.P. Lippmann},
  month = {December},
  note = {\url{https://proceedings.neurips.cc/paper_files/paper/1991/file/38913e1d6a7b94cb0f55994f679f5956-Paper.pdf}},
  openalex = {W2164787385},
  publisher = {Morgan-Kaufmann},
  series = {Conference Track Proceedings},
  title = {A Segment-Based Automatic Language Identification System},
  volume = {4},
  year = {1991}
}

@inproceedings{neugebauer1991parallel,
  address = {Denver, Colorado, USA},
  author = {Neugebauer, Charles F. and Yariv, Amnon},
  booktitle = {Advances in Neural Information Processing Systems 4 (NIPS)},
  editor = {Moody, J. and Hanson, S. and Lippmann, R.P.},
  month = {December},
  note = {\url{https://proceedings.neurips.cc/paper_files/paper/1991/file/74071a673307ca7459bcf75fbd024e09-Paper.pdf}},
  openalex = {W2111959810},
  publisher = {Morgan-Kaufmann},
  series = {Conference Track Proceedings},
  title = {A Parallel Analog CCD/CMOS Signal Processor},
  volume = {4},
  year = {1991}
}

@inproceedings{nowlan1991adaptive,
  address = {Denver, Colorado, USA},
  author = {Nowlan, Steven J. and Hinton, Geoffrey E.},
  booktitle = {Advances in Neural Information Processing Systems 4 (NIPS)},
  editor = {J. Moody and S. Hanson and R.P. Lippmann},
  month = {December},
  note = {\url{https://proceedings.neurips.cc/paper_files/paper/1991/file/05f971b5ec196b8c65b75d2ef8267331-Paper.pdf}},
  openalex = {W2171170455},
  publisher = {Morgan-Kaufmann},
  series = {Conference Track Proceedings},
  title = {Adaptive Soft Weight Tying using Gaussian Mixtures},
  volume = {4},
  year = {1991}
}

@inproceedings{obermayer1991comparison,
  address = {Denver, Colorado, USA},
  author = {Obermayer, Klaus and Schulten, Klaus and Blasdel, Gary G.},
  booktitle = {Advances in Neural Information Processing Systems 4 (NIPS)},
  editor = {Moody, J. and Hanson, S. and Lippmann, R. P.},
  month = {December},
  note = {\url{https://proceedings.neurips.cc/paper_files/paper/1991/file/cfee398643cbc3dc5eefc89334cacdc1-Paper.pdf}},
  openalex = {W2158792143},
  publisher = {Morgan-Kaufmann},
  series = {Conference Track Proceedings},
  title = {A comparison between a neural network model for the formation of brain maps and experimental data},
  volume = {4},
  year = {1991}
}

@inproceedings{omohundro1991best,
  address = {Denver, Colorado, USA},
  author = {Omohundro, Stephen M.},
  booktitle = {Advances in Neural Information Processing Systems 4 (NIPS)},
  editor = {J. Moody and S. Hanson and R.P. Lippmann},
  month = {December},
  note = {\url{https://proceedings.neurips.cc/paper_files/paper/1991/file/35051070e572e47d2c26c241ab88307f-Paper.pdf}},
  openalex = {W2096498841},
  publisher = {Morgan-Kaufmann},
  series = {Conference Track Proceedings},
  title = {Best-First Model Merging for Dynamic Learning and Recognition},
  volume = {4},
  year = {1991}
}

@inproceedings{pearlmutter1991gradient,
  address = {Denver, Colorado, USA},
  author = {Pearlmutter, Barak A.},
  booktitle = {Advances in Neural Information Processing Systems 4 (NIPS)},
  editor = {Moody, J. and Hanson, S. and Lippmann, R. P.},
  month = {December},
  note = {\url{https://proceedings.neurips.cc/paper_files/paper/1991/file/e44fea3bec53bcea3b7513ccef5857ac-Paper.pdf}},
  openalex = {W2137477616},
  publisher = {Morgan-Kaufmann},
  series = {Conference Track Proceedings},
  title = {Gradient Descent: Second Order Momentum and Saturating Error},
  volume = {4},
  year = {1991}
}

@inproceedings{pinkus1991constructing,
  address = {Denver, Colorado, USA},
  author = {Pinkus, Gadi},
  booktitle = {Advances in Neural Information Processing Systems 4 (NIPS)},
  editor = {J. Moody and S. Hanson and R.P. Lippmann},
  month = {December},
  note = {\url{https://proceedings.neurips.cc/paper_files/paper/1991/file/2050e03ca119580f74cca14cc6e97462-Paper.pdf}},
  openalex = {W2101159598},
  publisher = {Morgan-Kaufmann},
  series = {Conference Track Proceedings},
  title = {Constructing Proofs in Symmetric Networks},
  volume = {4},
  year = {1991}
}

@inproceedings{platt1991networks,
  address = {Denver, Colorado, USA},
  author = {Platt, John and Faggin, Federico},
  booktitle = {Advances in Neural Information Processing Systems 4 (NIPS)},
  editor = {Moody, J. and Hanson, S. and Lippmann, R. P.},
  month = {December},
  note = {\url{https://proceedings.neurips.cc/paper_files/paper/1991/file/c410003ef13d451727aeff9082c29a5c-Paper.pdf}},
  openalex = {W2100804100},
  publisher = {Morgan-Kaufmann},
  series = {Conference Track Proceedings},
  title = {Networks for the Separation of Sources that are Superimposed and Delayed},
  volume = {4},
  year = {1991}
}

@inproceedings{pouget1991hierarchical,
  address = {Denver, Colorado, USA},
  author = {Pouget, Alexandre and Fisher, Stephen and Sejnowski, Terrence J.},
  booktitle = {Advances in Neural Information Processing Systems 4 (NIPS)},
  editor = {J. Moody and S. Hanson and R.P. Lippmann},
  month = {December},
  note = {\url{https://proceedings.neurips.cc/paper_files/paper/1991/file/3dc4876f3f08201c7c76cb71fa1da439-Paper.pdf}},
  openalex = {W2104724025},
  publisher = {Morgan-Kaufmann},
  series = {Conference Track Proceedings},
  title = {Hierarchical Transformation of Space in the Visual System},
  volume = {4},
  year = {1991}
}

@inproceedings{prescott1991obstacle,
  address = {Denver, Colorado, USA},
  author = {Prescott, Tony and Mayhew, John},
  booktitle = {Advances in Neural Information Processing Systems 4 (NIPS)},
  editor = {Moody, J. and Hanson, S. and Lippmann, R.P.},
  month = {December},
  note = {\url{https://proceedings.neurips.cc/paper_files/paper/1991/file/9431c87f273e507e6040fcb07dcb4509-Paper.pdf}},
  publisher = {Morgan-Kaufmann},
  series = {Conference Track Proceedings},
  title = {Obstacle Avoidance Through Reinforcement Learning},
  volume = {4},
  year = {1991}
}

@inproceedings{principe1991modeling,
  address = {Denver, Colorado, USA},
  author = {Príncipe, José and de Vries, Bert and Kuo, Jyh-Ming and de Oliveira, Pedro},
  booktitle = {Advances in Neural Information Processing Systems 4 (NIPS)},
  editor = {Moody, J. and Hanson, S. and Lippmann, R. P.},
  month = {December},
  note = {\url{https://proceedings.neurips.cc/paper_files/paper/1991/file/e1e32e235eee1f970470a3a6658dfdd5-Paper.pdf}},
  publisher = {Morgan-Kaufmann},
  series = {Conference Track Proceedings},
  title = {Modeling Applications with the Focused Gamma Net},
  volume = {4},
  year = {1991}
}

@inproceedings{ramachandran1991information,
  address = {Denver, Colorado, USA},
  author = {Ramachandran, Sowmya and Pratt, Lorien},
  booktitle = {Advances in Neural Information Processing Systems 4 (NIPS)},
  editor = {Moody, J. and Hanson, S. and Lippmann, R. P.},
  month = {December},
  note = {\url{https://proceedings.neurips.cc/paper_files/paper/1991/file/eba0dc302bcd9a273f8bbb72be3a687b-Paper.pdf}},
  openalex = {W2106267433},
  publisher = {Morgan-Kaufmann},
  series = {Conference Track Proceedings},
  title = {Information Measure Based Skeletonisation},
  volume = {4},
  year = {1991}
}

@inproceedings{redding1991learning,
  address = {Denver, Colorado, USA},
  author = {Redding, N.J. and Downs, T.},
  booktitle = {Advances in Neural Information Processing Systems 4 (NIPS)},
  editor = {J. Moody and S. Hanson and R.P. Lippmann},
  month = {December},
  note = {\url{https://proceedings.neurips.cc/paper_files/paper/1991/file/1be3bc32e6564055d5ca3e5a354acbef-Paper.pdf}},
  openalex = {W2104774461},
  publisher = {Morgan-Kaufmann},
  series = {Conference Track Proceedings},
  title = {Learning in Feedforward Networks with Nonsmooth Functions},
  volume = {4},
  year = {1991}
}

@inproceedings{renals1991connectionist,
  address = {Denver, Colorado, USA},
  author = {Renals, Steve and Morgan, Nelson and Bourlard, Hervé and Franco, Horacio and Cohen, Michael},
  booktitle = {Advances in Neural Information Processing Systems 4 (NIPS)},
  editor = {J. Moody and S. Hanson and R.P. Lippmann},
  month = {December},
  note = {\url{https://proceedings.neurips.cc/paper_files/paper/1991/file/13f3cf8c531952d72e5847c4183e6910-Paper.pdf}},
  openalex = {W2103434757},
  publisher = {Morgan-Kaufmann},
  series = {Conference Track Proceedings},
  title = {Connectionist Optimisation of Tied Mixture Hidden Markov Models},
  volume = {4},
  year = {1991}
}

@inproceedings{robinson1991information,
  address = {Denver, Colorado, USA},
  author = {Robinson, David A.},
  booktitle = {Advances in Neural Information Processing Systems 4 (NIPS)},
  editor = {Moody, J. and Hanson, S. and Lippmann, R. P.},
  month = {December},
  note = {\url{https://proceedings.neurips.cc/paper_files/paper/1991/file/f1b6f2857fb6d44dd73c7041e0aa0f19-Paper.pdf}},
  openalex = {W2097088576},
  publisher = {Morgan-Kaufmann},
  series = {Conference Track Proceedings},
  title = {Information Processing to Create Eye Movements},
  volume = {4},
  year = {1991}
}

@inproceedings{rogers1991data,
  address = {Denver, Colorado, USA},
  author = {Rogers, David},
  booktitle = {Advances in Neural Information Processing Systems 4 (NIPS)},
  editor = {Moody, J. and Hanson, S. and Lippmann, R. P.},
  month = {December},
  note = {\url{https://proceedings.neurips.cc/paper_files/paper/1991/file/e6b4b2a746ed40e1af829d1fa82daa10-Paper.pdf}},
  openalex = {W2133238962},
  publisher = {Morgan-Kaufmann},
  series = {Conference Track Proceedings},
  title = {Data Analysis using G/SPLINES},
  volume = {4},
  year = {1991}
}

@inproceedings{roscheisen1991neural,
  address = {Denver, Colorado, USA},
  author = {Röscheisen, Martin and Hofmann, Reimar and Tresp, Volker},
  booktitle = {Advances in Neural Information Processing Systems 4 (NIPS)},
  editor = {Moody, J. and Hanson, S. and Lippmann, R.P.},
  month = {December},
  note = {\url{https://proceedings.neurips.cc/paper_files/paper/1991/file/9a96876e2f8f3dc4f3cf45f02c61c0c1-Paper.pdf}},
  openalex = {W2156255805},
  publisher = {Morgan-Kaufmann},
  series = {Conference Track Proceedings},
  title = {Neural Control for Rolling Mills: Incorporating Domain Theories to Overcome Data Deficiency},
  volume = {4},
  year = {1991}
}

@inproceedings{sackinger1991neurocomputer,
  address = {Denver, Colorado, USA},
  author = {Säckinger, Eduard and Boser, Bernhard E. and Jackel, Lawrence D.},
  booktitle = {Advances in Neural Information Processing Systems 4 (NIPS)},
  editor = {Moody, J. and Hanson, S. and Lippmann, R.P.},
  month = {December},
  note = {\url{https://proceedings.neurips.cc/paper_files/paper/1991/file/5e388103a391daabe3de1d76a6739ccd-Paper.pdf}},
  openalex = {W2128394885},
  publisher = {Morgan-Kaufmann},
  series = {Conference Track Proceedings},
  title = {A Neurocomputer Board Based on the ANNA Neural Network Chip},
  volume = {4},
  year = {1991}
}

@inproceedings{sanger1991iterative,
  address = {Denver, Colorado, USA},
  author = {Sanger, Terence D. and Sutton, Richard S. and Matheus, Christopher J.},
  booktitle = {Advances in Neural Information Processing Systems 4 (NIPS)},
  editor = {Moody, J. and Hanson, S. and Lippmann, R.P.},
  month = {December},
  note = {\url{https://proceedings.neurips.cc/paper_files/paper/1991/file/7bcdf75ad237b8e02e301f4091fb6bc8-Paper.pdf}},
  openalex = {W2153167349},
  publisher = {Morgan-Kaufmann},
  series = {Conference Track Proceedings},
  title = {Iterative Construction of Sparse Polynomial Approximations},
  volume = {4},
  year = {1991}
}

@inproceedings{schmidhuber1991learning,
  address = {Denver, Colorado, USA},
  author = {Schmidhuber, Jürgen},
  booktitle = {Advances in Neural Information Processing Systems 4 (NIPS)},
  editor = {J. Moody and S. Hanson and R.P. Lippmann},
  month = {December},
  note = {\url{https://proceedings.neurips.cc/paper_files/paper/1991/file/2bb232c0b13c774965ef8558f0fbd615-Paper.pdf}},
  openalex = {W2118127772},
  publisher = {Morgan-Kaufmann},
  series = {Conference Track Proceedings},
  title = {Learning Unambiguous Reduced Sequence Descriptions},
  volume = {4},
  year = {1991}
}

@inproceedings{schraudolph1991competitive,
  address = {Denver, Colorado, USA},
  author = {Schraudolph, Nicol N. and Sejnowski, Terrence J.},
  booktitle = {Advances in Neural Information Processing Systems 4 (NIPS)},
  editor = {Moody, J. and Hanson, S. and Lippmann, R. P.},
  month = {December},
  note = {\url{https://proceedings.neurips.cc/paper_files/paper/1991/file/ef575e8837d065a1683c022d2077d342-Paper.pdf}},
  openalex = {W2141247461},
  publisher = {Morgan-Kaufmann},
  series = {Conference Track Proceedings},
  title = {Competitive Anti-Hebbian Learning of Invariants},
  volume = {4},
  year = {1991}
}

@inproceedings{schuster1991burst,
  address = {Denver, Colorado, USA},
  author = {Schuster, Heinz and Koch, Christof},
  booktitle = {Advances in Neural Information Processing Systems 4 (NIPS)},
  editor = {Moody, J. and Hanson, S. and Lippmann, R. P.},
  month = {December},
  note = {\url{https://proceedings.neurips.cc/paper_files/paper/1991/file/c6e19e830859f2cb9f7c8f8cacb8d2a6-Paper.pdf}},
  publisher = {Morgan-Kaufmann},
  series = {Conference Track Proceedings},
  title = {Burst Synchronization without Frequency Locking in a Completely Solvable Neural Network Model},
  volume = {4},
  year = {1991}
}

@inproceedings{scott1991refining,
  address = {Denver, Colorado, USA},
  author = {Scott, Gary M. and Shavlik, Jude and Ray, W. Harmon},
  booktitle = {Advances in Neural Information Processing Systems 4 (NIPS)},
  editor = {J. Moody and S. Hanson and R.P. Lippmann},
  month = {December},
  note = {\url{https://proceedings.neurips.cc/paper_files/paper/1991/file/285e19f20beded7d215102b49d5c09a0-Paper.pdf}},
  openalex = {W2050414686},
  publisher = {Morgan-Kaufmann},
  series = {Conference Track Proceedings},
  title = {Refining PID Controllers Using Neural Networks},
  volume = {4},
  year = {1991}
}

@inproceedings{shashua1991illumination,
  address = {Denver, Colorado, USA},
  author = {Shashua, Amnon},
  booktitle = {Advances in Neural Information Processing Systems 4 (NIPS)},
  editor = {J. Moody and S. Hanson and R.P. Lippmann},
  month = {December},
  note = {\url{https://proceedings.neurips.cc/paper_files/paper/1991/file/428fca9bc1921c25c5121f9da7815cde-Paper.pdf}},
  openalex = {W2120893006},
  publisher = {Morgan-Kaufmann},
  series = {Conference Track Proceedings},
  title = {Illumination and View Position in 3D Visual Recognition},
  volume = {4},
  year = {1991}
}

@inproceedings{shawetaylor1991threshold,
  address = {Denver, Colorado, USA},
  author = {Shawe‐Taylor, John},
  booktitle = {Advances in Neural Information Processing Systems 4 (NIPS)},
  editor = {J. Moody and S. Hanson and R.P. Lippmann},
  month = {December},
  note = {\url{https://proceedings.neurips.cc/paper_files/paper/1991/file/087408522c31eeb1f982bc0eaf81d35f-Paper.pdf}},
  openalex = {W2160999252},
  publisher = {Morgan-Kaufmann},
  series = {Conference Track Proceedings},
  title = {Threshold Network Learning in the Presence of Equivalences},
  volume = {4},
  year = {1991}
}

@inproceedings{simard1991reverse,
  address = {Denver, Colorado, USA},
  author = {Simard, Patrice and Cun, Y. Le},
  booktitle = {Advances in Neural Information Processing Systems 4 (NIPS)},
  editor = {Moody, J. and Hanson, S. and Lippmann, R. P.},
  month = {December},
  note = {\url{https://proceedings.neurips.cc/paper_files/paper/1991/file/fde9264cf376fffe2ee4ddf4a988880d-Paper.pdf}},
  openalex = {W2115046692},
  publisher = {Morgan-Kaufmann},
  series = {Conference Track Proceedings},
  title = {Reverse TDNN: An Architecture For Trajectory Generation},
  volume = {4},
  year = {1991}
}

@inproceedings{simard1991tangent,
  address = {Denver, Colorado, USA},
  author = {Simard, Patrice and Victorri, Bernard and LeCun, Yann and Denker, John},
  booktitle = {Advances in Neural Information Processing Systems 4 (NIPS)},
  editor = {Moody, J. and Hanson, S. and Lippmann, R.P.},
  month = {December},
  note = {\url{https://proceedings.neurips.cc/paper_files/paper/1991/file/65658fde58ab3c2b6e5132a39fae7cb9-Paper.pdf}},
  openalex = {W2111494971},
  publisher = {Morgan-Kaufmann},
  series = {Conference Track Proceedings},
  title = {Tangent Prop - A formalism for specifying selected invariances in an adaptive network},
  volume = {4},
  year = {1991}
}

@inproceedings{singer1991improved,
  address = {Denver, Colorado, USA},
  author = {Singer, Elliot and Lippmann, Richard P.},
  booktitle = {Advances in Neural Information Processing Systems 4 (NIPS)},
  editor = {J. Moody and S. Hanson and R.P. Lippmann},
  month = {December},
  note = {\url{https://proceedings.neurips.cc/paper_files/paper/1991/file/13f320e7b5ead1024ac95c3b208610db-Paper.pdf}},
  openalex = {W2118861666},
  publisher = {Morgan-Kaufmann},
  series = {Conference Track Proceedings},
  title = {Improved Hidden Markov Model Speech Recognition Using Radial Basis Function Networks},
  volume = {4},
  year = {1991}
}

@inproceedings{singh1991efficient,
  address = {Denver, Colorado, USA},
  author = {Singh, Satinder},
  booktitle = {Advances in Neural Information Processing Systems 4 (NIPS)},
  editor = {Moody, J. and Hanson, S. and Lippmann, R.P.},
  month = {December},
  note = {\url{https://proceedings.neurips.cc/paper_files/paper/1991/file/8b16ebc056e613024c057be590b542eb-Paper.pdf}},
  openalex = {W2146738023},
  publisher = {Morgan-Kaufmann},
  series = {Conference Track Proceedings},
  title = {The Efficient Learning of Multiple Task Sequences},
  volume = {4},
  year = {1991}
}

@inproceedings{siu1991neural,
  address = {Denver, Colorado, USA},
  author = {Siu, Kai‐Yeung and Bruck, Jehoshua},
  booktitle = {Advances in Neural Information Processing Systems 4 (NIPS)},
  editor = {J. Moody and S. Hanson and R.P. Lippmann},
  month = {December},
  note = {\url{https://proceedings.neurips.cc/paper_files/paper/1991/file/37f0e884fbad9667e38940169d0a3c95-Paper.pdf}},
  openalex = {W2095969291},
  publisher = {Morgan-Kaufmann},
  series = {Conference Track Proceedings},
  title = {Neural Computing with Small Weights},
  volume = {4},
  year = {1991}
}

@inproceedings{smyth1991fault,
  address = {Denver, Colorado, USA},
  author = {Smyth, Padhraic and Mellstrom, J.},
  booktitle = {Advances in Neural Information Processing Systems 4 (NIPS)},
  editor = {Moody, J. and Hanson, S. and Lippmann, R. P.},
  month = {December},
  note = {\url{https://proceedings.neurips.cc/paper_files/paper/1991/file/b5b41fac0361d157d9673ecb926af5ae-Paper.pdf}},
  openalex = {W2166053099},
  publisher = {Morgan-Kaufmann},
  series = {Conference Track Proceedings},
  title = {Fault Diagnosis of Antenna Pointing Systems using Hybrid Neural Network and Signal Processing Models},
  volume = {4},
  year = {1991}
}

@inproceedings{stolorz1991merging,
  address = {Denver, Colorado, USA},
  author = {Stolorz, Paul},
  booktitle = {Advances in Neural Information Processing Systems 4 (NIPS)},
  editor = {Moody, J. and Hanson, S. and Lippmann, R.P.},
  month = {December},
  note = {\url{https://proceedings.neurips.cc/paper_files/paper/1991/file/99c5e07b4d5de9d18c350cdf64c5aa3d-Paper.pdf}},
  openalex = {W2105822056},
  publisher = {Morgan-Kaufmann},
  series = {Conference Track Proceedings},
  title = {Merging Constrained Optimisation with Deterministic Annealing to "Solve" Combinatorially Hard Problems},
  volume = {4},
  year = {1991}
}

@inproceedings{sumida1991propagation,
  address = {Denver, Colorado, USA},
  author = {Sumida, Ronald A. and Dyer, Michael G.},
  booktitle = {Advances in Neural Information Processing Systems 4 (NIPS)},
  editor = {Moody, J. and Hanson, S. and Lippmann, R. P.},
  month = {December},
  note = {\url{https://proceedings.neurips.cc/paper_files/paper/1991/file/f387624df552cea2f369918c5e1e12bc-Paper.pdf}},
  openalex = {W2143342721},
  publisher = {Morgan-Kaufmann},
  series = {Conference Track Proceedings},
  title = {Propagation Filters in PDS Networks for Sequencing and Ambiguity Resolution},
  volume = {4},
  year = {1991}
}

@inproceedings{sun1991green,
  address = {Denver, Colorado, USA},
  author = {Sun, Guo-Zheng and Chen, Hsing-Hen and Lee, Yee-Chun},
  booktitle = {Advances in Neural Information Processing Systems 4 (NIPS)},
  editor = {Moody, J. and Hanson, S. and Lippmann, R. P.},
  month = {December},
  note = {\url{https://proceedings.neurips.cc/paper_files/paper/1991/file/b337e84de8752b27eda3a12363109e80-Paper.pdf}},
  openalex = {W2098432744},
  publisher = {Morgan-Kaufmann},
  series = {Conference Track Proceedings},
  title = {Green's Function Method for Fast On-Line Learning Algorithm of Recurrent Neural Networks},
  volume = {4},
  year = {1991}
}

@inproceedings{sutton1991network,
  address = {Denver, Colorado, USA},
  author = {Sutton, Jeffrey P. and Mamelak, Adam N. and Hobson, J. Allan},
  booktitle = {Advances in Neural Information Processing Systems 4 (NIPS)},
  editor = {Moody, J. and Hanson, S. and Lippmann, R. P.},
  month = {December},
  note = {\url{https://proceedings.neurips.cc/paper_files/paper/1991/file/ba2fd310dcaa8781a9a652a31baf3c68-Paper.pdf}},
  openalex = {W2139907769},
  publisher = {Morgan-Kaufmann},
  series = {Conference Track Proceedings},
  title = {Network Model of State-Dependent Sequencing},
  volume = {4},
  year = {1991}
}

@inproceedings{sydorenko1991stationarity,
  address = {Denver, Colorado, USA},
  author = {Sydorenko, Mark R. and Young, Eric D.},
  booktitle = {Advances in Neural Information Processing Systems 4 (NIPS)},
  editor = {Moody, J. and Hanson, S. and Lippmann, R. P.},
  month = {December},
  note = {\url{https://proceedings.neurips.cc/paper_files/paper/1991/file/d18f655c3fce66ca401d5f38b48c89af-Paper.pdf}},
  openalex = {W2147229057},
  publisher = {Morgan-Kaufmann},
  series = {Conference Track Proceedings},
  title = {Stationarity of Synaptic Coupling Strength Between Neurons with Nonstationary Discharge Properties},
  volume = {4},
  year = {1991}
}

@inproceedings{tesauro1991practical,
  address = {Denver, Colorado, USA},
  author = {Tesauro, Gerald},
  booktitle = {Advances in Neural Information Processing Systems 4 (NIPS)},
  editor = {Moody, J. and Hanson, S. and Lippmann, R.P.},
  month = {December},
  note = {\url{https://proceedings.neurips.cc/paper_files/paper/1991/file/68ce199ec2c5517597ce0a4d89620f55-Paper.pdf}},
  openalex = {W2103626435},
  publisher = {Morgan-Kaufmann},
  series = {Conference Track Proceedings},
  title = {Practical issues in temporal difference learning},
  volume = {4},
  year = {1991}
}

@inproceedings{thiria1991multimodular,
  address = {Denver, Colorado, USA},
  author = {Thiria, Sylvie and Mejía, Carlos and Badran, Fouad and Crépon, Michel},
  booktitle = {Advances in Neural Information Processing Systems 4 (NIPS)},
  editor = {J. Moody and S. Hanson and R.P. Lippmann},
  month = {December},
  note = {\url{https://proceedings.neurips.cc/paper_files/paper/1991/file/258be18e31c8188555c2ff05b4d542c3-Paper.pdf}},
  openalex = {W2113872785},
  publisher = {Morgan-Kaufmann},
  series = {Conference Track Proceedings},
  title = {Multimodular Architecture for Remote Sensing Operations.},
  volume = {4},
  year = {1991}
}

@inproceedings{thrun1991active,
  address = {Denver, Colorado, USA},
  author = {Thrun, Sebastian and Möller, Knut},
  booktitle = {Advances in Neural Information Processing Systems 4 (NIPS)},
  editor = {Moody, J. and Hanson, S. and Lippmann, R. P.},
  month = {December},
  note = {\url{https://proceedings.neurips.cc/paper_files/paper/1991/file/e5f6ad6ce374177eef023bf5d0c018b6-Paper.pdf}},
  openalex = {W2106639887},
  publisher = {Morgan-Kaufmann},
  series = {Conference Track Proceedings},
  title = {Active Exploration in Dynamic Environments},
  volume = {4},
  year = {1991}
}

@inproceedings{towell1991interpretation,
  address = {Denver, Colorado, USA},
  author = {Towell, Geoffrey G. and Shavlik, Jude},
  booktitle = {Advances in Neural Information Processing Systems 4 (NIPS)},
  editor = {Moody, J. and Hanson, S. and Lippmann, R. P.},
  month = {December},
  note = {\url{https://proceedings.neurips.cc/paper_files/paper/1991/file/ed265bc903a5a097f61d3ec064d96d2e-Paper.pdf}},
  openalex = {W2169273134},
  publisher = {Morgan-Kaufmann},
  series = {Conference Track Proceedings},
  title = {Interpretation of Artificial Neural Networks: Mapping Knowledge-Based Neural Networks into Rules},
  volume = {4},
  year = {1991}
}

@inproceedings{tsoi1991application,
  address = {Denver, Colorado, USA},
  author = {Tsoi, Ah},
  booktitle = {Advances in Neural Information Processing Systems 4 (NIPS)},
  editor = {Moody, J. and Hanson, S. and Lippmann, R. P.},
  month = {December},
  note = {\url{https://proceedings.neurips.cc/paper_files/paper/1991/file/f770b62bc8f42a0b66751fe636fc6eb0-Paper.pdf}},
  publisher = {Morgan-Kaufmann},
  series = {Conference Track Proceedings},
  title = {Application of Neural Network Methodology to the Modelling of the Yield Strength in a Steel Rolling Plate Mill},
  volume = {4},
  year = {1991}
}

@inproceedings{tunley1991neural,
  address = {Denver, Colorado, USA},
  author = {Tunley, Hilary},
  booktitle = {Advances in Neural Information Processing Systems 4 (NIPS)},
  editor = {Moody, J. and Hanson, S. and Lippmann, R.P.},
  month = {December},
  note = {\url{https://proceedings.neurips.cc/paper_files/paper/1991/file/58ae749f25eded36f486bc85feb3f0ab-Paper.pdf}},
  openalex = {W2150461992},
  publisher = {Morgan-Kaufmann},
  series = {Conference Track Proceedings},
  title = {A Neural Network for Motion Detection of Drift-Balanced Stimuli},
  volume = {4},
  year = {1991}
}

@inproceedings{vapnik1991principles,
  address = {Denver, Colorado, USA},
  author = {Vapnik, Vladimir},
  booktitle = {Advances in Neural Information Processing Systems 4 (NIPS)},
  editor = {Moody, J. and Hanson, S. and Lippmann, R. P.},
  month = {December},
  note = {\url{https://proceedings.neurips.cc/paper_files/paper/1991/file/ff4d5fbbafdf976cfdc032e3bde78de5-Paper.pdf}},
  openalex = {W2155195660},
  publisher = {Morgan-Kaufmann},
  series = {Conference Track Proceedings},
  title = {Principles of Risk Minimization for Learning Theory},
  volume = {4},
  year = {1991}
}

@inproceedings{venturini1991neural,
  address = {Denver, Colorado, USA},
  author = {Venturini, R and Lytton, William W. and Sejnowski, Terrence J.},
  booktitle = {Advances in Neural Information Processing Systems 4 (NIPS)},
  editor = {Moody, J. and Hanson, S. and Lippmann, R.P.},
  month = {December},
  note = {\url{https://proceedings.neurips.cc/paper_files/paper/1991/file/a760880003e7ddedfef56acb3b09697f-Paper.pdf}},
  openalex = {W2158771940},
  publisher = {Morgan-Kaufmann},
  series = {Conference Track Proceedings},
  title = {Neural Network Analysis of Event Related Potentials and Electroencephalogram Predicts Vigilance},
  volume = {4},
  year = {1991}
}

@inproceedings{viola1991recurrent,
  address = {Denver, Colorado, USA},
  author = {Viola, Paul and Lisberger, Stephen G. and Sejnowski, Terrence J.},
  booktitle = {Advances in Neural Information Processing Systems 4 (NIPS)},
  editor = {J. Moody and S. Hanson and R.P. Lippmann},
  month = {December},
  note = {\url{https://proceedings.neurips.cc/paper_files/paper/1991/file/4e4b5fbbbb602b6d35bea8460aa8f8e5-Paper.pdf}},
  openalex = {W2150726599},
  publisher = {Morgan-Kaufmann},
  series = {Conference Track Proceedings},
  title = {Recurrent Eye Tracking Network Using a Distributed Representation of Image Motion},
  volume = {4},
  year = {1991}
}

@inproceedings{waibel1991janus,
  address = {Denver, Colorado, USA},
  author = {Waibel, Alex and Jain, Ajay N. and McNair, A. and Tebelskis, Joe and Osterholtz, Louise and Saito, Hiroaki and Schmidbauer, Otto and Sloboda, T. and Woszczyna, Monika},
  booktitle = {Advances in Neural Information Processing Systems 4 (NIPS)},
  editor = {Moody, J. and Hanson, S. and Lippmann, R.P.},
  month = {December},
  note = {\url{https://proceedings.neurips.cc/paper_files/paper/1991/file/6ea2ef7311b482724a9b7b0bc0dd85c6-Paper.pdf}},
  openalex = {W2113941657},
  publisher = {Morgan-Kaufmann},
  series = {Conference Track Proceedings},
  title = {JANUS: Speech-to-Speech Translation Using Connectionist and Non-Connectionist Techniques},
  volume = {4},
  year = {1991}
}

@inproceedings{watrous1991induction,
  address = {Denver, Colorado, USA},
  author = {Watrous, Raymond and Kuhn, Gary},
  booktitle = {Advances in Neural Information Processing Systems 4 (NIPS)},
  editor = {Moody, J. and Hanson, S. and Lippmann, R. P.},
  month = {December},
  note = {\url{https://proceedings.neurips.cc/paper_files/paper/1991/file/a9a6653e48976138166de32772b1bf40-Paper.pdf}},
  publisher = {Morgan-Kaufmann},
  series = {Conference Track Proceedings},
  title = {Induction of Finite-State Automata Using Second-Order Recurrent Networks},
  volume = {4},
  year = {1991}
}

@inproceedings{wettschereck1991improving,
  address = {Denver, Colorado, USA},
  author = {Wettschereck, Dietrich and Dietterich, Thomas G.},
  booktitle = {Advances in Neural Information Processing Systems 4 (NIPS)},
  editor = {Moody, J. and Hanson, S. and Lippmann, R.P.},
  month = {December},
  note = {\url{https://proceedings.neurips.cc/paper_files/paper/1991/file/97e8527feaf77a97fc38f34216141515-Paper.pdf}},
  openalex = {W2110916332},
  publisher = {Morgan-Kaufmann},
  series = {Conference Track Proceedings},
  title = {Improving the Performance of Radial Basis Function Networks by Learning Center Locations},
  volume = {4},
  year = {1991}
}

@inproceedings{wiles1991operators,
  address = {Denver, Colorado, USA},
  author = {Wiles, Janet and Bloesch, Anthony},
  booktitle = {Advances in Neural Information Processing Systems 4 (NIPS)},
  editor = {Moody, J. and Hanson, S. and Lippmann, R.P.},
  month = {December},
  note = {\url{https://proceedings.neurips.cc/paper_files/paper/1991/file/877a9ba7a98f75b90a9d49f53f15a858-Paper.pdf}},
  openalex = {W2110085047},
  publisher = {Morgan-Kaufmann},
  series = {Conference Track Proceedings},
  title = {Operators and curried functions: Training and analysis of simple recurrent networks},
  volume = {4},
  year = {1991}
}

@inproceedings{williamson1991splines,
  address = {Denver, Colorado, USA},
  author = {Williamson, Robert C. and Bartlett, Peter L.},
  booktitle = {Advances in Neural Information Processing Systems 4 (NIPS)},
  editor = {Moody, J. and Hanson, S. and Lippmann, R. P.},
  month = {December},
  note = {\url{https://proceedings.neurips.cc/paper_files/paper/1991/file/c203d8a151612acf12457e4d67635a95-Paper.pdf}},
  openalex = {W2157901778},
  publisher = {Morgan-Kaufmann},
  series = {Conference Track Proceedings},
  title = {Splines, Rational Functions and Neural Networks},
  volume = {4},
  year = {1991}
}

@inproceedings{wynnejones1991node,
  address = {Denver, Colorado, USA},
  author = {Wynne-Jones, Mike},
  booktitle = {Advances in Neural Information Processing Systems 4 (NIPS)},
  editor = {J. Moody and S. Hanson and R.P. Lippmann},
  month = {December},
  note = {\url{https://proceedings.neurips.cc/paper_files/paper/1991/file/0fcbc61acd0479dc77e3cccc0f5ffca7-Paper.pdf}},
  openalex = {W2114747792},
  publisher = {Morgan-Kaufmann},
  series = {Conference Track Proceedings},
  title = {Node splitting: A constructive algorithm for feed-forward neural networks},
  volume = {4},
  year = {1991}
}

@inproceedings{zador1991nonlinear,
  address = {Denver, Colorado, USA},
  author = {Zador, Anthony M. and Claiborne, Brenda J. and Brown, Thomas H.},
  booktitle = {Advances in Neural Information Processing Systems 4 (NIPS)},
  editor = {J. Moody and S. Hanson and R.P. Lippmann},
  month = {December},
  note = {\url{https://proceedings.neurips.cc/paper_files/paper/1991/file/5737034557ef5b8c02c0e46513b98f90-Paper.pdf}},
  openalex = {W2133256886},
  publisher = {Morgan-Kaufmann},
  series = {Conference Track Proceedings},
  title = {Nonlinear Pattern Separation in Single Hippocampal Neurons with Active Dendritic Membrane},
  volume = {4},
  year = {1991}
}

@inproceedings{zhao1991some,
  address = {Denver, Colorado, USA},
  author = {Zhao, Ying and Atkeson, Christopher G.},
  booktitle = {Advances in Neural Information Processing Systems 4 (NIPS)},
  editor = {J. Moody and S. Hanson and R.P. Lippmann},
  month = {December},
  note = {\url{https://proceedings.neurips.cc/paper_files/paper/1991/file/2f55707d4193dc27118a0f19a1985716-Paper.pdf}},
  openalex = {W2134550823},
  publisher = {Morgan-Kaufmann},
  series = {Conference Track Proceedings},
  title = {Some Approximation Properties of Projection Pursuit Learning Networks},
  volume = {4},
  year = {1991}
}
