@inproceedings{abumostafa1992method,
  address =      {Denver, Colorado, USA},
  author =       {Abu-Mostafa, Yaser},
  booktitle =    {Advances in Neural Information Processing Systems 5
                  (NIPS)},
  editor =       {Hanson, S. and Cowan, J. and Giles, C.},
  month =        {November},
  note =
                  {\url{https://proceedings.neurips.cc/paper_files/paper/1992/file/7750ca3559e5b8e1f44210283368fc16-Paper.pdf}},
  publisher =    {Morgan-Kaufmann},
  series =       {Conference Track Proceedings},
  title =        {A Method for Learning From Hints},
  volume =       5,
  year =         1992
}

@inproceedings{ahmad1992some,
  address =      {Denver, Colorado, USA},
  author =       {Ahmad, Subutai and Tresp, Volker},
  booktitle =    {Advances in Neural Information Processing Systems 5
                  (NIPS)},
  editor =       {Hanson, S. and Cowan, J. and Giles, C.},
  month =        {November},
  note =
                  {\url{https://proceedings.neurips.cc/paper_files/paper/1992/file/85fc37b18c57097425b52fc7afbb6969-Paper.pdf}},
  publisher =    {Morgan-Kaufmann},
  series =       {Conference Track Proceedings},
  title =        {Some Solutions to the Missing Feature Problem in
                  Vision},
  volume =       5,
  year =         1992
}

@inproceedings{alspector1992parallel,
  address =      {Denver, Colorado, USA},
  author =       {Alspector, J. and Meir, R. and Yuhas, B. and
                  Jayakumar, A. and Lippe, D.},
  booktitle =    {Advances in Neural Information Processing Systems 5
                  (NIPS)},
  editor =       {Hanson, S. and Cowan, J. and Giles, C.},
  month =        {November},
  note =
                  {\url{https://proceedings.neurips.cc/paper_files/paper/1992/file/1595af6435015c77a7149e92a551338e-Paper.pdf}},
  publisher =    {Morgan-Kaufmann},
  series =       {Conference Track Proceedings},
  title =        {A Parallel Gradient Descent Method for Learning in
                  Analog VLSI Neural Networks},
  volume =       5,
  year =         1992
}

@inproceedings{anderson1992analog,
  address =      {Denver, Colorado, USA},
  author =       {Anderson, Janeen and Platt, John and Kirk, David B.},
  booktitle =    {Advances in Neural Information Processing Systems 5
                  (NIPS)},
  editor =       {Hanson, S. and Cowan, J. and Giles, C.},
  month =        {November},
  note =
                  {\url{https://proceedings.neurips.cc/paper_files/paper/1992/file/daca41214b39c5dc66674d09081940f0-Paper.pdf}},
  publisher =    {Morgan-Kaufmann},
  series =       {Conference Track Proceedings},
  title =        {An Analog VLSI Chip for Radial Basis Functions},
  volume =       5,
  year =         1992
}

@inproceedings{anderson1992q,
  address =      {Denver, Colorado, USA},
  author =       {Anderson, Charles},
  booktitle =    {Advances in Neural Information Processing Systems 5
                  (NIPS)},
  editor =       {Hanson, S. and Cowan, J. and Giles, C.},
  month =        {November},
  note =
                  {\url{https://proceedings.neurips.cc/paper_files/paper/1992/file/08c5433a60135c32e34f46a71175850c-Paper.pdf}},
  publisher =    {Morgan-Kaufmann},
  series =       {Conference Track Proceedings},
  title =        {Q-Learning with Hidden-Unit Restarting},
  volume =       5,
  year =         1992
}

@inproceedings{baird1992synchronization,
  address =      {Denver, Colorado, USA},
  author =       {Baird, Bill and Troyer, Todd and Eeckman, Frank},
  booktitle =    {Advances in Neural Information Processing Systems 5
                  (NIPS)},
  editor =       {Hanson, S. and Cowan, J. and Giles, C.},
  month =        {November},
  note =
                  {\url{https://proceedings.neurips.cc/paper_files/paper/1992/file/9c82c7143c102b71c593d98d96093fde-Paper.pdf}},
  publisher =    {Morgan-Kaufmann},
  series =       {Conference Track Proceedings},
  title =        {Synchronization and Grammatical Inference in an
                  Oscillating Elman Net},
  volume =       5,
  year =         1992
}

@inproceedings{baldi1992hidden,
  address =      {Denver, Colorado, USA},
  author =       {Baldi, Pierre and Chauvin, Yves and Hunkapiller, Tim
                  and McClure, Marcella},
  booktitle =    {Advances in Neural Information Processing Systems 5
                  (NIPS)},
  editor =       {Hanson, S. and Cowan, J. and Giles, C.},
  month =        {November},
  note =
                  {\url{https://proceedings.neurips.cc/paper_files/paper/1992/file/051e4e127b92f5d98d3c79b195f2b291-Paper.pdf}},
  publisher =    {Morgan-Kaufmann},
  series =       {Conference Track Proceedings},
  title =        {Hidden Markov Models in Molecular Biology: New
                  Algorithms and Applications},
  volume =       5,
  year =         1992
}

@inproceedings{bavelier1992dynamical,
  address =      {Denver, Colorado, USA},
  author =       {Bavelier, Daphne and Jordan, Michael},
  booktitle =    {Advances in Neural Information Processing Systems 5
                  (NIPS)},
  editor =       {Hanson, S. and Cowan, J. and Giles, C.},
  month =        {November},
  note =
                  {\url{https://proceedings.neurips.cc/paper_files/paper/1992/file/3d2d8ccb37df977cb6d9da15b76c3f3a-Paper.pdf}},
  publisher =    {Morgan-Kaufmann},
  series =       {Conference Track Proceedings},
  title =        {A dynamical model of priming and repetition
                  blindness},
  volume =       5,
  year =         1992
}

@inproceedings{becker1992learning,
  address =      {Denver, Colorado, USA},
  author =       {Becker, Suzanna},
  booktitle =    {Advances in Neural Information Processing Systems 5
                  (NIPS)},
  editor =       {Hanson, S. and Cowan, J. and Giles, C.},
  month =        {November},
  note =
                  {\url{https://proceedings.neurips.cc/paper_files/paper/1992/file/b2eeb7362ef83deff5c7813a67e14f0a-Paper.pdf}},
  publisher =    {Morgan-Kaufmann},
  series =       {Conference Track Proceedings},
  title =        {Learning to categorize objects using temporal
                  coherence},
  volume =       5,
  year =         1992
}

@inproceedings{belew1992interposing,
  address =      {Denver, Colorado, USA},
  author =       {Belew, Richard},
  booktitle =    {Advances in Neural Information Processing Systems 5
                  (NIPS)},
  editor =       {Hanson, S. and Cowan, J. and Giles, C.},
  month =        {November},
  note =
                  {\url{https://proceedings.neurips.cc/paper_files/paper/1992/file/eb6fdc36b281b7d5eabf33396c2683a2-Paper.pdf}},
  publisher =    {Morgan-Kaufmann},
  series =       {Conference Track Proceedings},
  title =        {Interposing an ontogenetic model between Genetic
                  Algorithms and Neural Networks},
  volume =       5,
  year =         1992
}

@inproceedings{bonnlander1992metamorphosis,
  address =      {Denver, Colorado, USA},
  author =       {Bonnlander, Brian and Mozer, Michael C},
  booktitle =    {Advances in Neural Information Processing Systems 5
                  (NIPS)},
  editor =       {Hanson, S. and Cowan, J. and Giles, C.},
  month =        {November},
  note =
                  {\url{https://proceedings.neurips.cc/paper_files/paper/1992/file/9cf81d8026a9018052c429cc4e56739b-Paper.pdf}},
  publisher =    {Morgan-Kaufmann},
  series =       {Conference Track Proceedings},
  title =        {Metamorphosis Networks: An Alternative to
                  Constructive Models},
  volume =       5,
  year =         1992
}

@inproceedings{bowman1992neural,
  address =      {Denver, Colorado, USA},
  author =       {Bowman, Christopher},
  booktitle =    {Advances in Neural Information Processing Systems 5
                  (NIPS)},
  editor =       {Hanson, S. and Cowan, J. and Giles, C.},
  month =        {November},
  note =
                  {\url{https://proceedings.neurips.cc/paper_files/paper/1992/file/58d4d1e7b1e97b258c9ed0b37e02d087-Paper.pdf}},
  publisher =    {Morgan-Kaufmann},
  series =       {Conference Track Proceedings},
  title =        {Neural Network On-Line Learning Control of
                  Spacecraft Smart Structures},
  volume =       5,
  year =         1992
}

@inproceedings{bradtke1992reinforcement,
  address =      {Denver, Colorado, USA},
  author =       {Bradtke, Steven},
  booktitle =    {Advances in Neural Information Processing Systems 5
                  (NIPS)},
  editor =       {Hanson, S. and Cowan, J. and Giles, C.},
  month =        {November},
  note =
                  {\url{https://proceedings.neurips.cc/paper_files/paper/1992/file/19bc916108fc6938f52cb96f7e087941-Paper.pdf}},
  publisher =    {Morgan-Kaufmann},
  series =       {Conference Track Proceedings},
  title =        {Reinforcement Learning Applied to Linear Quadratic
                  Regulation},
  volume =       5,
  year =         1992
}

@inproceedings{brody1992model,
  address =      {Denver, Colorado, USA},
  author =       {Brody, Carlos},
  booktitle =    {Advances in Neural Information Processing Systems 5
                  (NIPS)},
  editor =       {Hanson, S. and Cowan, J. and Giles, C.},
  month =        {November},
  note =
                  {\url{https://proceedings.neurips.cc/paper_files/paper/1992/file/17c276c8e723eb46aef576537e9d56d0-Paper.pdf}},
  publisher =    {Morgan-Kaufmann},
  series =       {Conference Track Proceedings},
  title =        {A Model of Feedback to the Lateral Geniculate
                  Nucleus},
  volume =       5,
  year =         1992
}

@inproceedings{burgess1992using,
  address =      {Denver, Colorado, USA},
  author =       {Burgess, Neil and O'Keefe, John and Recce, Michael},
  booktitle =    {Advances in Neural Information Processing Systems 5
                  (NIPS)},
  editor =       {Hanson, S. and Cowan, J. and Giles, C.},
  month =        {November},
  note =
                  {\url{https://proceedings.neurips.cc/paper_files/paper/1992/file/5e9f92a01c986bafcabbafd145520b13-Paper.pdf}},
  publisher =    {Morgan-Kaufmann},
  series =       {Conference Track Proceedings},
  title =        {Using hippocampal place cells for navigation,
                  exploiting phase coding},
  volume =       5,
  year =         1992
}

@inproceedings{cauwenberghs1992fast,
  address =      {Denver, Colorado, USA},
  author =       {Cauwenberghs, Gert},
  booktitle =    {Advances in Neural Information Processing Systems 5
                  (NIPS)},
  editor =       {Hanson, S. and Cowan, J. and Giles, C.},
  month =        {November},
  note =
                  {\url{https://proceedings.neurips.cc/paper_files/paper/1992/file/c06d06da9666a219db15cf575aff2824-Paper.pdf}},
  publisher =    {Morgan-Kaufmann},
  series =       {Conference Track Proceedings},
  title =        {A Fast Stochastic Error-Descent Algorithm for
                  Supervised Learning and Optimization},
  volume =       5,
  year =         1992
}

@inproceedings{chang1992boundary,
  address =      {Denver, Colorado, USA},
  author =       {Chang, Eric and Lippmann, Richard P.},
  booktitle =    {Advances in Neural Information Processing Systems 5
                  (NIPS)},
  editor =       {Hanson, S. and Cowan, J. and Giles, C.},
  month =        {November},
  note =
                  {\url{https://proceedings.neurips.cc/paper_files/paper/1992/file/8df707a948fac1b4a0f97aa554886ec8-Paper.pdf}},
  publisher =    {Morgan-Kaufmann},
  series =       {Conference Track Proceedings},
  title =        {A Boundary Hunting Radial Basis Function Classifier
                  which Allocates Centers Constructively},
  volume =       5,
  year =         1992
}

@inproceedings{churcher1992generic,
  address =      {Denver, Colorado, USA},
  author =       {Churcher, Stephen and Baxter, Donald and Hamilton,
                  Alister and Murray, Alan and Reekie, H.},
  booktitle =    {Advances in Neural Information Processing Systems 5
                  (NIPS)},
  editor =       {Hanson, S. and Cowan, J. and Giles, C.},
  month =        {November},
  note =
                  {\url{https://proceedings.neurips.cc/paper_files/paper/1992/file/ab233b682ec355648e7891e66c54191b-Paper.pdf}},
  publisher =    {Morgan-Kaufmann},
  series =       {Conference Track Proceedings},
  title =        {Generic Analog Neural Computation - The EPSILON
                  Chip},
  volume =       5,
  year =         1992
}

@inproceedings{coenen1992biologically,
  address =      {Denver, Colorado, USA},
  author =       {Coenen, Olivier and Sejnowski, Terrence J and
                  Lisberger, Stephen},
  booktitle =    {Advances in Neural Information Processing Systems 5
                  (NIPS)},
  editor =       {Hanson, S. and Cowan, J. and Giles, C.},
  month =        {November},
  note =
                  {\url{https://proceedings.neurips.cc/paper_files/paper/1992/file/f64eac11f2cd8f0efa196f8ad173178e-Paper.pdf}},
  publisher =    {Morgan-Kaufmann},
  series =       {Conference Track Proceedings},
  title =        {Biologically Plausible Local Learning Rules for the
                  Adaptation of the Vestibulo-Ocular Reflex},
  volume =       5,
  year =         1992
}

@inproceedings{cohen1992context,
  address =      {Denver, Colorado, USA},
  author =       {Cohen, Michael and Franco, Horacio and Morgan,
                  Nelson and Rumelhart, David and Abrash, Victor},
  booktitle =    {Advances in Neural Information Processing Systems 5
                  (NIPS)},
  editor =       {Hanson, S. and Cowan, J. and Giles, C.},
  month =        {November},
  note =
                  {\url{https://proceedings.neurips.cc/paper_files/paper/1992/file/e70611883d2760c8bbafb4acb29e3446-Paper.pdf}},
  publisher =    {Morgan-Kaufmann},
  series =       {Conference Track Proceedings},
  title =        {Context-Dependent Multiple Distribution Phonetic
                  Modeling with MLPs},
  volume =       5,
  year =         1992
}

@inproceedings{das1992using,
  address =      {Denver, Colorado, USA},
  author =       {Das, Sreerupa and Giles, C. and Sun, Guo-Zheng},
  booktitle =    {Advances in Neural Information Processing Systems 5
                  (NIPS)},
  editor =       {Hanson, S. and Cowan, J. and Giles, C.},
  month =        {November},
  note =
                  {\url{https://proceedings.neurips.cc/paper_files/paper/1992/file/766ebcd59621e305170616ba3d3dac32-Paper.pdf}},
  publisher =    {Morgan-Kaufmann},
  series =       {Conference Track Proceedings},
  title =        {Using Prior Knowledge in a NNPDA to Learn
                  Context-Free Languages},
  volume =       5,
  year =         1992
}

@inproceedings{dasgupta1992power,
  address =      {Denver, Colorado, USA},
  author =       {DasGupta, Bhaskar and Schnitger, Georg},
  booktitle =    {Advances in Neural Information Processing Systems 5
                  (NIPS)},
  editor =       {Hanson, S. and Cowan, J. and Giles, C.},
  month =        {November},
  note =
                  {\url{https://proceedings.neurips.cc/paper_files/paper/1992/file/e555ebe0ce426f7f9b2bef0706315e0c-Paper.pdf}},
  publisher =    {Morgan-Kaufmann},
  series =       {Conference Track Proceedings},
  title =        {The Power of Approximating: a Comparison of
                  Activation Functions},
  volume =       5,
  year =         1992
}

@inproceedings{dayan1992feudal,
  address =      {Denver, Colorado, USA},
  author =       {Dayan, Peter and Hinton, Geoffrey E},
  booktitle =    {Advances in Neural Information Processing Systems 5
                  (NIPS)},
  editor =       {Hanson, S. and Cowan, J. and Giles, C.},
  month =        {November},
  note =
                  {\url{https://proceedings.neurips.cc/paper_files/paper/1992/file/d14220ee66aeec73c49038385428ec4c-Paper.pdf}},
  publisher =    {Morgan-Kaufmann},
  series =       {Conference Track Proceedings},
  title =        {Feudal Reinforcement Learning},
  volume =       5,
  year =         1992
}

@inproceedings{de1992note,
  address =      {Denver, Colorado, USA},
  author =       {de Sa, Virginia and Ballard, Dana},
  booktitle =    {Advances in Neural Information Processing Systems 5
                  (NIPS)},
  editor =       {Hanson, S. and Cowan, J. and Giles, C.},
  month =        {November},
  note =
                  {\url{https://proceedings.neurips.cc/paper_files/paper/1992/file/8757150decbd89b0f5442ca3db4d0e0e-Paper.pdf}},
  publisher =    {Morgan-Kaufmann},
  series =       {Conference Track Proceedings},
  title =        {A Note on Learning Vector Quantization},
  volume =       5,
  year =         1992
}

@inproceedings{demers1992global,
  address =      {Denver, Colorado, USA},
  author =       {DeMers, David and Kreutz-Delgado, Kenneth},
  booktitle =    {Advances in Neural Information Processing Systems 5
                  (NIPS)},
  editor =       {Hanson, S. and Cowan, J. and Giles, C.},
  month =        {November},
  note =
                  {\url{https://proceedings.neurips.cc/paper_files/paper/1992/file/291597a100aadd814d197af4f4bab3a7-Paper.pdf}},
  publisher =    {Morgan-Kaufmann},
  series =       {Conference Track Proceedings},
  title =        {Global Regularization of Inverse Kinematics for
                  Redundant Manipulators},
  volume =       5,
  year =         1992
}

@inproceedings{demers1992non,
  address =      {Denver, Colorado, USA},
  author =       {DeMers, David and Cottrell, Garrison},
  booktitle =    {Advances in Neural Information Processing Systems 5
                  (NIPS)},
  editor =       {Hanson, S. and Cowan, J. and Giles, C.},
  month =        {November},
  note =
                  {\url{https://proceedings.neurips.cc/paper_files/paper/1992/file/cdc0d6e63aa8e41c89689f54970bb35f-Paper.pdf}},
  publisher =    {Morgan-Kaufmann},
  series =       {Conference Track Proceedings},
  title =        {Non-Linear Dimensionality Reduction},
  volume =       5,
  year =         1992
}

@inproceedings{douglass1992statistical,
  address =      {Denver, Colorado, USA},
  author =       {Douglass, John K. and Moss, Frank and Longtin,
                  André},
  booktitle =    {Advances in Neural Information Processing Systems 5
                  (NIPS)},
  editor =       {Hanson, S. and Cowan, J. and Giles, C.},
  month =        {November},
  note =
                  {\url{https://proceedings.neurips.cc/paper_files/paper/1992/file/076a0c97d09cf1a0ec3e19c7f2529f2b-Paper.pdf}},
  publisher =    {Morgan-Kaufmann},
  series =       {Conference Track Proceedings},
  title =        {Statistical and Dynamical Interpretation of ISIH
                  Data from Periodically Stimulated Sensory Neurons},
  volume =       5,
  year =         1992
}

@inproceedings{doya1992mapping,
  address =      {Denver, Colorado, USA},
  author =       {Doya, Kenji and Boyle, Mary and Selverston, Allen},
  booktitle =    {Advances in Neural Information Processing Systems 5
                  (NIPS)},
  editor =       {Hanson, S. and Cowan, J. and Giles, C.},
  month =        {November},
  note =
                  {\url{https://proceedings.neurips.cc/paper_files/paper/1992/file/be3159ad04564bfb90db9e32851ebf9c-Paper.pdf}},
  publisher =    {Morgan-Kaufmann},
  series =       {Conference Track Proceedings},
  title =        {Mapping Between Neural and Physical Activities of
                  the Lobster Gastric Mill},
  volume =       5,
  year =         1992
}

@inproceedings{doyon1992destabilization,
  address =      {Denver, Colorado, USA},
  author =       {Doyon, Bernard and Cessac, Bruno and Quoy, Mathias
                  and Samuelides, Manuel},
  booktitle =    {Advances in Neural Information Processing Systems 5
                  (NIPS)},
  editor =       {Hanson, S. and Cowan, J. and Giles, C.},
  month =        {November},
  note =
                  {\url{https://proceedings.neurips.cc/paper_files/paper/1992/file/dc6a70712a252123c40d2adba6a11d84-Paper.pdf}},
  publisher =    {Morgan-Kaufmann},
  series =       {Conference Track Proceedings},
  title =        {Destabilization and Route to Chaos in Neural
                  Networks with Random Connectivity},
  volume =       5,
  year =         1992
}

@inproceedings{drucker1992improving,
  address =      {Denver, Colorado, USA},
  author =       {Drucker, Harris and Schapire, Robert and Simard,
                  Patrice},
  booktitle =    {Advances in Neural Information Processing Systems 5
                  (NIPS)},
  editor =       {Hanson, S. and Cowan, J. and Giles, C.},
  month =        {November},
  note =
                  {\url{https://proceedings.neurips.cc/paper_files/paper/1992/file/acc3e0404646c57502b480dc052c4fe1-Paper.pdf}},
  publisher =    {Morgan-Kaufmann},
  series =       {Conference Track Proceedings},
  title =        {Improving Performance in Neural Networks Using a
                  Boosting Algorithm},
  volume =       5,
  year =         1992
}

@inproceedings{fahner1992learning,
  address =      {Denver, Colorado, USA},
  author =       {Fahner, Gerald and Eckmiller, Rolf},
  booktitle =    {Advances in Neural Information Processing Systems 5
                  (NIPS)},
  editor =       {Hanson, S. and Cowan, J. and Giles, C.},
  month =        {November},
  note =
                  {\url{https://proceedings.neurips.cc/paper_files/paper/1992/file/04ecb1fa28506ccb6f72b12c0245ddbc-Paper.pdf}},
  publisher =    {Morgan-Kaufmann},
  series =       {Conference Track Proceedings},
  title =        {Learning Spatio-Temporal Planning from a Dynamic
                  Programming Teacher: Feed-Forward Neurocontrol for
                  Moving Obstacle Avoidance},
  volume =       5,
  year =         1992
}

@inproceedings{finnoff1992diffusion,
  address =      {Denver, Colorado, USA},
  author =       {Finnoff, William},
  booktitle =    {Advances in Neural Information Processing Systems 5
                  (NIPS)},
  editor =       {Hanson, S. and Cowan, J. and Giles, C.},
  month =        {November},
  note =
                  {\url{https://proceedings.neurips.cc/paper_files/paper/1992/file/884d247c6f65a96a7da4d1105d584ddd-Paper.pdf}},
  publisher =    {Morgan-Kaufmann},
  series =       {Conference Track Proceedings},
  title =        {Diffusion Approximations for the Constant Learning
                  Rate Backpropagation Algorithm and Resistance to
                  Local Minima},
  volume =       5,
  year =         1992
}

@inproceedings{finnoff1992extended,
  address =      {Denver, Colorado, USA},
  author =       {Finnoff, W. and Hergert, F. and Zimmermann, H. G.},
  booktitle =    {Advances in Neural Information Processing Systems 5
                  (NIPS)},
  editor =       {Hanson, S. and Cowan, J. and Giles, C.},
  month =        {November},
  note =
                  {\url{https://proceedings.neurips.cc/paper_files/paper/1992/file/9b698eb3105bd82528f23d0c92dedfc0-Paper.pdf}},
  publisher =    {Morgan-Kaufmann},
  series =       {Conference Track Proceedings},
  title =        {Extended Regularization Methods for Nonconvergent
                  Model Selection},
  volume =       5,
  year =         1992
}

@inproceedings{flower1992summed,
  address =      {Denver, Colorado, USA},
  author =       {Flower, Barry and Jabri, Marwan},
  booktitle =    {Advances in Neural Information Processing Systems 5
                  (NIPS)},
  editor =       {Hanson, S. and Cowan, J. and Giles, C.},
  month =        {November},
  note =
                  {\url{https://proceedings.neurips.cc/paper_files/paper/1992/file/996a7fa078cc36c46d02f9af3bef918b-Paper.pdf}},
  publisher =    {Morgan-Kaufmann},
  series =       {Conference Track Proceedings},
  title =        {Summed Weight Neuron Perturbation: An O(N)
                  Improvement Over Weight Perturbation},
  volume =       5,
  year =         1992
}

@inproceedings{freund1992information,
  address =      {Denver, Colorado, USA},
  author =       {Freund, Yoav and Seung, H. Sebastian and Shamir, Eli
                  and Tishby, Naftali},
  booktitle =    {Advances in Neural Information Processing Systems 5
                  (NIPS)},
  editor =       {Hanson, S. and Cowan, J. and Giles, C.},
  month =        {November},
  note =
                  {\url{https://proceedings.neurips.cc/paper_files/paper/1992/file/3871bd64012152bfb53fdf04b401193f-Paper.pdf}},
  publisher =    {Morgan-Kaufmann},
  series =       {Conference Track Proceedings},
  title =        {Information, Prediction, and Query by Committee},
  volume =       5,
  year =         1992
}

@inproceedings{fritzke1992kohonen,
  address =      {Denver, Colorado, USA},
  author =       {Fritzke, Bernd},
  booktitle =    {Advances in Neural Information Processing Systems 5
                  (NIPS)},
  editor =       {Hanson, S. and Cowan, J. and Giles, C.},
  month =        {November},
  note =
                  {\url{https://proceedings.neurips.cc/paper_files/paper/1992/file/5487315b1286f907165907aa8fc96619-Paper.pdf}},
  publisher =    {Morgan-Kaufmann},
  series =       {Conference Track Proceedings},
  title =        {Kohonen Feature Maps and Growing Cell Structures - a
                  Performance Comparison},
  volume =       5,
  year =         1992
}

@inproceedings{gat1992statistical,
  address =      {Denver, Colorado, USA},
  author =       {Gat, Itay and Tishby, Naftali},
  booktitle =    {Advances in Neural Information Processing Systems 5
                  (NIPS)},
  editor =       {Hanson, S. and Cowan, J. and Giles, C.},
  month =        {November},
  note =
                  {\url{https://proceedings.neurips.cc/paper_files/paper/1992/file/3328bdf9a4b9504b9398284244fe97c2-Paper.pdf}},
  publisher =    {Morgan-Kaufmann},
  series =       {Conference Track Proceedings},
  title =        {Statistical Modeling of Cell Assemblies Activities
                  in Associative Cortex of Behaving Monkeys},
  volume =       5,
  year =         1992
}

@inproceedings{gentner1992analogy,
  address =      {Denver, Colorado, USA},
  author =       {Gentner, Dedre and Markman, Arthur},
  booktitle =    {Advances in Neural Information Processing Systems 5
                  (NIPS)},
  editor =       {Hanson, S. and Cowan, J. and Giles, C.},
  month =        {November},
  note =
                  {\url{https://proceedings.neurips.cc/paper_files/paper/1992/file/48ab2f9b45957ab574cf005eb8a76760-Paper.pdf}},
  publisher =    {Morgan-Kaufmann},
  series =       {Conference Track Proceedings},
  title =        {Analogy– Watershed or Waterloo? Structural alignment
                  and the development of connectionist models of
                  analogy},
  volume =       5,
  year =         1992
}

@inproceedings{gluck1992adaptive,
  address =      {Denver, Colorado, USA},
  author =       {Gluck, Mark and Myers, Catherine E.},
  booktitle =    {Advances in Neural Information Processing Systems 5
                  (NIPS)},
  editor =       {Hanson, S. and Cowan, J. and Giles, C.},
  month =        {November},
  note =
                  {\url{https://proceedings.neurips.cc/paper_files/paper/1992/file/07c5807d0d927dcd0980f86024e5208b-Paper.pdf}},
  publisher =    {Morgan-Kaufmann},
  series =       {Conference Track Proceedings},
  title =        {Adaptive Stimulus Representations: A Computational
                  Theory of Hippocampal-Region Function},
  volume =       5,
  year =         1992
}

@inproceedings{goebel1992perceiving,
  address =      {Denver, Colorado, USA},
  author =       {Goebel, Rainer},
  booktitle =    {Advances in Neural Information Processing Systems 5
                  (NIPS)},
  editor =       {Hanson, S. and Cowan, J. and Giles, C.},
  month =        {November},
  note =
                  {\url{https://proceedings.neurips.cc/paper_files/paper/1992/file/2f37d10131f2a483a8dd005b3d14b0d9-Paper.pdf}},
  publisher =    {Morgan-Kaufmann},
  series =       {Conference Track Proceedings},
  title =        {Perceiving Complex Visual Scenes: An Oscillator
                  Neural Network Model that Integrates Selective
                  Attention, Perceptual Organisation, and Invariant
                  Recognition},
  volume =       5,
  year =         1992
}

@inproceedings{golea1992on,
  address =      {Denver, Colorado, USA},
  author =       {Golea, Mostefa and Marchand, Mario and Hancock,
                  Thomas},
  booktitle =    {Advances in Neural Information Processing Systems 5
                  (NIPS)},
  editor =       {Hanson, S. and Cowan, J. and Giles, C.},
  month =        {November},
  note =
                  {\url{https://proceedings.neurips.cc/paper_files/paper/1992/file/8c7bbbba95c1025975e548cee86dfadc-Paper.pdf}},
  publisher =    {Morgan-Kaufmann},
  series =       {Conference Track Proceedings},
  title =        {On Learning μ-Perceptron Networks with Binary
                  Weights},
  volume =       5,
  year =         1992
}

@inproceedings{goodhill1992topography,
  address =      {Denver, Colorado, USA},
  author =       {Goodhill, Geoffrey},
  booktitle =    {Advances in Neural Information Processing Systems 5
                  (NIPS)},
  editor =       {Hanson, S. and Cowan, J. and Giles, C.},
  month =        {November},
  note =
                  {\url{https://proceedings.neurips.cc/paper_files/paper/1992/file/6a10bbd480e4c5573d8f3af73ae0454b-Paper.pdf}},
  publisher =    {Morgan-Kaufmann},
  series =       {Conference Track Proceedings},
  title =        {Topography and Ocular Dominance with Positive
                  Correlations},
  volume =       5,
  year =         1992
}

@inproceedings{greenspan1992remote,
  address =      {Denver, Colorado, USA},
  author =       {Greenspan, Hayit K. and Goodman, Rodney},
  booktitle =    {Advances in Neural Information Processing Systems 5
                  (NIPS)},
  editor =       {Hanson, S. and Cowan, J. and Giles, C.},
  month =        {November},
  note =
                  {\url{https://proceedings.neurips.cc/paper_files/paper/1992/file/c5ab0bc60ac7929182aadd08703f1ec6-Paper.pdf}},
  publisher =    {Morgan-Kaufmann},
  series =       {Conference Track Proceedings},
  title =        {Remote Sensing Image Analysis via a Texture
                  Classification Neural Network},
  volume =       5,
  year =         1992
}

@inproceedings{gullapalli1992learning,
  address =      {Denver, Colorado, USA},
  author =       {Gullapalli, Vijaykumar},
  booktitle =    {Advances in Neural Information Processing Systems 5
                  (NIPS)},
  editor =       {Hanson, S. and Cowan, J. and Giles, C.},
  month =        {November},
  note =
                  {\url{https://proceedings.neurips.cc/paper_files/paper/1992/file/24681928425f5a9133504de568f5f6df-Paper.pdf}},
  publisher =    {Morgan-Kaufmann},
  series =       {Conference Track Proceedings},
  title =        {Learning Control Under Extreme Uncertainty},
  volume =       5,
  year =         1992
}

@inproceedings{guyon1992automatic,
  address =      {Denver, Colorado, USA},
  author =       {Guyon, I. and Boser, B. and Vapnik, V.},
  booktitle =    {Advances in Neural Information Processing Systems 5
                  (NIPS)},
  editor =       {Hanson, S. and Cowan, J. and Giles, C.},
  month =        {November},
  note =
                  {\url{https://proceedings.neurips.cc/paper_files/paper/1992/file/eaae339c4d89fc102edd9dbdb6a28915-Paper.pdf}},
  publisher =    {Morgan-Kaufmann},
  series =       {Conference Track Proceedings},
  title =        {Automatic Capacity Tuning of Very Large VC-Dimension
                  Classifiers},
  volume =       5,
  year =         1992
}

@inproceedings{hassibi1992second,
  address =      {Denver, Colorado, USA},
  author =       {Hassibi, Babak and Stork, David},
  booktitle =    {Advances in Neural Information Processing Systems 5
                  (NIPS)},
  editor =       {Hanson, S. and Cowan, J. and Giles, C.},
  month =        {November},
  note =
                  {\url{https://proceedings.neurips.cc/paper_files/paper/1992/file/303ed4c69846ab36c2904d3ba8573050-Paper.pdf}},
  publisher =    {Morgan-Kaufmann},
  series =       {Conference Track Proceedings},
  title =        {Second order derivatives for network pruning:
                  Optimal Brain Surgeon},
  volume =       5,
  year =         1992
}

@inproceedings{helmke1992rational,
  address =      {Denver, Colorado, USA},
  author =       {Helmke, Uwe and Williamson, Robert C.},
  booktitle =    {Advances in Neural Information Processing Systems 5
                  (NIPS)},
  editor =       {Hanson, S. and Cowan, J. and Giles, C.},
  month =        {November},
  note =
                  {\url{https://proceedings.neurips.cc/paper_files/paper/1992/file/0cb929eae7a499e50248a3a78f7acfc7-Paper.pdf}},
  publisher =    {Morgan-Kaufmann},
  series =       {Conference Track Proceedings},
  title =        {Rational Parametrizations of Neural Networks},
  volume =       5,
  year =         1992
}

@inproceedings{higgins1992learning,
  address =      {Denver, Colorado, USA},
  author =       {Higgins, Charles and Goodman, Rodney},
  booktitle =    {Advances in Neural Information Processing Systems 5
                  (NIPS)},
  editor =       {Hanson, S. and Cowan, J. and Giles, C.},
  month =        {November},
  note =
                  {\url{https://proceedings.neurips.cc/paper_files/paper/1992/file/55b37c5c270e5d84c793e486d798c01d-Paper.pdf}},
  publisher =    {Morgan-Kaufmann},
  series =       {Conference Track Proceedings},
  title =        {Learning Fuzzy Rule-Based Neural Networks for
                  Control},
  volume =       5,
  year =         1992
}

@inproceedings{hild1992connected,
  address =      {Denver, Colorado, USA},
  author =       {Hild, Hermann and Waibel, Alex},
  booktitle =    {Advances in Neural Information Processing Systems 5
                  (NIPS)},
  editor =       {Hanson, S. and Cowan, J. and Giles, C.},
  month =        {November},
  note =
                  {\url{https://proceedings.neurips.cc/paper_files/paper/1992/file/b73dfe25b4b8714c029b37a6ad3006fa-Paper.pdf}},
  publisher =    {Morgan-Kaufmann},
  series =       {Conference Track Proceedings},
  title =        {Connected Letter Recognition with a Multi-State Time
                  Delay Neural Network},
  volume =       5,
  year =         1992
}

@inproceedings{hirayama1992physiologically,
  address =      {Denver, Colorado, USA},
  author =       {Hirayama, Makoto and Vatikiotis-Bateson, Eric and
                  Honda, Kiyoshi and Koike, Yasuharu and Kawato,
                  Mitsuo},
  booktitle =    {Advances in Neural Information Processing Systems 5
                  (NIPS)},
  editor =       {Hanson, S. and Cowan, J. and Giles, C.},
  month =        {November},
  note =
                  {\url{https://proceedings.neurips.cc/paper_files/paper/1992/file/9fe8593a8a330607d76796b35c64c600-Paper.pdf}},
  publisher =    {Morgan-Kaufmann},
  series =       {Conference Track Proceedings},
  title =        {Physiologically Based Speech Synthesis},
  volume =       5,
  year =         1992
}

@inproceedings{intrator1992on,
  address =      {Denver, Colorado, USA},
  author =       {Intrator, Nathan},
  booktitle =    {Advances in Neural Information Processing Systems 5
                  (NIPS)},
  editor =       {Hanson, S. and Cowan, J. and Giles, C.},
  month =        {November},
  note =
                  {\url{https://proceedings.neurips.cc/paper_files/paper/1992/file/0ff39bbbf981ac0151d340c9aa40e63e-Paper.pdf}},
  publisher =    {Morgan-Kaufmann},
  series =       {Conference Track Proceedings},
  title =        {On the Use of Projection Pursuit Constraints for
                  Training Neural Networks},
  volume =       5,
  year =         1992
}

@inproceedings{judd1992nets,
  address =      {Denver, Colorado, USA},
  author =       {Judd, Stephen and Munro, Paul},
  booktitle =    {Advances in Neural Information Processing Systems 5
                  (NIPS)},
  editor =       {Hanson, S. and Cowan, J. and Giles, C.},
  month =        {November},
  note =
                  {\url{https://proceedings.neurips.cc/paper_files/paper/1992/file/c361bc7b2c033a83d663b8d9fb4be56e-Paper.pdf}},
  publisher =    {Morgan-Kaufmann},
  series =       {Conference Track Proceedings},
  title =        {Nets with Unreliable Hidden Nodes Learn
                  Error-Correcting Codes},
  volume =       5,
  year =         1992
}

@inproceedings{kirk1992analog,
  address =      {Denver, Colorado, USA},
  author =       {Kirk, David B. and Kerns, Douglas and Fleischer,
                  Kurt and Barr, Alan},
  booktitle =    {Advances in Neural Information Processing Systems 5
                  (NIPS)},
  editor =       {Hanson, S. and Cowan, J. and Giles, C.},
  month =        {November},
  note =
                  {\url{https://proceedings.neurips.cc/paper_files/paper/1992/file/abd815286ba1007abfbb8415b83ae2cf-Paper.pdf}},
  publisher =    {Morgan-Kaufmann},
  series =       {Conference Track Proceedings},
  title =        {Analog VLSI Implementation of Multi-dimensional
                  Gradient Descent},
  volume =       5,
  year =         1992
}

@inproceedings{koch1992object,
  address =      {Denver, Colorado, USA},
  author =       {Koch, Christof and Mathur, Binnal and Liu, Shih-Chii
                  and Harris, John and Luo, Jin and Sivilotti,
                  Massimo},
  booktitle =    {Advances in Neural Information Processing Systems 5
                  (NIPS)},
  editor =       {Hanson, S. and Cowan, J. and Giles, C.},
  month =        {November},
  note =
                  {\url{https://proceedings.neurips.cc/paper_files/paper/1992/file/2dea61eed4bceec564a00115c4d21334-Paper.pdf}},
  publisher =    {Morgan-Kaufmann},
  series =       {Conference Track Proceedings},
  title =        {Object-Based Analog VLSI Vision Circuits},
  volume =       5,
  year =         1992
}

@inproceedings{konig1992modeling,
  address =      {Denver, Colorado, USA},
  author =       {König, Yochai and Morgan, Nelson and Wooters, Chuck
                  and Abrash, Victor and Cohen, Michael and Franco,
                  Horacio},
  booktitle =    {Advances in Neural Information Processing Systems 5
                  (NIPS)},
  editor =       {Hanson, S. and Cowan, J. and Giles, C.},
  month =        {November},
  note =
                  {\url{https://proceedings.neurips.cc/paper_files/paper/1992/file/b1eec33c726a60554bc78518d5f9b32c-Paper.pdf}},
  publisher =    {Morgan-Kaufmann},
  series =       {Conference Track Proceedings},
  title =        {Modeling Consistency in a Speaker Independent
                  Continuous Speech Recognition System},
  volume =       5,
  year =         1992
}

@inproceedings{kowalczyk1992some,
  address =      {Denver, Colorado, USA},
  author =       {Kowalczyk, Adam},
  booktitle =    {Advances in Neural Information Processing Systems 5
                  (NIPS)},
  editor =       {Hanson, S. and Cowan, J. and Giles, C.},
  month =        {November},
  note =
                  {\url{https://proceedings.neurips.cc/paper_files/paper/1992/file/e4bb4c5173c2ce17fd8fcd40041c068f-Paper.pdf}},
  publisher =    {Morgan-Kaufmann},
  series =       {Conference Track Proceedings},
  title =        {Some Estimates of Necessary Number of Connections
                  and Hidden Units for Feed-Forward Networks},
  volume =       5,
  year =         1992
}

@inproceedings{lappe1992computation,
  address =      {Denver, Colorado, USA},
  author =       {Lappe, Markus and Rauschecker, Josef},
  booktitle =    {Advances in Neural Information Processing Systems 5
                  (NIPS)},
  editor =       {Hanson, S. and Cowan, J. and Giles, C.},
  month =        {November},
  note =
                  {\url{https://proceedings.neurips.cc/paper_files/paper/1992/file/30ef30b64204a3088a26bc2e6ecf7602-Paper.pdf}},
  publisher =    {Morgan-Kaufmann},
  series =       {Conference Track Proceedings},
  title =        {Computation of Heading Direction from Optic Flow in
                  Visual Cortex},
  volume =       5,
  year =         1992
}

@inproceedings{lazzaro1992silicon,
  address =      {Denver, Colorado, USA},
  author =       {Lazzaro, John and Wawrzynek, John and Mahowald,
                  M. and Sivilotti, Massimo and Gillespie, Dave},
  booktitle =    {Advances in Neural Information Processing Systems 5
                  (NIPS)},
  editor =       {Hanson, S. and Cowan, J. and Giles, C.},
  month =        {November},
  note =
                  {\url{https://proceedings.neurips.cc/paper_files/paper/1992/file/3493894fa4ea036cfc6433c3e2ee63b0-Paper.pdf}},
  publisher =    {Morgan-Kaufmann},
  series =       {Conference Track Proceedings},
  title =        {Silicon Auditory Processors as Computer Peripherals},
  volume =       5,
  year =         1992
}

@inproceedings{lecun1992automatic,
  address =      {Denver, Colorado, USA},
  author =       {LeCun, Yann and Simard, Patrice and Pearlmutter,
                  Barak},
  booktitle =    {Advances in Neural Information Processing Systems 5
                  (NIPS)},
  editor =       {Hanson, S. and Cowan, J. and Giles, C.},
  month =        {November},
  note =
                  {\url{https://proceedings.neurips.cc/paper_files/paper/1992/file/30bb3825e8f631cc6075c0f87bb4978c-Paper.pdf}},
  publisher =    {Morgan-Kaufmann},
  series =       {Conference Track Proceedings},
  title =        {Automatic Learning Rate Maximization by On-Line
                  Estimation of the Hessian's Eigenvectors},
  volume =       5,
  year =         1992
}

@inproceedings{lee1992hybrid,
  address =      {Denver, Colorado, USA},
  author =       {Lee, Wei-Tsih and Pearson, John},
  booktitle =    {Advances in Neural Information Processing Systems 5
                  (NIPS)},
  editor =       {Hanson, S. and Cowan, J. and Giles, C.},
  month =        {November},
  note =
                  {\url{https://proceedings.neurips.cc/paper_files/paper/1992/file/9f396fe44e7c05c16873b05ec425cbad-Paper.pdf}},
  publisher =    {Morgan-Kaufmann},
  series =       {Conference Track Proceedings},
  title =        {A Hybrid Linear/Nonlinear Approach to Channel
                  Equalization Problems},
  volume =       5,
  year =         1992
}

@inproceedings{leen1992weight,
  address =      {Denver, Colorado, USA},
  author =       {Leen, Todd and Moody, John},
  booktitle =    {Advances in Neural Information Processing Systems 5
                  (NIPS)},
  editor =       {Hanson, S. and Cowan, J. and Giles, C.},
  month =        {November},
  note =
                  {\url{https://proceedings.neurips.cc/paper_files/paper/1992/file/6766aa2750c19aad2fa1b32f36ed4aee-Paper.pdf}},
  publisher =    {Morgan-Kaufmann},
  series =       {Conference Track Proceedings},
  title =        {Weight Space Probability Densities in Stochastic
                  Learning: I. Dynamics and Equilibria},
  volume =       5,
  year =         1992
}

@inproceedings{levin1992planar,
  address =      {Denver, Colorado, USA},
  author =       {Levin, Esther and Pieraccini, Roberto},
  booktitle =    {Advances in Neural Information Processing Systems 5
                  (NIPS)},
  editor =       {Hanson, S. and Cowan, J. and Giles, C.},
  month =        {November},
  note =
                  {\url{https://proceedings.neurips.cc/paper_files/paper/1992/file/26dd0dbc6e3f4c8043749885523d6a25-Paper.pdf}},
  publisher =    {Morgan-Kaufmann},
  series =       {Conference Track Proceedings},
  title =        {Planar Hidden Markov Modeling: From Speech to
                  Optical Character Recognition},
  volume =       5,
  year =         1992
}

@inproceedings{linden1992object,
  address =      {Denver, Colorado, USA},
  author =       {Linden, A. and Sudbrak, Th. and Tietz, Ch. and
                  Weber, F.},
  booktitle =    {Advances in Neural Information Processing Systems 5
                  (NIPS)},
  editor =       {Hanson, S. and Cowan, J. and Giles, C.},
  month =        {November},
  note =
                  {\url{https://proceedings.neurips.cc/paper_files/paper/1992/file/ae0eb3eed39d2bcef4622b2499a05fe6-Paper.pdf}},
  publisher =    {Morgan-Kaufmann},
  series =       {Conference Track Proceedings},
  title =        {An Object-Oriented Framework for the Simulation of
                  Neural Nets},
  volume =       5,
  year =         1992
}

@inproceedings{linsker1992deriving,
  address =      {Denver, Colorado, USA},
  author =       {Linsker, Ralph},
  booktitle =    {Advances in Neural Information Processing Systems 5
                  (NIPS)},
  editor =       {Hanson, S. and Cowan, J. and Giles, C.},
  month =        {November},
  note =
                  {\url{https://proceedings.neurips.cc/paper_files/paper/1992/file/b5dc4e5d9b495d0196f61d45b26ef33e-Paper.pdf}},
  publisher =    {Morgan-Kaufmann},
  series =       {Conference Track Proceedings},
  title =        {Deriving Receptive Fields Using an Optimal Encoding
                  Criterion},
  volume =       5,
  year =         1992
}

@inproceedings{linster1992formal,
  address =      {Denver, Colorado, USA},
  author =       {Linster, Christiane and Marsan, David and Masson,
                  Claudine and Kerszberg, Michel and Dreyfus, Gérard
                  and Personnaz, Léon},
  booktitle =    {Advances in Neural Information Processing Systems 5
                  (NIPS)},
  editor =       {Hanson, S. and Cowan, J. and Giles, C.},
  month =        {November},
  note =
                  {\url{https://proceedings.neurips.cc/paper_files/paper/1992/file/71a3cb155f8dc89bf3d0365288219936-Paper.pdf}},
  publisher =    {Morgan-Kaufmann},
  series =       {Conference Track Proceedings},
  title =        {A Formal Model of the Insect Olfactory
                  Macroglomerulus: Simulations and Analytic Results},
  volume =       5,
  year =         1992
}

@inproceedings{littmann1992generalization,
  address =      {Denver, Colorado, USA},
  author =       {Littmann, E. and Ritter, H.},
  booktitle =    {Advances in Neural Information Processing Systems 5
                  (NIPS)},
  editor =       {Hanson, S. and Cowan, J. and Giles, C.},
  month =        {November},
  note =
                  {\url{https://proceedings.neurips.cc/paper_files/paper/1992/file/84117275be999ff55a987b9381e01f96-Paper.pdf}},
  publisher =    {Morgan-Kaufmann},
  series =       {Conference Track Proceedings},
  title =        {Generalization Abilities of Cascade Network
                  Architecture},
  volume =       5,
  year =         1992
}

@inproceedings{liu1992analog,
  address =      {Denver, Colorado, USA},
  author =       {Liu, Weimin and Andreou, Andreas and Goldstein,
                  Moise},
  booktitle =    {Advances in Neural Information Processing Systems 5
                  (NIPS)},
  editor =       {Hanson, S. and Cowan, J. and Giles, C.},
  month =        {November},
  note =
                  {\url{https://proceedings.neurips.cc/paper_files/paper/1992/file/8a0e1141fd37fa5b98d5bb769ba1a7cc-Paper.pdf}},
  publisher =    {Morgan-Kaufmann},
  series =       {Conference Track Proceedings},
  title =        {Analog Cochlear Model for Multiresolution Speech
                  Analysis},
  volume =       5,
  year =         1992
}

@inproceedings{liu1992neural,
  address =      {Denver, Colorado, USA},
  author =       {Liu, Yong},
  booktitle =    {Advances in Neural Information Processing Systems 5
                  (NIPS)},
  editor =       {Hanson, S. and Cowan, J. and Giles, C.},
  month =        {November},
  note =
                  {\url{https://proceedings.neurips.cc/paper_files/paper/1992/file/e5841df2166dd424a57127423d276bbe-Paper.pdf}},
  publisher =    {Morgan-Kaufmann},
  series =       {Conference Track Proceedings},
  title =        {Neural Network Model Selection Using Asymptotic
                  Jackknife Estimator and Cross-Validation Method},
  volume =       5,
  year =         1992
}

@inproceedings{madarasmi1992computation,
  address =      {Denver, Colorado, USA},
  author =       {Madarasmi, Suthep and Kersten, Daniel and Pong,
                  Ting-Chuen},
  booktitle =    {Advances in Neural Information Processing Systems 5
                  (NIPS)},
  editor =       {Hanson, S. and Cowan, J. and Giles, C.},
  month =        {November},
  note =
                  {\url{https://proceedings.neurips.cc/paper_files/paper/1992/file/1ecfb463472ec9115b10c292ef8bc986-Paper.pdf}},
  publisher =    {Morgan-Kaufmann},
  series =       {Conference Track Proceedings},
  title =        {The Computation of Stereo Disparity for Transparent
                  and for Opaque Surfaces},
  volume =       5,
  year =         1992
}

@inproceedings{mahoney1992combining,
  address =      {Denver, Colorado, USA},
  author =       {Mahoney, J. and Mooney, Raymond},
  booktitle =    {Advances in Neural Information Processing Systems 5
                  (NIPS)},
  editor =       {Hanson, S. and Cowan, J. and Giles, C.},
  month =        {November},
  note =
                  {\url{https://proceedings.neurips.cc/paper_files/paper/1992/file/f76a89f0cb91bc419542ce9fa43902dc-Paper.pdf}},
  publisher =    {Morgan-Kaufmann},
  series =       {Conference Track Proceedings},
  title =        {Combining Neural and Symbolic Learning to Revise
                  Probabilistic Rule Bases},
  volume =       5,
  year =         1992
}

@inproceedings{martin1992learning,
  address =      {Denver, Colorado, USA},
  author =       {Martin, Gale and Rashid, Mosfeq and Chapman, David
                  and Pittman, James},
  booktitle =    {Advances in Neural Information Processing Systems 5
                  (NIPS)},
  editor =       {Hanson, S. and Cowan, J. and Giles, C.},
  month =        {November},
  note =
                  {\url{https://proceedings.neurips.cc/paper_files/paper/1992/file/8ebda540cbcc4d7336496819a46a1b68-Paper.pdf}},
  publisher =    {Morgan-Kaufmann},
  series =       {Conference Track Proceedings},
  title =        {Learning to See Where and What: Training a Net to
                  Make Saccades and Recognize Handwritten Characters},
  volume =       5,
  year =         1992
}

@inproceedings{martin1992unsmearing,
  address =      {Denver, Colorado, USA},
  author =       {Martin, Kevin and Marshall, Jonathan},
  booktitle =    {Advances in Neural Information Processing Systems 5
                  (NIPS)},
  editor =       {Hanson, S. and Cowan, J. and Giles, C.},
  month =        {November},
  note =
                  {\url{https://proceedings.neurips.cc/paper_files/paper/1992/file/c3992e9a68c5ae12bd18488bc579b30d-Paper.pdf}},
  publisher =    {Morgan-Kaufmann},
  series =       {Conference Track Proceedings},
  title =        {Unsmearing Visual Motion: Development of Long-Range
                  Horizontal Intrinsic Connections},
  volume =       5,
  year =         1992
}

@inproceedings{masson1992hybrid,
  address =      {Denver, Colorado, USA},
  author =       {Masson, Sylvie and Le Masson, Gwendal and Marder,
                  Eve and Abbott, L.},
  booktitle =    {Advances in Neural Information Processing Systems 5
                  (NIPS)},
  editor =       {Hanson, S. and Cowan, J. and Giles, C.},
  month =        {November},
  note =
                  {\url{https://proceedings.neurips.cc/paper_files/paper/1992/file/4ffce04d92a4d6cb21c1494cdfcd6dc1-Paper.pdf}},
  publisher =    {Morgan-Kaufmann},
  series =       {Conference Track Proceedings},
  title =        {Hybrid Circuits of Interacting Computer Model and
                  Biological Neurons},
  volume =       5,
  year =         1992
}

@inproceedings{massone1992recurrent,
  address =      {Denver, Colorado, USA},
  author =       {Massone, Lina L.E.},
  booktitle =    {Advances in Neural Information Processing Systems 5
                  (NIPS)},
  editor =       {Hanson, S. and Cowan, J. and Giles, C.},
  month =        {November},
  note =
                  {\url{https://proceedings.neurips.cc/paper_files/paper/1992/file/4a47d2983c8bd392b120b627e0e1cab4-Paper.pdf}},
  publisher =    {Morgan-Kaufmann},
  series =       {Conference Track Proceedings},
  title =        {A Recurrent Neural Network for Generation of Occular
                  Saccades},
  volume =       5,
  year =         1992
}

@inproceedings{meilijson1992history,
  address =      {Denver, Colorado, USA},
  author =       {Meilijson, Isaac and Ruppin, Eytan},
  booktitle =    {Advances in Neural Information Processing Systems 5
                  (NIPS)},
  editor =       {Hanson, S. and Cowan, J. and Giles, C.},
  month =        {November},
  note =
                  {\url{https://proceedings.neurips.cc/paper_files/paper/1992/file/185c29dc24325934ee377cfda20e414c-Paper.pdf}},
  publisher =    {Morgan-Kaufmann},
  series =       {Conference Track Proceedings},
  title =        {History-Dependent Attractor Neural Networks},
  volume =       5,
  year =         1992
}

@inproceedings{meilijson1992single,
  address =      {Denver, Colorado, USA},
  author =       {Meilijson, Isaac and Ruppin, Eytan and Sipper,
                  Moshe},
  booktitle =    {Advances in Neural Information Processing Systems 5
                  (NIPS)},
  editor =       {Hanson, S. and Cowan, J. and Giles, C.},
  month =        {November},
  note =
                  {\url{https://proceedings.neurips.cc/paper_files/paper/1992/file/192fc044e74dffea144f9ac5dc9f3395-Paper.pdf}},
  publisher =    {Morgan-Kaufmann},
  series =       {Conference Track Proceedings},
  title =        {Single-Iteration Threshold Hamming Networks},
  volume =       5,
  year =         1992
}

@inproceedings{miller1992probability,
  address =      {Denver, Colorado, USA},
  author =       {Miller, John and Goodman, Rodney},
  booktitle =    {Advances in Neural Information Processing Systems 5
                  (NIPS)},
  editor =       {Hanson, S. and Cowan, J. and Giles, C.},
  month =        {November},
  note =
                  {\url{https://proceedings.neurips.cc/paper_files/paper/1992/file/d7a728a67d909e714c0774e22cb806f2-Paper.pdf}},
  publisher =    {Morgan-Kaufmann},
  series =       {Conference Track Proceedings},
  title =        {Probability Estimation from a Database Using a Gibbs
                  Energy Model},
  volume =       5,
  year =         1992
}

@inproceedings{milton1992spiral,
  address =      {Denver, Colorado, USA},
  author =       {Milton, John and Chu, Po and Cowan, Jack},
  booktitle =    {Advances in Neural Information Processing Systems 5
                  (NIPS)},
  editor =       {Hanson, S. and Cowan, J. and Giles, C.},
  month =        {November},
  note =
                  {\url{https://proceedings.neurips.cc/paper_files/paper/1992/file/07a96b1f61097ccb54be14d6a47439b0-Paper.pdf}},
  publisher =    {Morgan-Kaufmann},
  series =       {Conference Track Proceedings},
  title =        {Spiral Waves in Integrate-and-Fire Neural Networks},
  volume =       5,
  year =         1992
}

@inproceedings{minai1992predicting,
  address =      {Denver, Colorado, USA},
  author =       {Minai, Ali and Levy, William},
  booktitle =    {Advances in Neural Information Processing Systems 5
                  (NIPS)},
  editor =       {Hanson, S. and Cowan, J. and Giles, C.},
  month =        {November},
  note =
                  {\url{https://proceedings.neurips.cc/paper_files/paper/1992/file/dbe272bab69f8e13f14b405e038deb64-Paper.pdf}},
  publisher =    {Morgan-Kaufmann},
  series =       {Conference Track Proceedings},
  title =        {Predicting Complex Behavior in Sparse Asymmetric
                  Networks},
  volume =       5,
  year =         1992
}

@inproceedings{mitchell1992explanation,
  address =      {Denver, Colorado, USA},
  author =       {Mitchell, Tom M. and Thrun, Sebastian B.},
  booktitle =    {Advances in Neural Information Processing Systems 5
                  (NIPS)},
  editor =       {Hanson, S. and Cowan, J. and Giles, C.},
  month =        {November},
  note =
                  {\url{https://proceedings.neurips.cc/paper_files/paper/1992/file/851ddf5058cf22df63d3344ad89919cf-Paper.pdf}},
  publisher =    {Morgan-Kaufmann},
  series =       {Conference Track Proceedings},
  title =        {Explanation-Based Neural Network Learning for Robot
                  Control},
  volume =       5,
  year =         1992
}

@inproceedings{montague1992using,
  address =      {Denver, Colorado, USA},
  author =       {Montague, P. and Dayan, P. and Nowlan, S.J. and
                  Pouget, A. and Sejnowski, T.J.},
  booktitle =    {Advances in Neural Information Processing Systems 5
                  (NIPS)},
  editor =       {Hanson, S. and Cowan, J. and Giles, C.},
  month =        {November},
  note =
                  {\url{https://proceedings.neurips.cc/paper_files/paper/1992/file/44c4c17332cace2124a1a836d9fc4b6f-Paper.pdf}},
  publisher =    {Morgan-Kaufmann},
  series =       {Conference Track Proceedings},
  title =        {Using Aperiodic Reinforcement for Directed
                  Self-Organization During Development},
  volume =       5,
  year =         1992
}

@inproceedings{moore1992memory,
  address =      {Denver, Colorado, USA},
  author =       {Moore, Andrew and Atkeson, Christopher},
  booktitle =    {Advances in Neural Information Processing Systems 5
                  (NIPS)},
  editor =       {Hanson, S. and Cowan, J. and Giles, C.},
  month =        {November},
  note =
                  {\url{https://proceedings.neurips.cc/paper_files/paper/1992/file/55743cc0393b1cb4b8b37d09ae48d097-Paper.pdf}},
  publisher =    {Morgan-Kaufmann},
  series =       {Conference Track Proceedings},
  title =        {Memory-Based Reinforcement Learning: Efficient
                  Computation with Prioritized Sweeping},
  volume =       5,
  year =         1992
}

@inproceedings{mozer1992connectionist,
  address =      {Denver, Colorado, USA},
  author =       {Mozer, Michael C. and Das, Sreerupa},
  booktitle =    {Advances in Neural Information Processing Systems 5
                  (NIPS)},
  editor =       {Hanson, S. and Cowan, J. and Giles, C.},
  month =        {November},
  note =
                  {\url{https://proceedings.neurips.cc/paper_files/paper/1992/file/45645a27c4f1adc8a7a835976064a86d-Paper.pdf}},
  publisher =    {Morgan-Kaufmann},
  series =       {Conference Track Proceedings},
  title =        {A Connectionist Symbol Manipulator That Discovers
                  the Structure of Context-Free Languages},
  volume =       5,
  year =         1992
}

@inproceedings{murata1992learning,
  address =      {Denver, Colorado, USA},
  author =       {Murata, Noboru and Yoshizawa, Shuji and Amari,
                  Shun-ichi},
  booktitle =    {Advances in Neural Information Processing Systems 5
                  (NIPS)},
  editor =       {Hanson, S. and Cowan, J. and Giles, C.},
  month =        {November},
  note =
                  {\url{https://proceedings.neurips.cc/paper_files/paper/1992/file/b2f627fff19fda463cb386442eac2b3d-Paper.pdf}},
  publisher =    {Morgan-Kaufmann},
  series =       {Conference Track Proceedings},
  title =        {Learning Curves, Model Selection and Complexity of
                  Neural Networks},
  volume =       5,
  year =         1992
}

@inproceedings{murray1992synaptic,
  address =      {Denver, Colorado, USA},
  author =       {Murray, Alan and Edwards, Peter},
  booktitle =    {Advances in Neural Information Processing Systems 5
                  (NIPS)},
  editor =       {Hanson, S. and Cowan, J. and Giles, C.},
  month =        {November},
  note =
                  {\url{https://proceedings.neurips.cc/paper_files/paper/1992/file/08d98638c6fcd194a4b1e6992063e944-Paper.pdf}},
  publisher =    {Morgan-Kaufmann},
  series =       {Conference Track Proceedings},
  title =        {Synaptic Weight Noise During MLP Learning Enhances
                  Fault-Tolerance, Generalization and Learning
                  Trajectory},
  volume =       5,
  year =         1992
}

@inproceedings{neal1992bayesian,
  address =      {Denver, Colorado, USA},
  author =       {Neal, Radford},
  booktitle =    {Advances in Neural Information Processing Systems 5
                  (NIPS)},
  editor =       {Hanson, S. and Cowan, J. and Giles, C.},
  month =        {November},
  note =
                  {\url{https://proceedings.neurips.cc/paper_files/paper/1992/file/f29c21d4897f78948b91f03172341b7b-Paper.pdf}},
  publisher =    {Morgan-Kaufmann},
  series =       {Conference Track Proceedings},
  title =        {Bayesian Learning via Stochastic Dynamics},
  volume =       5,
  year =         1992
}

@inproceedings{nelson1992neural,
  address =      {Denver, Colorado, USA},
  author =       {Nelson, Mark},
  booktitle =    {Advances in Neural Information Processing Systems 5
                  (NIPS)},
  editor =       {Hanson, S. and Cowan, J. and Giles, C.},
  month =        {November},
  note =
                  {\url{https://proceedings.neurips.cc/paper_files/paper/1992/file/556f391937dfd4398cbac35e050a2177-Paper.pdf}},
  publisher =    {Morgan-Kaufmann},
  series =       {Conference Track Proceedings},
  title =        {A Neural Model of Descending Gain Control in the
                  Electrosensory System},
  volume =       5,
  year =         1992
}

@inproceedings{nowlan1992filter,
  address =      {Denver, Colorado, USA},
  author =       {Nowlan, Steven and Sejnowski, Terrence J},
  booktitle =    {Advances in Neural Information Processing Systems 5
                  (NIPS)},
  editor =       {Hanson, S. and Cowan, J. and Giles, C.},
  month =        {November},
  note =
                  {\url{https://proceedings.neurips.cc/paper_files/paper/1992/file/ca9c267dad0305d1a6308d2a0cf1c39c-Paper.pdf}},
  publisher =    {Morgan-Kaufmann},
  series =       {Conference Track Proceedings},
  title =        {Filter Selection Model for Generating Visual Motion
                  Signals},
  volume =       5,
  year =         1992
}

@inproceedings{orr1992weight,
  address =      {Denver, Colorado, USA},
  author =       {Orr, Genevieve and Leen, Todd},
  booktitle =    {Advances in Neural Information Processing Systems 5
                  (NIPS)},
  editor =       {Hanson, S. and Cowan, J. and Giles, C.},
  month =        {November},
  note =
                  {\url{https://proceedings.neurips.cc/paper_files/paper/1992/file/a532400ed62e772b9dc0b86f46e583ff-Paper.pdf}},
  publisher =    {Morgan-Kaufmann},
  series =       {Conference Track Proceedings},
  title =        {Weight Space Probability Densities in Stochastic
                  Learning: II. Transients and Basin Hopping Times},
  volume =       5,
  year =         1992
}

@inproceedings{paass1992assessing,
  address =      {Denver, Colorado, USA},
  author =       {Paass, Gerhard},
  booktitle =    {Advances in Neural Information Processing Systems 5
                  (NIPS)},
  editor =       {Hanson, S. and Cowan, J. and Giles, C.},
  month =        {November},
  note =
                  {\url{https://proceedings.neurips.cc/paper_files/paper/1992/file/0ff8033cf9437c213ee13937b1c4c455-Paper.pdf}},
  publisher =    {Morgan-Kaufmann},
  series =       {Conference Track Proceedings},
  title =        {Assessing and Improving Neural Network Predictions
                  by the Bootstrap Algorithm},
  volume =       5,
  year =         1992
}

@inproceedings{pasero1992attractor,
  address =      {Denver, Colorado, USA},
  author =       {Pasero, E. and Zecchina, R.},
  booktitle =    {Advances in Neural Information Processing Systems 5
                  (NIPS)},
  editor =       {Hanson, S. and Cowan, J. and Giles, C.},
  month =        {November},
  note =
                  {\url{https://proceedings.neurips.cc/paper_files/paper/1992/file/9cc138f8dc04cbf16240daa92d8d50e2-Paper.pdf}},
  publisher =    {Morgan-Kaufmann},
  series =       {Conference Track Proceedings},
  title =        {Attractor Neural Networks with Local Inhibition:
                  from Statistical Physics to a Digital Programmable
                  Integrated Circuit},
  volume =       5,
  year =         1992
}

@inproceedings{pawelzik1992oscillatory,
  address =      {Denver, Colorado, USA},
  author =       {Pawelzik, K. and Bauer, H.-U. and Deppisch, J. and
                  Geisel, T.},
  booktitle =    {Advances in Neural Information Processing Systems 5
                  (NIPS)},
  editor =       {Hanson, S. and Cowan, J. and Giles, C.},
  month =        {November},
  note =
                  {\url{https://proceedings.neurips.cc/paper_files/paper/1992/file/8fecb20817b3847419bb3de39a609afe-Paper.pdf}},
  publisher =    {Morgan-Kaufmann},
  series =       {Conference Track Proceedings},
  title =        {How Oscillatory Neuronal Responses Reflect
                  Bistability and Switching of the Hidden Assembly
                  Dynamics},
  volume =       5,
  year =         1992
}

@inproceedings{peterson1992on,
  address =      {Denver, Colorado, USA},
  author =       {Peterson, James},
  booktitle =    {Advances in Neural Information Processing Systems 5
                  (NIPS)},
  editor =       {Hanson, S. and Cowan, J. and Giles, C.},
  month =        {November},
  note =
                  {\url{https://proceedings.neurips.cc/paper_files/paper/1992/file/443cb001c138b2561a0d90720d6ce111-Paper.pdf}},
  publisher =    {Morgan-Kaufmann},
  series =       {Conference Track Proceedings},
  title =        {On-Line Estimation of the Optimal Value Function:
                  HJB- Estimators},
  volume =       5,
  year =         1992
}

@inproceedings{plate1992holographic,
  address =      {Denver, Colorado, USA},
  author =       {Plate, Tony A.},
  booktitle =    {Advances in Neural Information Processing Systems 5
                  (NIPS)},
  editor =       {Hanson, S. and Cowan, J. and Giles, C.},
  month =        {November},
  note =
                  {\url{https://proceedings.neurips.cc/paper_files/paper/1992/file/7f5d04d189dfb634e6a85bb9d9adf21e-Paper.pdf}},
  publisher =    {Morgan-Kaufmann},
  series =       {Conference Track Proceedings},
  title =        {Holographic Recurrent Networks},
  volume =       5,
  year =         1992
}

@inproceedings{pomerleau1992input,
  address =      {Denver, Colorado, USA},
  author =       {Pomerleau, Dean A.},
  booktitle =    {Advances in Neural Information Processing Systems 5
                  (NIPS)},
  editor =       {Hanson, S. and Cowan, J. and Giles, C.},
  month =        {November},
  note =
                  {\url{https://proceedings.neurips.cc/paper_files/paper/1992/file/b7bb35b9c6ca2aee2df08cf09d7016c2-Paper.pdf}},
  publisher =    {Morgan-Kaufmann},
  series =       {Conference Track Proceedings},
  title =        {Input Reconstruction Reliability Estimation},
  volume =       5,
  year =         1992
}

@inproceedings{pratt1992discriminability,
  address =      {Denver, Colorado, USA},
  author =       {Pratt, L. Y.},
  booktitle =    {Advances in Neural Information Processing Systems 5
                  (NIPS)},
  editor =       {Hanson, S. and Cowan, J. and Giles, C.},
  month =        {November},
  note =
                  {\url{https://proceedings.neurips.cc/paper_files/paper/1992/file/67e103b0761e60683e83c559be18d40c-Paper.pdf}},
  publisher =    {Morgan-Kaufmann},
  series =       {Conference Track Proceedings},
  title =        {Discriminability-Based Transfer between Neural
                  Networks},
  volume =       5,
  year =         1992
}

@inproceedings{principe1992transient,
  address =      {Denver, Colorado, USA},
  author =       {Príncipe, José and Zahalka, Abir},
  booktitle =    {Advances in Neural Information Processing Systems 5
                  (NIPS)},
  editor =       {Hanson, S. and Cowan, J. and Giles, C.},
  month =        {November},
  note =
                  {\url{https://proceedings.neurips.cc/paper_files/paper/1992/file/fae0b27c451c728867a567e8c1bb4e53-Paper.pdf}},
  publisher =    {Morgan-Kaufmann},
  series =       {Conference Track Proceedings},
  title =        {Transient Signal Detection with Neural Networks: The
                  Search for the Desired Signal},
  volume =       5,
  year =         1992
}

@inproceedings{ring1992learning,
  address =      {Denver, Colorado, USA},
  author =       {Ring, Mark},
  booktitle =    {Advances in Neural Information Processing Systems 5
                  (NIPS)},
  editor =       {Hanson, S. and Cowan, J. and Giles, C.},
  month =        {November},
  note =
                  {\url{https://proceedings.neurips.cc/paper_files/paper/1992/file/68264bdb65b97eeae6788aa3348e553c-Paper.pdf}},
  publisher =    {Morgan-Kaufmann},
  series =       {Conference Track Proceedings},
  title =        {Learning Sequential Tasks by Incrementally Adding
                  Higher Orders},
  volume =       5,
  year =         1992
}

@inproceedings{rosenberg1992neural,
  address =      {Denver, Colorado, USA},
  author =       {Rosenberg, Charles and Erel, Jacob and Atlan, Henri},
  booktitle =    {Advances in Neural Information Processing Systems 5
                  (NIPS)},
  editor =       {Hanson, S. and Cowan, J. and Giles, C.},
  month =        {November},
  note =
                  {\url{https://proceedings.neurips.cc/paper_files/paper/1992/file/d490d7b4576290fa60eb31b5fc917ad1-Paper.pdf}},
  publisher =    {Morgan-Kaufmann},
  series =       {Conference Track Proceedings},
  title =        {A Neural Network that Learns to Interpret Myocardial
                  Planar Thallium Scintigrams},
  volume =       5,
  year =         1992
}

@inproceedings{sanger1992practice,
  address =      {Denver, Colorado, USA},
  author =       {Sanger, Terence},
  booktitle =    {Advances in Neural Information Processing Systems 5
                  (NIPS)},
  editor =       {Hanson, S. and Cowan, J. and Giles, C.},
  month =        {November},
  note =
                  {\url{https://proceedings.neurips.cc/paper_files/paper/1992/file/afd4836712c5e77550897e25711e1d96-Paper.pdf}},
  publisher =    {Morgan-Kaufmann},
  series =       {Conference Track Proceedings},
  title =        {A Practice Strategy for Robot Learning Control},
  volume =       5,
  year =         1992
}

@inproceedings{sarpeshkar1992visual,
  address =      {Denver, Colorado, USA},
  author =       {Sarpeshkar, Rahul and Bair, Wyeth and Koch,
                  Christof},
  booktitle =    {Advances in Neural Information Processing Systems 5
                  (NIPS)},
  editor =       {Hanson, S. and Cowan, J. and Giles, C.},
  month =        {November},
  note =
                  {\url{https://proceedings.neurips.cc/paper_files/paper/1992/file/233509073ed3432027d48b1a83f5fbd2-Paper.pdf}},
  publisher =    {Morgan-Kaufmann},
  series =       {Conference Track Proceedings},
  title =        {Visual Motion Computation in Analog VLSI Using
                  Pulses},
  volume =       5,
  year =         1992
}

@inproceedings{schenkel1992recognition,
  address =      {Denver, Colorado, USA},
  author =       {Schenkel, M. and Weissman, H. and Guyon, I. and
                  Nohl, C. and Henderson, D.},
  booktitle =    {Advances in Neural Information Processing Systems 5
                  (NIPS)},
  editor =       {Hanson, S. and Cowan, J. and Giles, C.},
  month =        {November},
  note =
                  {\url{https://proceedings.neurips.cc/paper_files/paper/1992/file/dc82d632c9fcecb0778afbc7924494a6-Paper.pdf}},
  publisher =    {Morgan-Kaufmann},
  series =       {Conference Track Proceedings},
  title =        {Recognition-based Segmentation of On-Line
                  Hand-printed Words},
  volume =       5,
  year =         1992
}

@inproceedings{schraudolph1992unsupervised,
  address =      {Denver, Colorado, USA},
  author =       {Schraudolph, Nicol and Sejnowski, Terrence J.},
  booktitle =    {Advances in Neural Information Processing Systems 5
                  (NIPS)},
  editor =       {Hanson, S. and Cowan, J. and Giles, C.},
  month =        {November},
  note =
                  {\url{https://proceedings.neurips.cc/paper_files/paper/1992/file/42e77b63637ab381e8be5f8318cc28a2-Paper.pdf}},
  publisher =    {Morgan-Kaufmann},
  series =       {Conference Track Proceedings},
  title =        {Unsupervised Discrimination of Clustered Data via
                  Optimization of Binary Information Gain},
  volume =       5,
  year =         1992
}

@inproceedings{schuetze1992word,
  address =      {Denver, Colorado, USA},
  author =       {Schütze, Hinrich},
  booktitle =    {Advances in Neural Information Processing Systems 5
                  (NIPS)},
  editor =       {Hanson, S. and Cowan, J. and Giles, C.},
  month =        {November},
  note =
                  {\url{https://proceedings.neurips.cc/paper_files/paper/1992/file/d86ea612dec96096c5e0fcc8dd42ab6d-Paper.pdf}},
  publisher =    {Morgan-Kaufmann},
  series =       {Conference Track Proceedings},
  title =        {Word Space},
  volume =       5,
  year =         1992
}

@inproceedings{schwarze1992statistical,
  address =      {Denver, Colorado, USA},
  author =       {Schwarze, Holm and Hertz, John},
  booktitle =    {Advances in Neural Information Processing Systems 5
                  (NIPS)},
  editor =       {Hanson, S. and Cowan, J. and Giles, C.},
  month =        {November},
  note =
                  {\url{https://proceedings.neurips.cc/paper_files/paper/1992/file/5d44ee6f2c3f71b73125876103c8f6c4-Paper.pdf}},
  publisher =    {Morgan-Kaufmann},
  series =       {Conference Track Proceedings},
  title =        {Statistical Mechanics of Learning in a Large
                  Committee Machine},
  volume =       5,
  year =         1992
}

@inproceedings{shiono1992information,
  address =      {Denver, Colorado, USA},
  author =       {Shiono, Satoru and Yamada, Satoshi and Nakashima,
                  Michio and Matsumoto, Kenji},
  booktitle =    {Advances in Neural Information Processing Systems 5
                  (NIPS)},
  editor =       {Hanson, S. and Cowan, J. and Giles, C.},
  month =        {November},
  note =
                  {\url{https://proceedings.neurips.cc/paper_files/paper/1992/file/fccb3cdc9acc14a6e70a12f74560c026-Paper.pdf}},
  publisher =    {Morgan-Kaufmann},
  series =       {Conference Track Proceedings},
  title =        {Information Theoretic Analysis of Connection
                  Structure from Spike Trains},
  volume =       5,
  year =         1992
}

@inproceedings{simard1992efficient,
  address =      {Denver, Colorado, USA},
  author =       {Simard, Patrice and LeCun, Yann and Denker, John},
  booktitle =    {Advances in Neural Information Processing Systems 5
                  (NIPS)},
  editor =       {Hanson, S. and Cowan, J. and Giles, C.},
  month =        {November},
  note =
                  {\url{https://proceedings.neurips.cc/paper_files/paper/1992/file/26408ffa703a72e8ac0117e74ad46f33-Paper.pdf}},
  publisher =    {Morgan-Kaufmann},
  series =       {Conference Track Proceedings},
  title =        {Efficient Pattern Recognition Using a New
                  Transformation Distance},
  volume =       5,
  year =         1992
}

@inproceedings{siu1992computing,
  address =      {Denver, Colorado, USA},
  author =       {Siu, Kai-Yeung and Roychowdhury, Vwani and Kailath,
                  Thomas},
  booktitle =    {Advances in Neural Information Processing Systems 5
                  (NIPS)},
  editor =       {Hanson, S. and Cowan, J. and Giles, C.},
  month =        {November},
  note =
                  {\url{https://proceedings.neurips.cc/paper_files/paper/1992/file/08b255a5d42b89b0585260b6f2360bdd-Paper.pdf}},
  publisher =    {Morgan-Kaufmann},
  series =       {Conference Track Proceedings},
  title =        {Computing with Almost Optimal Size Neural Networks},
  volume =       5,
  year =         1992
}

@inproceedings{siu1992optimal,
  address =      {Denver, Colorado, USA},
  author =       {Siu, Kai-Yeung and Roychowdhury, Vwani},
  booktitle =    {Advances in Neural Information Processing Systems 5
                  (NIPS)},
  editor =       {Hanson, S. and Cowan, J. and Giles, C.},
  month =        {November},
  note =
                  {\url{https://proceedings.neurips.cc/paper_files/paper/1992/file/b4288d9c0ec0a1841b3b3728321e7088-Paper.pdf}},
  publisher =    {Morgan-Kaufmann},
  series =       {Conference Track Proceedings},
  title =        {Optimal Depth Neural Networks for Multiplication and
                  Related Problems},
  volume =       5,
  year =         1992
}

@inproceedings{skaggs1992information,
  address =      {Denver, Colorado, USA},
  author =       {Skaggs, William and McNaughton, Bruce and Gothard,
                  Katalin},
  booktitle =    {Advances in Neural Information Processing Systems 5
                  (NIPS)},
  editor =       {Hanson, S. and Cowan, J. and Giles, C.},
  month =        {November},
  note =
                  {\url{https://proceedings.neurips.cc/paper_files/paper/1992/file/5dd9db5e033da9c6fb5ba83c7a7ebea9-Paper.pdf}},
  publisher =    {Morgan-Kaufmann},
  series =       {Conference Track Proceedings},
  title =        {An Information-Theoretic Approach to Deciphering the
                  Hippocampal Code},
  volume =       5,
  year =         1992
}

@inproceedings{smolensky1992harmonic,
  address =      {Denver, Colorado, USA},
  author =       {Smolensky, Paul},
  booktitle =    {Advances in Neural Information Processing Systems 5
                  (NIPS)},
  editor =       {Hanson, S. and Cowan, J. and Giles, C.},
  month =        {November},
  note =
                  {\url{https://proceedings.neurips.cc/paper_files/paper/1992/file/3435c378bb76d4357324dd7e69f3cd18-Paper.pdf}},
  publisher =    {Morgan-Kaufmann},
  series =       {Conference Track Proceedings},
  title =        {Harmonic Grammars for Formal Languages},
  volume =       5,
  year =         1992
}

@inproceedings{stern1992stimulus,
  address =      {Denver, Colorado, USA},
  author =       {Stern, Edward and Aertsen, Ad and Vaadia, Eilon and
                  Hochstein, Shaul},
  booktitle =    {Advances in Neural Information Processing Systems 5
                  (NIPS)},
  editor =       {Hanson, S. and Cowan, J. and Giles, C.},
  month =        {November},
  note =
                  {\url{https://proceedings.neurips.cc/paper_files/paper/1992/file/0f96613235062963ccde717b18f97592-Paper.pdf}},
  publisher =    {Morgan-Kaufmann},
  series =       {Conference Track Proceedings},
  title =        {Stimulus Encoding by Multidimensional Receptive
                  Fields in Single Cells and Cell Populations in V1 of
                  Awake Monkey},
  volume =       5,
  year =         1992
}

@inproceedings{stolcke1992hidden,
  address =      {Denver, Colorado, USA},
  author =       {Stolcke, Andreas and Omohundro, Stephen},
  booktitle =    {Advances in Neural Information Processing Systems 5
                  (NIPS)},
  editor =       {Hanson, S. and Cowan, J. and Giles, C.},
  month =        {November},
  note =
                  {\url{https://proceedings.neurips.cc/paper_files/paper/1992/file/5c04925674920eb58467fb52ce4ef728-Paper.pdf}},
  publisher =    {Morgan-Kaufmann},
  series =       {Conference Track Proceedings},
  title =        {Hidden Markov Model Induction by Bayesian Model
                  Merging},
  volume =       5,
  year =         1992
}

@inproceedings{sun1992time,
  address =      {Denver, Colorado, USA},
  author =       {Sun, Guo-Zheng and Chen, Hsing-Hen and Lee,
                  Yee-Chun},
  booktitle =    {Advances in Neural Information Processing Systems 5
                  (NIPS)},
  editor =       {Hanson, S. and Cowan, J. and Giles, C.},
  month =        {November},
  note =
                  {\url{https://proceedings.neurips.cc/paper_files/paper/1992/file/b4a528955b84f584974e92d025a75d1f-Paper.pdf}},
  publisher =    {Morgan-Kaufmann},
  series =       {Conference Track Proceedings},
  title =        {Time Warping Invariant Neural Networks},
  volume =       5,
  year =         1992
}

@inproceedings{tebelskis1992performance,
  address =      {Denver, Colorado, USA},
  author =       {Tebelskis, Joe and Waibel, Alex},
  booktitle =    {Advances in Neural Information Processing Systems 5
                  (NIPS)},
  editor =       {Hanson, S. and Cowan, J. and Giles, C.},
  month =        {November},
  note =
                  {\url{https://proceedings.neurips.cc/paper_files/paper/1992/file/a733fa9b25f33689e2adbe72199f0e62-Paper.pdf}},
  publisher =    {Morgan-Kaufmann},
  series =       {Conference Track Proceedings},
  title =        {Performance Through Consistency: MS-TDNNs for Large
                  Vocabulary Continuous Speech Recognition},
  volume =       5,
  year =         1992
}

@inproceedings{towell1992knowledge,
  address =      {Denver, Colorado, USA},
  author =       {Towell, Geoffrey and Lehrer, Richard},
  booktitle =    {Advances in Neural Information Processing Systems 5
                  (NIPS)},
  editor =       {Hanson, S. and Cowan, J. and Giles, C.},
  month =        {November},
  note =
                  {\url{https://proceedings.neurips.cc/paper_files/paper/1992/file/500e75a036dc2d7d2fec5da1b71d36cc-Paper.pdf}},
  publisher =    {Morgan-Kaufmann},
  series =       {Conference Track Proceedings},
  title =        {A Knowledge-Based Model of Geometry Learning},
  volume =       5,
  year =         1992
}

@inproceedings{tresp1992network,
  address =      {Denver, Colorado, USA},
  author =       {Tresp, Volker and Hollatz, Jürgen and Ahmad,
                  Subutai},
  booktitle =    {Advances in Neural Information Processing Systems 5
                  (NIPS)},
  editor =       {Hanson, S. and Cowan, J. and Giles, C.},
  month =        {November},
  note =
                  {\url{https://proceedings.neurips.cc/paper_files/paper/1992/file/4c27cea8526af8cfee3be5e183ac9605-Paper.pdf}},
  publisher =    {Morgan-Kaufmann},
  series =       {Conference Track Proceedings},
  title =        {Network Structuring and Training Using Rule-based
                  Knowledge},
  volume =       5,
  year =         1992
}

@inproceedings{uno1992integration,
  address =      {Denver, Colorado, USA},
  author =       {Uno, Yoji and Fukumura, Naohiro and Suzuki, Ryoji
                  and Kawato, Mitsuo},
  booktitle =    {Advances in Neural Information Processing Systems 5
                  (NIPS)},
  editor =       {Hanson, S. and Cowan, J. and Giles, C.},
  month =        {November},
  note =
                  {\url{https://proceedings.neurips.cc/paper_files/paper/1992/file/53e3a7161e428b65688f14b84d61c610-Paper.pdf}},
  publisher =    {Morgan-Kaufmann},
  series =       {Conference Track Proceedings},
  title =        {Integration of Visual and Somatosensory Information
                  for Preshaping Hand in Grasping Movements},
  volume =       5,
  year =         1992
}

@inproceedings{utans1992improving,
  address =      {Denver, Colorado, USA},
  author =       {Utans, Joachim and Gindi, Gene},
  booktitle =    {Advances in Neural Information Processing Systems 5
                  (NIPS)},
  editor =       {Hanson, S. and Cowan, J. and Giles, C.},
  month =        {November},
  note =
                  {\url{https://proceedings.neurips.cc/paper_files/paper/1992/file/3a066bda8c96b9478bb0512f0a43028c-Paper.pdf}},
  publisher =    {Morgan-Kaufmann},
  series =       {Conference Track Proceedings},
  title =        {Improving Convergence in Hierarchical Matching
                  Networks for Object Recognition},
  volume =       5,
  year =         1992
}

@inproceedings{walton1992parameterising,
  address =      {Denver, Colorado, USA},
  author =       {Walton, Lance and Bisset, David},
  booktitle =    {Advances in Neural Information Processing Systems 5
                  (NIPS)},
  editor =       {Hanson, S. and Cowan, J. and Giles, C.},
  month =        {November},
  note =
                  {\url{https://proceedings.neurips.cc/paper_files/paper/1992/file/00ac8ed3b4327bdd4ebbebcb2ba10a00-Paper.pdf}},
  publisher =    {Morgan-Kaufmann},
  series =       {Conference Track Proceedings},
  title =        {Parameterising Feature Sensitive Cell Formation in
                  Linsker Networks in the Auditory System},
  volume =       5,
  year =         1992
}

@inproceedings{wiles1992intersecting,
  address =      {Denver, Colorado, USA},
  author =       {Wiles, Janet and Ollila, Mark},
  booktitle =    {Advances in Neural Information Processing Systems 5
                  (NIPS)},
  editor =       {Hanson, S. and Cowan, J. and Giles, C.},
  month =        {November},
  note =
                  {\url{https://proceedings.neurips.cc/paper_files/paper/1992/file/10a5ab2db37feedfdeaab192ead4ac0e-Paper.pdf}},
  publisher =    {Morgan-Kaufmann},
  series =       {Conference Track Proceedings},
  title =        {Intersecting regions: The Key to combinatorial
                  structure in hidden unit space},
  volume =       5,
  year =         1992
}

@inproceedings{wolpert1992on,
  address =      {Denver, Colorado, USA},
  author =       {Wolpert, David},
  booktitle =    {Advances in Neural Information Processing Systems 5
                  (NIPS)},
  editor =       {Hanson, S. and Cowan, J. and Giles, C.},
  month =        {November},
  note =
                  {\url{https://proceedings.neurips.cc/paper_files/paper/1992/file/e7f8a7fb0b77bcb3b283af5be021448f-Paper.pdf}},
  publisher =    {Morgan-Kaufmann},
  series =       {Conference Track Proceedings},
  title =        {On the Use of Evidence in Neural Networks},
  volume =       5,
  year =         1992
}

@inproceedings{wulff1992learning,
  address =      {Denver, Colorado, USA},
  author =       {Wulff, N. and Hertz, J. A},
  booktitle =    {Advances in Neural Information Processing Systems 5
                  (NIPS)},
  editor =       {Hanson, S. and Cowan, J. and Giles, C.},
  month =        {November},
  note =
                  {\url{https://proceedings.neurips.cc/paper_files/paper/1992/file/d6c651ddcd97183b2e40bc464231c962-Paper.pdf}},
  publisher =    {Morgan-Kaufmann},
  series =       {Conference Track Proceedings},
  title =        {Learning Cellular Automaton Dynamics with Neural
                  Networks},
  volume =       5,
  year =         1992
}

@inproceedings{xu1992self,
  address =      {Denver, Colorado, USA},
  author =       {Xu, Lei and Yuille, Alan L.},
  booktitle =    {Advances in Neural Information Processing Systems 5
                  (NIPS)},
  editor =       {Hanson, S. and Cowan, J. and Giles, C.},
  month =        {November},
  note =
                  {\url{https://proceedings.neurips.cc/paper_files/paper/1992/file/109a0ca3bc27f3e96597370d5c8cf03d-Paper.pdf}},
  publisher =    {Morgan-Kaufmann},
  series =       {Conference Track Proceedings},
  title =        {Self-Organizing Rules for Robust Principal Component
                  Analysis},
  volume =       5,
  year =         1992
}

@inproceedings{yuan1992forecasting,
  address =      {Denver, Colorado, USA},
  author =       {Yuan, Jen-Lun and Fine, Terrence},
  booktitle =    {Advances in Neural Information Processing Systems 5
                  (NIPS)},
  editor =       {Hanson, S. and Cowan, J. and Giles, C.},
  month =        {November},
  note =
                  {\url{https://proceedings.neurips.cc/paper_files/paper/1992/file/2291d2ec3b3048d1a6f86c2c4591b7e0-Paper.pdf}},
  publisher =    {Morgan-Kaufmann},
  series =       {Conference Track Proceedings},
  title =        {Forecasting Demand for Electric Power},
  volume =       5,
  year =         1992
}

@inproceedings{zavaliagkos1992hybrid,
  address =      {Denver, Colorado, USA},
  author =       {Zavaliagkos, G. and Zhao, Y. and Schwartz, R. and
                  Makhoul, J.},
  booktitle =    {Advances in Neural Information Processing Systems 5
                  (NIPS)},
  editor =       {Hanson, S. and Cowan, J. and Giles, C.},
  month =        {November},
  note =
                  {\url{https://proceedings.neurips.cc/paper_files/paper/1992/file/6aca97005c68f1206823815f66102863-Paper.pdf}},
  publisher =    {Morgan-Kaufmann},
  series =       {Conference Track Proceedings},
  title =        {A Hybrid Neural Net System for State-of-the-Art
                  Continuous Speech Recognition},
  volume =       5,
  year =         1992
}

@inproceedings{zemel1992directional,
  address =      {Denver, Colorado, USA},
  author =       {Zemel, Richard and Williams, Christopher and Mozer,
                  Michael C.},
  booktitle =    {Advances in Neural Information Processing Systems 5
                  (NIPS)},
  editor =       {Hanson, S. and Cowan, J. and Giles, C.},
  month =        {November},
  note =
                  {\url{https://proceedings.neurips.cc/paper_files/paper/1992/file/0d7de1aca9299fe63f3e0041f02638a3-Paper.pdf}},
  publisher =    {Morgan-Kaufmann},
  series =       {Conference Track Proceedings},
  title =        {Directional-Unit Boltzmann Machines},
  volume =       5,
  year =         1992
}
