@inproceedings{ahmad1993feature,
  address = {Denver, Colorado, USA},
  author = {Ahmad, Subutai},
  booktitle = {Advances in Neural Information Processing Systems 6 (NIPS)},
  editor = {Cowan, J. and Tesauro, G. and Alspector, J.},
  month = {November},
  note = {<https://proceedings.neurips.cc/paper_files/paper/1993/file/217eedd1ba8c592db97d0dbe54c7adfc-Paper.pdf>},
  openalex = {W2119837152},
  publisher = {Morgan-Kaufmann},
  series = {Conference Track Proceedings},
  title = {Feature Densities are Required for Computing Feature Correspondences},
  volume = {6},
  year = {1993}
}

@inproceedings{andreou1993vlsi,
  address = {Denver, Colorado, USA},
  author = {Andreou, Andreas and Edwards, Thomas},
  booktitle = {Advances in Neural Information Processing Systems 6 (NIPS)},
  editor = {Cowan, J. and Tesauro, G. and Alspector, J.},
  month = {November},
  note = {<https://proceedings.neurips.cc/paper_files/paper/1993/file/fb89705ae6d743bf1e848c206e16a1d7-Paper.pdf>},
  openalex = {W2117863300},
  publisher = {Morgan-Kaufmann},
  series = {Conference Track Proceedings},
  title = {VLSI Phase Locking Architectures for Feature Linking in Multiple Target Tracking Systems},
  volume = {6},
  year = {1993}
}

@inproceedings{atkeson1993using,
  address = {Denver, Colorado, USA},
  author = {Atkeson, Christopher},
  booktitle = {Advances in Neural Information Processing Systems 6 (NIPS)},
  editor = {Cowan, J. and Tesauro, G. and Alspector, J.},
  month = {November},
  note = {<https://proceedings.neurips.cc/paper_files/paper/1993/file/c15da1f2b5e5ed6e6837a3802f0d1593-Paper.pdf>},
  openalex = {W2105038027},
  publisher = {Morgan-Kaufmann},
  series = {Conference Track Proceedings},
  title = {Using Local Trajectory Optimizers to Speed Up Global Optimization in Dynamic Programming},
  volume = {6},
  year = {1993}
}

@inproceedings{baird1993grammatical,
  address = {Denver, Colorado, USA},
  author = {Baird, Bill and Troyer, Todd and Eeckman, Frank},
  booktitle = {Advances in Neural Information Processing Systems 6 (NIPS)},
  editor = {Cowan, J. and Tesauro, G. and Alspector, J.},
  month = {November},
  note = {<https://proceedings.neurips.cc/paper_files/paper/1993/file/31839b036f63806cba3f47b93af8ccb5-Paper.pdf>},
  openalex = {W2116801250},
  publisher = {Morgan-Kaufmann},
  series = {Conference Track Proceedings},
  title = {Grammatical Inference by Attentional Control of Synchronization in an Oscillating Elman Network},
  volume = {6},
  year = {1993}
}

@inproceedings{baldi1993hidden,
  address = {Denver, Colorado, USA},
  author = {Baldi, Pierre and Brunak, Søren and Chauvin, Yves and Engelbrecht, Jacob and Krogh, Anders},
  booktitle = {Advances in Neural Information Processing Systems 6 (NIPS)},
  editor = {Cowan, J. and Tesauro, G. and Alspector, J.},
  month = {November},
  note = {<https://proceedings.neurips.cc/paper_files/paper/1993/file/88ae6372cfdc5df69a976e893f4d554b-Paper.pdf>},
  openalex = {W2102301373},
  publisher = {Morgan-Kaufmann},
  series = {Conference Track Proceedings},
  title = {Hidden Markov Models for Human Genes},
  volume = {6},
  year = {1993}
}

@inproceedings{baluja1993non,
  address = {Denver, Colorado, USA},
  author = {Baluja, Shumeet and Pomerleau, Dean},
  booktitle = {Advances in Neural Information Processing Systems 6 (NIPS)},
  editor = {Cowan, J. and Tesauro, G. and Alspector, J.},
  month = {November},
  note = {<https://proceedings.neurips.cc/paper_files/paper/1993/file/19b650660b253761af189682e03501dd-Paper.pdf>},
  openalex = {W2103289133},
  publisher = {Morgan-Kaufmann},
  series = {Conference Track Proceedings},
  title = {Non-Intrusive Gaze Tracking Using Artificial Neural Networks},
  volume = {6},
  year = {1993}
}

@inproceedings{barto1993monte,
  address = {Denver, Colorado, USA},
  author = {Barto, Andrew and Duff, Michael},
  booktitle = {Advances in Neural Information Processing Systems 6 (NIPS)},
  editor = {Cowan, J. and Tesauro, G. and Alspector, J.},
  month = {November},
  note = {<https://proceedings.neurips.cc/paper_files/paper/1993/file/3b3dbaf68507998acd6a5a5254ab2d76-Paper.pdf>},
  openalex = {W2126217565},
  publisher = {Morgan-Kaufmann},
  series = {Conference Track Proceedings},
  title = {Monte Carlo Matrix Inversion and Reinforcement Learning},
  volume = {6},
  year = {1993}
}

@inproceedings{bengio1993credit,
  address = {Denver, Colorado, USA},
  author = {Bengio, Yoshua and Frasconi, Paolo},
  booktitle = {Advances in Neural Information Processing Systems 6 (NIPS)},
  editor = {Cowan, J. and Tesauro, G. and Alspector, J.},
  month = {November},
  note = {<https://proceedings.neurips.cc/paper_files/paper/1993/file/7f1171a78ce0780a2142a6eb7bc4f3c8-Paper.pdf>},
  openalex = {W2131387845},
  publisher = {Morgan-Kaufmann},
  series = {Conference Track Proceedings},
  title = {Credit Assignment through Time: Alternatives to Backpropagation},
  volume = {6},
  year = {1993}
}

@inproceedings{bengio1993globally,
  address = {Denver, Colorado, USA},
  author = {Bengio, Yoshua and LeCun, Yann and Henderson, Donnie},
  booktitle = {Advances in Neural Information Processing Systems 6 (NIPS)},
  editor = {Cowan, J. and Tesauro, G. and Alspector, J.},
  month = {November},
  note = {<https://proceedings.neurips.cc/paper_files/paper/1993/file/3b5dca501ee1e6d8cd7b905f4e1bf723-Paper.pdf>},
  openalex = {W2148695089},
  publisher = {Morgan-Kaufmann},
  series = {Conference Track Proceedings},
  title = {Globally Trained Handwritten Word Recognizer using Spatial Representation, Convolutional Neural Networks, and Hidden Markov Models},
  volume = {6},
  year = {1993}
}

@inproceedings{bernander1993amplifying,
  address = {Denver, Colorado, USA},
  author = {Bernander, Öjvind and Koch, Christof and Douglas, Rodney},
  booktitle = {Advances in Neural Information Processing Systems 6 (NIPS)},
  editor = {Cowan, J. and Tesauro, G. and Alspector, J.},
  month = {November},
  note = {<https://proceedings.neurips.cc/paper_files/paper/1993/file/788d986905533aba051261497ecffcbb-Paper.pdf>},
  openalex = {W2121150770},
  publisher = {Morgan-Kaufmann},
  series = {Conference Track Proceedings},
  title = {Amplifying and Linearizing Apical Synaptic Inputs to Cortical Pyramidal Cells},
  volume = {6},
  year = {1993}
}

@inproceedings{blasig1993gds,
  address = {Denver, Colorado, USA},
  author = {Blasig, Reinhard},
  booktitle = {Advances in Neural Information Processing Systems 6 (NIPS)},
  editor = {Cowan, J. and Tesauro, G. and Alspector, J.},
  month = {November},
  note = {<https://proceedings.neurips.cc/paper_files/paper/1993/file/4e0928de075538c593fbdabb0c5ef2c3-Paper.pdf>},
  openalex = {W2124640585},
  publisher = {Morgan-Kaufmann},
  series = {Conference Track Proceedings},
  title = {GDS: Gradient Descent Generation of Symbolic Classification Rules},
  volume = {6},
  year = {1993}
}

@inproceedings{bostock1993comparative,
  address = {Denver, Colorado, USA},
  author = {Bostock, Richard and Harget, Alan},
  booktitle = {Advances in Neural Information Processing Systems 6 (NIPS)},
  editor = {Cowan, J. and Tesauro, G. and Alspector, J.},
  month = {November},
  note = {<https://proceedings.neurips.cc/paper_files/paper/1993/file/632cee946db83e7a52ce5e8d6f0fed35-Paper.pdf>},
  openalex = {W2116191433},
  publisher = {Morgan-Kaufmann},
  series = {Conference Track Proceedings},
  title = {A Comparative Study of a Modified Bumptree Neural Network with Radial Basis Function Networks and the Standard Multi Layer Perceptron},
  volume = {6},
  year = {1993}
}

@inproceedings{boussard1993dopaminergic,
  address = {Denver, Colorado, USA},
  author = {Boussard, Eric and Vibert, Jean-François},
  booktitle = {Advances in Neural Information Processing Systems 6 (NIPS)},
  editor = {Cowan, J. and Tesauro, G. and Alspector, J.},
  month = {November},
  note = {<https://proceedings.neurips.cc/paper_files/paper/1993/file/3a835d3215755c435ef4fe9965a3f2a0-Paper.pdf>},
  openalex = {W2151693891},
  publisher = {Morgan-Kaufmann},
  series = {Conference Track Proceedings},
  title = {Dopaminergic Neuromodulation Brings a Dynamical Plasticity to the Retina},
  volume = {6},
  year = {1993}
}

@inproceedings{boyan1993packet,
  address = {Denver, Colorado, USA},
  author = {Boyan, Justin and Littman, Michael},
  booktitle = {Advances in Neural Information Processing Systems 6 (NIPS)},
  editor = {Cowan, J. and Tesauro, G. and Alspector, J.},
  month = {November},
  note = {<https://proceedings.neurips.cc/paper_files/paper/1993/file/4ea06fbc83cdd0a06020c35d50e1e89a-Paper.pdf>},
  openalex = {W2156666755},
  publisher = {Morgan-Kaufmann},
  series = {Conference Track Proceedings},
  title = {Packet Routing in Dynamically Changing Networks: A Reinforcement Learning Approach},
  volume = {6},
  year = {1993}
}

@inproceedings{bregler1993surface,
  address = {Denver, Colorado, USA},
  author = {Bregler, Christoph and Omohundro, Stephen},
  booktitle = {Advances in Neural Information Processing Systems 6 (NIPS)},
  editor = {Cowan, J. and Tesauro, G. and Alspector, J.},
  month = {November},
  note = {<https://proceedings.neurips.cc/paper_files/paper/1993/file/96b9bff013acedfb1d140579e2fbeb63-Paper.pdf>},
  openalex = {W2132747970},
  publisher = {Morgan-Kaufmann},
  series = {Conference Track Proceedings},
  title = {Surface Learning with Applications to Lipreading},
  volume = {6},
  year = {1993}
}

@inproceedings{bromley1993signature,
  address = {Denver, Colorado, USA},
  author = {Bromley, Jane and Guyon, Isabelle and LeCun, Yann and Säckinger, Eduard and Shah, Roopak},
  booktitle = {Advances in Neural Information Processing Systems 6 (NIPS)},
  editor = {Cowan, J. and Tesauro, G. and Alspector, J.},
  month = {November},
  note = {<https://proceedings.neurips.cc/paper_files/paper/1993/file/288cc0ff022877bd3df94bc9360b9c5d-Paper.pdf>},
  openalex = {W2171590421},
  publisher = {Morgan-Kaufmann},
  series = {Conference Track Proceedings},
  title = {Signature Verification using a "Siamese" Time Delay Neural Network},
  volume = {6},
  year = {1993}
}

@inproceedings{buckland1993transition,
  address = {Denver, Colorado, USA},
  author = {Buckland, Kenneth and Lawrence, Peter},
  booktitle = {Advances in Neural Information Processing Systems 6 (NIPS)},
  editor = {Cowan, J. and Tesauro, G. and Alspector, J.},
  month = {November},
  note = {<https://proceedings.neurips.cc/paper_files/paper/1993/file/362e80d4df43b03ae6d3f8540cd63626-Paper.pdf>},
  openalex = {W2163908189},
  publisher = {Morgan-Kaufmann},
  series = {Conference Track Proceedings},
  title = {Transition Point Dynamic Programming},
  volume = {6},
  year = {1993}
}

@inproceedings{buhmann1993central,
  address = {Denver, Colorado, USA},
  author = {Buhmann, Joachim and Hofmann, Thomas},
  booktitle = {Advances in Neural Information Processing Systems 6 (NIPS)},
  editor = {Cowan, J. and Tesauro, G. and Alspector, J.},
  month = {November},
  note = {<https://proceedings.neurips.cc/paper_files/paper/1993/file/2afe4567e1bf64d32a5527244d104cea-Paper.pdf>},
  openalex = {W2134725327},
  publisher = {Morgan-Kaufmann},
  series = {Conference Track Proceedings},
  title = {Central and Pairwise Data Clustering by Competitive Neural Networks},
  volume = {6},
  year = {1993}
}

@inproceedings{buhmann1993illumination,
  address = {Denver, Colorado, USA},
  author = {Buhmann, Joachim and Lades, Martin and Eeckman, Frank},
  booktitle = {Advances in Neural Information Processing Systems 6 (NIPS)},
  editor = {Cowan, J. and Tesauro, G. and Alspector, J.},
  month = {November},
  note = {<https://proceedings.neurips.cc/paper_files/paper/1993/file/67d16d00201083a2b118dd5128dd6f59-Paper.pdf>},
  openalex = {W2163971208},
  publisher = {Morgan-Kaufmann},
  series = {Conference Track Proceedings},
  title = {Illumination-Invariant Face Recognition with a Contrast Sensitive Silicon Retina},
  volume = {6},
  year = {1993}
}

@inproceedings{buracas1993role,
  address = {Denver, Colorado, USA},
  author = {Buracas, G. and Albright, T.},
  booktitle = {Advances in Neural Information Processing Systems 6 (NIPS)},
  editor = {Cowan, J. and Tesauro, G. and Alspector, J.},
  month = {November},
  note = {<https://proceedings.neurips.cc/paper_files/paper/1993/file/ede7e2b6d13a41ddf9f4bdef84fdc737-Paper.pdf>},
  openalex = {W2161915817},
  publisher = {Morgan-Kaufmann},
  series = {Conference Track Proceedings},
  title = {The Role of MT Neuron Receptive Field Surrounds in Computing Object Shape from Velocity Fields},
  volume = {6},
  year = {1993}
}

@inproceedings{cacciatore1993mixtures,
  address = {Denver, Colorado, USA},
  author = {Cacciatore, Timothy and Nowlan, Steven},
  booktitle = {Advances in Neural Information Processing Systems 6 (NIPS)},
  editor = {Cowan, J. and Tesauro, G. and Alspector, J.},
  month = {November},
  note = {<https://proceedings.neurips.cc/paper_files/paper/1993/file/b137fdd1f79d56c7edf3365fea7520f2-Paper.pdf>},
  openalex = {W2172116616},
  publisher = {Morgan-Kaufmann},
  series = {Conference Track Proceedings},
  title = {Mixtures of Controllers for Jump Linear and Non-Linear Plants},
  volume = {6},
  year = {1993}
}

@inproceedings{cauwenberghs1993learning,
  address = {Denver, Colorado, USA},
  author = {Cauwenberghs, Gert},
  booktitle = {Advances in Neural Information Processing Systems 6 (NIPS)},
  editor = {Cowan, J. and Tesauro, G. and Alspector, J.},
  month = {November},
  note = {<https://proceedings.neurips.cc/paper_files/paper/1993/file/e07413354875be01a996dc560274708e-Paper.pdf>},
  openalex = {W2161574926},
  publisher = {Morgan-Kaufmann},
  series = {Conference Track Proceedings},
  title = {A Learning Analog Neural Network Chip with Continuous-Time Recurrent Dynamics},
  volume = {6},
  year = {1993}
}

@inproceedings{chang1993figure,
  address = {Denver, Colorado, USA},
  author = {Chang, Eric and Lippmann, Richard P},
  booktitle = {Advances in Neural Information Processing Systems 6 (NIPS)},
  editor = {Cowan, J. and Tesauro, G. and Alspector, J.},
  month = {November},
  note = {<https://proceedings.neurips.cc/paper_files/paper/1993/file/96ea64f3a1aa2fd00c72faacf0cb8ac9-Paper.pdf>},
  openalex = {W2116400298},
  publisher = {Morgan-Kaufmann},
  series = {Conference Track Proceedings},
  title = {Figure of Merit Training for Detection and Spotting},
  volume = {6},
  year = {1993}
}

@inproceedings{coggins1993wattle,
  address = {Denver, Colorado, USA},
  author = {Coggins, Richard and Jabri, Marwan},
  booktitle = {Advances in Neural Information Processing Systems 6 (NIPS)},
  editor = {Cowan, J. and Tesauro, G. and Alspector, J.},
  month = {November},
  note = {<https://proceedings.neurips.cc/paper_files/paper/1993/file/ccb0989662211f61edae2e26d58ea92f-Paper.pdf>},
  openalex = {W2108619824},
  publisher = {Morgan-Kaufmann},
  series = {Conference Track Proceedings},
  title = {WATTLE: A Trainable Gain Analogue VLSI Neural Network},
  volume = {6},
  year = {1993}
}

@inproceedings{cohn1993neural,
  address = {Denver, Colorado, USA},
  author = {Cohn, David},
  booktitle = {Advances in Neural Information Processing Systems 6 (NIPS)},
  editor = {Cowan, J. and Tesauro, G. and Alspector, J.},
  month = {November},
  note = {<https://proceedings.neurips.cc/paper_files/paper/1993/file/d840cc5d906c3e9c84374c8919d2074e-Paper.pdf>},
  openalex = {W2003381716},
  publisher = {Morgan-Kaufmann},
  series = {Conference Track Proceedings},
  title = {Neural Network Exploration Using Optimal Experiment Design},
  volume = {6},
  year = {1993}
}

@inproceedings{cohn1993robot,
  address = {Denver, Colorado, USA},
  author = {Cohn, David},
  booktitle = {Advances in Neural Information Processing Systems 6 (NIPS)},
  editor = {Cowan, J. and Tesauro, G. and Alspector, J.},
  month = {November},
  note = {<https://proceedings.neurips.cc/paper_files/paper/1993/file/22fb0cee7e1f3bde58293de743871417-Paper.pdf>},
  openalex = {W2132879544},
  publisher = {Morgan-Kaufmann},
  series = {Conference Track Proceedings},
  title = {Robot Learning: Exploration and Continuous Domains},
  volume = {6},
  year = {1993}
}

@inproceedings{coolen1993coupled,
  address = {Denver, Colorado, USA},
  author = {Coolen, A. C. C. and Penney, R. and Sherrington, D.},
  booktitle = {Advances in Neural Information Processing Systems 6 (NIPS)},
  editor = {Cowan, J. and Tesauro, G. and Alspector, J.},
  month = {November},
  note = {<https://proceedings.neurips.cc/paper_files/paper/1993/file/c0f168ce8900fa56e57789e2a2f2c9d0-Paper.pdf>},
  openalex = {W2117083346},
  publisher = {Morgan-Kaufmann},
  series = {Conference Track Proceedings},
  title = {Coupled Dynamics of Fast Neurons and Slow Interactions},
  volume = {6},
  year = {1993}
}

@inproceedings{cortes1993learning,
  address = {Denver, Colorado, USA},
  author = {Cortes, Corinna and Jackel, L. D. and Solla, Sara and Vapnik, Vladimir and Denker, John},
  booktitle = {Advances in Neural Information Processing Systems 6 (NIPS)},
  editor = {Cowan, J. and Tesauro, G. and Alspector, J.},
  month = {November},
  note = {<https://proceedings.neurips.cc/paper_files/paper/1993/file/1aa48fc4880bb0c9b8a3bf979d3b917e-Paper.pdf>},
  openalex = {W2134429390},
  publisher = {Morgan-Kaufmann},
  series = {Conference Track Proceedings},
  title = {Learning Curves: Asymptotic Values and Rate of Convergence},
  volume = {6},
  year = {1993}
}

@inproceedings{darrell1993classifying,
  address = {Denver, Colorado, USA},
  author = {Darrell, Trevor J. and Pentland, Alex P.},
  booktitle = {Advances in Neural Information Processing Systems 6 (NIPS)},
  editor = {Cowan, J. and Tesauro, G. and Alspector, J.},
  month = {November},
  note = {<https://proceedings.neurips.cc/paper_files/paper/1993/file/7250eb93b3c18cc9daa29cf58af7a004-Paper.pdf>},
  openalex = {W2104652184},
  publisher = {Morgan-Kaufmann},
  series = {Conference Track Proceedings},
  title = {Classifying Hand Gestures with a View-Based Distributed Representation},
  volume = {6},
  year = {1993}
}

@inproceedings{das1993unified,
  address = {Denver, Colorado, USA},
  author = {Das, Sreerupa and Mozer, Michael C},
  booktitle = {Advances in Neural Information Processing Systems 6 (NIPS)},
  editor = {Cowan, J. and Tesauro, G. and Alspector, J.},
  month = {November},
  note = {<https://proceedings.neurips.cc/paper_files/paper/1993/file/84f7e69969dea92a925508f7c1f9579a-Paper.pdf>},
  openalex = {W2165301751},
  publisher = {Morgan-Kaufmann},
  series = {Conference Track Proceedings},
  title = {A Unified Gradient-Descent/Clustering Architecture for Finite State Machine Induction},
  volume = {6},
  year = {1993}
}

@inproceedings{de1993learning,
  address = {Denver, Colorado, USA},
  author = {de Sa, Virginia},
  booktitle = {Advances in Neural Information Processing Systems 6 (NIPS)},
  editor = {Cowan, J. and Tesauro, G. and Alspector, J.},
  month = {November},
  note = {<https://proceedings.neurips.cc/paper_files/paper/1993/file/e0ec453e28e061cc58ac43f91dc2f3f0-Paper.pdf>},
  openalex = {W2113896236},
  publisher = {Morgan-Kaufmann},
  series = {Conference Track Proceedings},
  title = {Learning Classification with Unlabeled Data},
  volume = {6},
  year = {1993}
}

@inproceedings{diamantaras1993resolving,
  address = {Denver, Colorado, USA},
  author = {Diamantaras, K. I. and Geiger, D.},
  booktitle = {Advances in Neural Information Processing Systems 6 (NIPS)},
  editor = {Cowan, J. and Tesauro, G. and Alspector, J.},
  month = {November},
  note = {<https://proceedings.neurips.cc/paper_files/paper/1993/file/b7ee6f5f9aa5cd17ca1aea43ce848496-Paper.pdf>},
  openalex = {W2124655504},
  publisher = {Morgan-Kaufmann},
  series = {Conference Track Proceedings},
  title = {Resolving motion ambiguities},
  volume = {6},
  year = {1993}
}

@inproceedings{diederich1993connectionist,
  address = {Denver, Colorado, USA},
  author = {Diederich, Joachim and Tsoi, Ah},
  booktitle = {Advances in Neural Information Processing Systems 6 (NIPS)},
  editor = {Cowan, J. and Tesauro, G. and Alspector, J.},
  month = {November},
  note = {<https://proceedings.neurips.cc/paper_files/paper/1993/file/c2626d850c80ea07e7511bbae4c76f4b-Paper.pdf>},
  publisher = {Morgan-Kaufmann},
  series = {Conference Track Proceedings},
  title = {Connectionist Modeling and Parallel Architectures},
  volume = {6},
  year = {1993}
}

@inproceedings{dietterich1993comparison,
  address = {Denver, Colorado, USA},
  author = {Dietterich, Thomas and Jain, Ajay and Lathrop, Richard and Lozano-Pérez, Tomás},
  booktitle = {Advances in Neural Information Processing Systems 6 (NIPS)},
  editor = {Cowan, J. and Tesauro, G. and Alspector, J.},
  month = {November},
  note = {<https://proceedings.neurips.cc/paper_files/paper/1993/file/7143d7fbadfa4693b9eec507d9d37443-Paper.pdf>},
  publisher = {Morgan-Kaufmann},
  series = {Conference Track Proceedings},
  title = {A Comparison of Dynamic Reposing and Tangent Distance for Drug Activity Prediction},
  volume = {6},
  year = {1993}
}

@inproceedings{dietterich1993memory,
  address = {Denver, Colorado, USA},
  author = {Dietterich, Thomas and Wettschereck, Dietrich and Atkeson, Chris G. and Moore, Andrew},
  booktitle = {Advances in Neural Information Processing Systems 6 (NIPS)},
  editor = {Cowan, J. and Tesauro, G. and Alspector, J.},
  month = {November},
  note = {<https://proceedings.neurips.cc/paper_files/paper/1993/file/6e7b33fdea3adc80ebd648fffb665bb8-Paper.pdf>},
  openalex = {W2172019843},
  publisher = {Morgan-Kaufmann},
  series = {Conference Track Proceedings},
  title = {Memory-Based Methods for Regression and Classification},
  volume = {6},
  year = {1993}
}

@inproceedings{doya1993hodgkin,
  address = {Denver, Colorado, USA},
  author = {Doya, Kenji and Selverston, Allen and Rowat, Peter},
  booktitle = {Advances in Neural Information Processing Systems 6 (NIPS)},
  editor = {Cowan, J. and Tesauro, G. and Alspector, J.},
  month = {November},
  note = {<https://proceedings.neurips.cc/paper_files/paper/1993/file/6e0721b2c6977135b916ef286bcb49ec-Paper.pdf>},
  openalex = {W2118869063},
  publisher = {Morgan-Kaufmann},
  series = {Conference Track Proceedings},
  title = {A Hodgkin-Huxley Type Neuron Model That Learns Slow Non-Spike Oscillation},
  volume = {6},
  year = {1993}
}

@inproceedings{duda1993connectionist,
  address = {Denver, Colorado, USA},
  author = {Duda, Richard},
  booktitle = {Advances in Neural Information Processing Systems 6 (NIPS)},
  editor = {Cowan, J. and Tesauro, G. and Alspector, J.},
  month = {November},
  note = {<https://proceedings.neurips.cc/paper_files/paper/1993/file/fa3a3c407f82377f55c19c5d403335c7-Paper.pdf>},
  openalex = {W2172002874},
  publisher = {Morgan-Kaufmann},
  series = {Conference Track Proceedings},
  title = {Connectionist Models for Auditory Scene Analysis},
  volume = {6},
  year = {1993}
}

@inproceedings{elfadel1993softmax,
  address = {Denver, Colorado, USA},
  author = {Elfadel, I. M. and Wyatt, Jr., J. L.},
  booktitle = {Advances in Neural Information Processing Systems 6 (NIPS)},
  editor = {Cowan, J. and Tesauro, G. and Alspector, J.},
  month = {November},
  note = {<https://proceedings.neurips.cc/paper_files/paper/1993/file/352407221afb776e3143e8a1a0577885-Paper.pdf>},
  publisher = {Morgan-Kaufmann},
  series = {Conference Track Proceedings},
  title = {The "Softmax" Nonlinearity: Derivation Using Statistical Mechanics and Useful Properties as a Multiterminal Analog Circuit Element},
  volume = {6},
  year = {1993}
}

@inproceedings{farrell1993speaker,
  address = {Denver, Colorado, USA},
  author = {Farrell, Kevin and Mammone, Richard},
  booktitle = {Advances in Neural Information Processing Systems 6 (NIPS)},
  editor = {Cowan, J. and Tesauro, G. and Alspector, J.},
  month = {November},
  note = {<https://proceedings.neurips.cc/paper_files/paper/1993/file/f9a40a4780f5e1306c46f1c8daecee3b-Paper.pdf>},
  openalex = {W2144402804},
  publisher = {Morgan-Kaufmann},
  series = {Conference Track Proceedings},
  title = {Speaker Recognition Using Neural Tree Networks},
  volume = {6},
  year = {1993}
}

@inproceedings{fefferman1993recovering,
  address = {Denver, Colorado, USA},
  author = {Fefferman, Charles and Markel, Scott},
  booktitle = {Advances in Neural Information Processing Systems 6 (NIPS)},
  editor = {Cowan, J. and Tesauro, G. and Alspector, J.},
  month = {November},
  note = {<https://proceedings.neurips.cc/paper_files/paper/1993/file/e49b8b4053df9505e1f48c3a701c0682-Paper.pdf>},
  openalex = {W2134828648},
  publisher = {Morgan-Kaufmann},
  series = {Conference Track Proceedings},
  title = {Recovering a Feed-Forward Net From Its Output},
  volume = {6},
  year = {1993}
}

@inproceedings{flake1993exploiting,
  address = {Denver, Colorado, USA},
  author = {Flake, Gary and Sun, Guo-Zhen and Lee, Yee-Chun},
  booktitle = {Advances in Neural Information Processing Systems 6 (NIPS)},
  editor = {Cowan, J. and Tesauro, G. and Alspector, J.},
  month = {November},
  note = {<https://proceedings.neurips.cc/paper_files/paper/1993/file/43feaeeecd7b2fe2ae2e26d917b6477d-Paper.pdf>},
  publisher = {Morgan-Kaufmann},
  series = {Conference Track Proceedings},
  title = {Exploiting Chaos to Control the Future},
  volume = {6},
  year = {1993}
}

@inproceedings{flann1993recognition,
  address = {Denver, Colorado, USA},
  author = {Flann, Nicholas},
  booktitle = {Advances in Neural Information Processing Systems 6 (NIPS)},
  editor = {Cowan, J. and Tesauro, G. and Alspector, J.},
  month = {November},
  note = {<https://proceedings.neurips.cc/paper_files/paper/1993/file/82489c9737cc245530c7a6ebef3753ec-Paper.pdf>},
  openalex = {W2102836637},
  publisher = {Morgan-Kaufmann},
  series = {Conference Track Proceedings},
  title = {Recognition-based Segmentation of On-Line Cursive Handwriting},
  volume = {6},
  year = {1993}
}

@inproceedings{french1993catastrophic,
  address = {Denver, Colorado, USA},
  author = {French, Robert},
  booktitle = {Advances in Neural Information Processing Systems 6 (NIPS)},
  editor = {Cowan, J. and Tesauro, G. and Alspector, J.},
  month = {November},
  note = {<https://proceedings.neurips.cc/paper_files/paper/1993/file/28267ab848bcf807b2ed53c3a8f8fc8a-Paper.pdf>},
  openalex = {W2159246181},
  publisher = {Morgan-Kaufmann},
  series = {Conference Track Proceedings},
  title = {Catastrophic interference in connectionist networks: Can It Be predicted, can It be prevented?},
  volume = {6},
  year = {1993}
}

@inproceedings{fritzke1993supervised,
  address = {Denver, Colorado, USA},
  author = {Fritzke, Bernd},
  booktitle = {Advances in Neural Information Processing Systems 6 (NIPS)},
  editor = {Cowan, J. and Tesauro, G. and Alspector, J.},
  month = {November},
  note = {<https://proceedings.neurips.cc/paper_files/paper/1993/file/df7f28ac89ca37bf1abd2f6c184fe1cf-Paper.pdf>},
  openalex = {W2126598917},
  publisher = {Morgan-Kaufmann},
  series = {Conference Track Proceedings},
  title = {Supervised Learning with Growing Cell Structures},
  volume = {6},
  year = {1993}
}

@inproceedings{garzon1993observability,
  address = {Denver, Colorado, USA},
  author = {Garzon, Max and Botelho, Fernanda},
  booktitle = {Advances in Neural Information Processing Systems 6 (NIPS)},
  editor = {Cowan, J. and Tesauro, G. and Alspector, J.},
  month = {November},
  note = {<https://proceedings.neurips.cc/paper_files/paper/1993/file/d58072be2820e8682c0a27c0518e805e-Paper.pdf>},
  openalex = {W2104209250},
  publisher = {Morgan-Kaufmann},
  series = {Conference Track Proceedings},
  title = {Observability of Neural Network Behavior},
  volume = {6},
  year = {1993}
}

@inproceedings{garzon1993stability,
  address = {Denver, Colorado, USA},
  author = {Garzon, Max and Botelho, Fernanda},
  booktitle = {Advances in Neural Information Processing Systems 6 (NIPS)},
  editor = {Cowan, J. and Tesauro, G. and Alspector, J.},
  month = {November},
  note = {<https://proceedings.neurips.cc/paper_files/paper/1993/file/e995f98d56967d946471af29d7bf99f1-Paper.pdf>},
  openalex = {W2134795035},
  publisher = {Morgan-Kaufmann},
  series = {Conference Track Proceedings},
  title = {Stability and Observability},
  volume = {6},
  year = {1993}
}

@inproceedings{gerstner1993to,
  address = {Denver, Colorado, USA},
  author = {Gerstner, Wulfram and van Hemmen, J.},
  booktitle = {Advances in Neural Information Processing Systems 6 (NIPS)},
  editor = {Cowan, J. and Tesauro, G. and Alspector, J.},
  month = {November},
  note = {<https://proceedings.neurips.cc/paper_files/paper/1993/file/1efa39bcaec6f3900149160693694536-Paper.pdf>},
  openalex = {W2120023793},
  publisher = {Morgan-Kaufmann},
  series = {Conference Track Proceedings},
  title = {How to Describe Neuronal Activity: Spikes, Rates, or Assemblies?},
  volume = {6},
  year = {1993}
}

@inproceedings{ghahramani1993supervised,
  address = {Denver, Colorado, USA},
  author = {Ghahramani, Zoubin and Jordan, Michael},
  booktitle = {Advances in Neural Information Processing Systems 6 (NIPS)},
  editor = {Cowan, J. and Tesauro, G. and Alspector, J.},
  month = {November},
  note = {<https://proceedings.neurips.cc/paper_files/paper/1993/file/f2201f5191c4e92cc5af043eebfd0946-Paper.pdf>},
  openalex = {W2128221272},
  publisher = {Morgan-Kaufmann},
  series = {Conference Track Proceedings},
  title = {Supervised learning from incomplete data via an EM approach},
  volume = {6},
  year = {1993}
}

@inproceedings{ghisellicrippa1993emergence,
  address = {Denver, Colorado, USA},
  author = {Ghiselli-Crippa, Thea and Munro, Paul},
  booktitle = {Advances in Neural Information Processing Systems 6 (NIPS)},
  editor = {Cowan, J. and Tesauro, G. and Alspector, J.},
  month = {November},
  note = {<https://proceedings.neurips.cc/paper_files/paper/1993/file/22ac3c5a5bf0b520d281c122d1490650-Paper.pdf>},
  openalex = {W2117869415},
  publisher = {Morgan-Kaufmann},
  series = {Conference Track Proceedings},
  title = {Emergence of Global Structure from Local Associations},
  volume = {6},
  year = {1993}
}

@inproceedings{ginzburg1993combined,
  address = {Denver, Colorado, USA},
  author = {Ginzburg, Iris and Horn, David},
  booktitle = {Advances in Neural Information Processing Systems 6 (NIPS)},
  editor = {Cowan, J. and Tesauro, G. and Alspector, J.},
  month = {November},
  note = {<https://proceedings.neurips.cc/paper_files/paper/1993/file/677e09724f0e2df9b6c000b75b5da10d-Paper.pdf>},
  openalex = {W2171786406},
  publisher = {Morgan-Kaufmann},
  series = {Conference Track Proceedings},
  title = {Combined Neural Networks for Time Series Analysis},
  volume = {6},
  year = {1993}
}

@inproceedings{ginzburg1993correlation,
  address = {Denver, Colorado, USA},
  author = {Ginzburg, Iris and Sompolinsky, Haim},
  booktitle = {Advances in Neural Information Processing Systems 6 (NIPS)},
  editor = {Cowan, J. and Tesauro, G. and Alspector, J.},
  month = {November},
  note = {<https://proceedings.neurips.cc/paper_files/paper/1993/file/f7e9050c92a851b0016442ab604b0488-Paper.pdf>},
  openalex = {W2125534101},
  publisher = {Morgan-Kaufmann},
  series = {Conference Track Proceedings},
  title = {Correlation Functions in a Large Stochastic Neural Network},
  volume = {6},
  year = {1993}
}

@inproceedings{glover1993massively,
  address = {Denver, Colorado, USA},
  author = {Glover, Michael and Miller, W.},
  booktitle = {Advances in Neural Information Processing Systems 6 (NIPS)},
  editor = {Cowan, J. and Tesauro, G. and Alspector, J.},
  month = {November},
  note = {<https://proceedings.neurips.cc/paper_files/paper/1993/file/50c3d7614917b24303ee6a220679dab3-Paper.pdf>},
  openalex = {W2149588176},
  publisher = {Morgan-Kaufmann},
  series = {Conference Track Proceedings},
  title = {A Massively-Parallel SIMD Processor for Neural Network and Machine Vision Applications},
  volume = {6},
  year = {1993}
}

@inproceedings{gluck1993does,
  address = {Denver, Colorado, USA},
  author = {Gluck, Mark},
  booktitle = {Advances in Neural Information Processing Systems 6 (NIPS)},
  editor = {Cowan, J. and Tesauro, G. and Alspector, J.},
  month = {November},
  note = {<https://proceedings.neurips.cc/paper_files/paper/1993/file/6c29793a140a811d0c45ce03c1c93a28-Paper.pdf>},
  openalex = {W2098951378},
  publisher = {Morgan-Kaufmann},
  series = {Conference Track Proceedings},
  title = {What Does the Hippocampus Compute?: A Precis of the 1993 NIPS Workshop},
  volume = {6},
  year = {1993}
}

@inproceedings{gold1993clustering,
  address = {Denver, Colorado, USA},
  author = {Gold, Steven and Mjolsness, Eric and Rangarajan, Anand},
  booktitle = {Advances in Neural Information Processing Systems 6 (NIPS)},
  editor = {Cowan, J. and Tesauro, G. and Alspector, J.},
  month = {November},
  note = {<https://proceedings.neurips.cc/paper_files/paper/1993/file/f9028faec74be6ec9b852b0a542e2f39-Paper.pdf>},
  openalex = {W2133003874},
  publisher = {Morgan-Kaufmann},
  series = {Conference Track Proceedings},
  title = {Clustering with a Domain-Specific Distance Measure},
  volume = {6},
  year = {1993}
}

@inproceedings{graf1993address,
  address = {Denver, Colorado, USA},
  author = {Graf, Hans and Cosatto, Eric},
  booktitle = {Advances in Neural Information Processing Systems 6 (NIPS)},
  editor = {Cowan, J. and Tesauro, G. and Alspector, J.},
  month = {November},
  note = {<https://proceedings.neurips.cc/paper_files/paper/1993/file/67d96d458abdef21792e6d8e590244e7-Paper.pdf>},
  publisher = {Morgan-Kaufmann},
  series = {Conference Track Proceedings},
  title = {Address Block Location with a Neural Net System},
  volume = {6},
  year = {1993}
}

@inproceedings{greenspan1993learning,
  address = {Denver, Colorado, USA},
  author = {Greenspan, Hayit},
  booktitle = {Advances in Neural Information Processing Systems 6 (NIPS)},
  editor = {Cowan, J. and Tesauro, G. and Alspector, J.},
  month = {November},
  note = {<https://proceedings.neurips.cc/paper_files/paper/1993/file/beb22fb694d513edcf5533cf006dfeae-Paper.pdf>},
  publisher = {Morgan-Kaufmann},
  series = {Conference Track Proceedings},
  title = {Learning in Computer Vision and Image Understanding},
  volume = {6},
  year = {1993}
}

@inproceedings{grossman1993use,
  address = {Denver, Colorado, USA},
  author = {Grossman, Tal and Lapedes, Alan},
  booktitle = {Advances in Neural Information Processing Systems 6 (NIPS)},
  editor = {Cowan, J. and Tesauro, G. and Alspector, J.},
  month = {November},
  note = {<https://proceedings.neurips.cc/paper_files/paper/1993/file/1905aedab9bf2477edc068a355bba31a-Paper.pdf>},
  openalex = {W2235280489},
  publisher = {Morgan-Kaufmann},
  series = {Conference Track Proceedings},
  title = {Use of Bad Training Data for Better Predictions},
  volume = {6},
  year = {1993}
}

@inproceedings{gullapalli1993convergence,
  address = {Denver, Colorado, USA},
  author = {Gullapalli, Vijaykumar and Barto, Andrew},
  booktitle = {Advances in Neural Information Processing Systems 6 (NIPS)},
  editor = {Cowan, J. and Tesauro, G. and Alspector, J.},
  month = {November},
  note = {<https://proceedings.neurips.cc/paper_files/paper/1993/file/86b122d4358357d834a87ce618a55de0-Paper.pdf>},
  openalex = {W2118219918},
  publisher = {Morgan-Kaufmann},
  series = {Conference Track Proceedings},
  title = {Convergence of Indirect Adaptive Asynchronous Value Iteration Algorithms},
  volume = {6},
  year = {1993}
}

@inproceedings{guzik1993directional,
  address = {Denver, Colorado, USA},
  author = {Guzik, Audrey and Eaton, Robert},
  booktitle = {Advances in Neural Information Processing Systems 6 (NIPS)},
  editor = {Cowan, J. and Tesauro, G. and Alspector, J.},
  month = {November},
  note = {<https://proceedings.neurips.cc/paper_files/paper/1993/file/da8ce53cf0240070ce6c69c48cd588ee-Paper.pdf>},
  openalex = {W2154643487},
  publisher = {Morgan-Kaufmann},
  series = {Conference Track Proceedings},
  title = {Directional Hearing by the Mauthner System},
  volume = {6},
  year = {1993}
}

@inproceedings{hassibi1993hoo,
  address = {Denver, Colorado, USA},
  author = {Hassibi, Babak and Sayed, Ali H and Kailath, Thomas},
  booktitle = {Advances in Neural Information Processing Systems 6 (NIPS)},
  editor = {Cowan, J. and Tesauro, G. and Alspector, J.},
  month = {November},
  note = {<https://proceedings.neurips.cc/paper_files/paper/1993/file/71ad16ad2c4d81f348082ff6c4b20768-Paper.pdf>},
  openalex = {W2128668667},
  publisher = {Morgan-Kaufmann},
  series = {Conference Track Proceedings},
  title = {Hoo Optimality Criteria for LMS and Backpropagation},
  volume = {6},
  year = {1993}
}

@inproceedings{hassibi1993optimal,
  address = {Denver, Colorado, USA},
  author = {Hassibi, Babak and Stork, David and Wolff, Gregory},
  booktitle = {Advances in Neural Information Processing Systems 6 (NIPS)},
  editor = {Cowan, J. and Tesauro, G. and Alspector, J.},
  month = {November},
  note = {<https://proceedings.neurips.cc/paper_files/paper/1993/file/b056eb1587586b71e2da9acfe4fbd19e-Paper.pdf>},
  openalex = {W2141155619},
  publisher = {Morgan-Kaufmann},
  series = {Conference Track Proceedings},
  title = {Optimal Brain Surgeon: Extensions and performance comparisons},
  volume = {6},
  year = {1993}
}

@inproceedings{hildebrandt1993functional,
  address = {Denver, Colorado, USA},
  author = {Hildebrandt, Thomas},
  booktitle = {Advances in Neural Information Processing Systems 6 (NIPS)},
  editor = {Cowan, J. and Tesauro, G. and Alspector, J.},
  month = {November},
  note = {<https://proceedings.neurips.cc/paper_files/paper/1993/file/e0cf1f47118daebc5b16269099ad7347-Paper.pdf>},
  openalex = {W2151871305},
  publisher = {Morgan-Kaufmann},
  series = {Conference Track Proceedings},
  title = {Functional Models of Selective Attention and Context Dependency},
  volume = {6},
  year = {1993}
}

@inproceedings{hinton1993autoencoders,
  address = {Denver, Colorado, USA},
  author = {Hinton, Geoffrey E and Zemel, Richard},
  booktitle = {Advances in Neural Information Processing Systems 6 (NIPS)},
  editor = {Cowan, J. and Tesauro, G. and Alspector, J.},
  month = {November},
  note = {<https://proceedings.neurips.cc/paper_files/paper/1993/file/9e3cfc48eccf81a0d57663e129aef3cb-Paper.pdf>},
  openalex = {W2102409316},
  publisher = {Morgan-Kaufmann},
  series = {Conference Track Proceedings},
  title = {Autoencoders, Minimum Description Length and Helmholtz Free Energy},
  volume = {6},
  year = {1993}
}

@inproceedings{hirayama1993inverse,
  address = {Denver, Colorado, USA},
  author = {Hirayama, Makoto and Vatikiotis-Bateson, Eric and Kawato, Mitsuo},
  booktitle = {Advances in Neural Information Processing Systems 6 (NIPS)},
  editor = {Cowan, J. and Tesauro, G. and Alspector, J.},
  month = {November},
  note = {<https://proceedings.neurips.cc/paper_files/paper/1993/file/912d2b1c7b2826caf99687388d2e8f7c-Paper.pdf>},
  openalex = {W2136654058},
  publisher = {Morgan-Kaufmann},
  series = {Conference Track Proceedings},
  title = {Inverse Dynamics of Speech Motor Control},
  volume = {6},
  year = {1993}
}

@inproceedings{horiuchi1993analog,
  address = {Denver, Colorado, USA},
  author = {Horiuchi, Timothy and Bishofberger, Brooks and Koch, Christof},
  booktitle = {Advances in Neural Information Processing Systems 6 (NIPS)},
  editor = {Cowan, J. and Tesauro, G. and Alspector, J.},
  month = {November},
  note = {<https://proceedings.neurips.cc/paper_files/paper/1993/file/8c6744c9d42ec2cb9e8885b54ff744d0-Paper.pdf>},
  openalex = {W2133700812},
  publisher = {Morgan-Kaufmann},
  series = {Conference Track Proceedings},
  title = {An Analog VLSI Saccadic Eye Movement System},
  volume = {6},
  year = {1993}
}

@inproceedings{horne1993bounds,
  address = {Denver, Colorado, USA},
  author = {Horne, Bill and Hush, Don},
  booktitle = {Advances in Neural Information Processing Systems 6 (NIPS)},
  editor = {Cowan, J. and Tesauro, G. and Alspector, J.},
  month = {November},
  note = {<https://proceedings.neurips.cc/paper_files/paper/1993/file/afda332245e2af431fb7b672a68b659d-Paper.pdf>},
  openalex = {W1971476487},
  publisher = {Morgan-Kaufmann},
  series = {Conference Track Proceedings},
  title = {Bounds on the complexity of recurrent neural network implementations of finite state machines},
  volume = {6},
  year = {1993}
}

@inproceedings{jaakkola1993convergence,
  address = {Denver, Colorado, USA},
  author = {Jaakkola, Tommi and Jordan, Michael and Singh, Satinder},
  booktitle = {Advances in Neural Information Processing Systems 6 (NIPS)},
  editor = {Cowan, J. and Tesauro, G. and Alspector, J.},
  month = {November},
  note = {<https://proceedings.neurips.cc/paper_files/paper/1993/file/5807a685d1a9ab3b599035bc566ce2b9-Paper.pdf>},
  openalex = {W2165131254},
  publisher = {Morgan-Kaufmann},
  series = {Conference Track Proceedings},
  title = {Convergence of Stochastic Iterative Dynamic Programming Algorithms},
  volume = {6},
  year = {1993}
}

@inproceedings{jagota1993neural,
  address = {Denver, Colorado, USA},
  author = {Jagota, Arun},
  booktitle = {Advances in Neural Information Processing Systems 6 (NIPS)},
  editor = {Cowan, J. and Tesauro, G. and Alspector, J.},
  month = {November},
  note = {<https://proceedings.neurips.cc/paper_files/paper/1993/file/6f2268bd1d3d3ebaabb04d6b5d099425-Paper.pdf>},
  publisher = {Morgan-Kaufmann},
  series = {Conference Track Proceedings},
  title = {Neural Network Methods for Optimization Problems},
  volume = {6},
  year = {1993}
}

@inproceedings{ji1993generalization,
  address = {Denver, Colorado, USA},
  author = {Ji, Chuanyi},
  booktitle = {Advances in Neural Information Processing Systems 6 (NIPS)},
  editor = {Cowan, J. and Tesauro, G. and Alspector, J.},
  month = {November},
  note = {<https://proceedings.neurips.cc/paper_files/paper/1993/file/670e8a43b246801ca1eaca97b3e19189-Paper.pdf>},
  openalex = {W2129496809},
  publisher = {Morgan-Kaufmann},
  series = {Conference Track Proceedings},
  title = {Generalization Error and the Expected Network Complexity},
  volume = {6},
  year = {1993}
}

@inproceedings{kambhatla1993fast,
  address = {Denver, Colorado, USA},
  author = {Kambhatla, Nanda and Leen, Todd},
  booktitle = {Advances in Neural Information Processing Systems 6 (NIPS)},
  editor = {Cowan, J. and Tesauro, G. and Alspector, J.},
  month = {November},
  note = {<https://proceedings.neurips.cc/paper_files/paper/1993/file/d554f7bb7be44a7267068a7df88ddd20-Paper.pdf>},
  publisher = {Morgan-Kaufmann},
  series = {Conference Track Proceedings},
  title = {Fast Non-Linear Dimension Reduction},
  volume = {6},
  year = {1993}
}

@inproceedings{kamimura1993generation,
  address = {Denver, Colorado, USA},
  author = {Kamimura, Ryotaro},
  booktitle = {Advances in Neural Information Processing Systems 6 (NIPS)},
  editor = {Cowan, J. and Tesauro, G. and Alspector, J.},
  month = {November},
  note = {<https://proceedings.neurips.cc/paper_files/paper/1993/file/98d6f58ab0dafbb86b083a001561bb34-Paper.pdf>},
  openalex = {W2155248771},
  publisher = {Morgan-Kaufmann},
  series = {Conference Track Proceedings},
  title = {Generation of Internal Representation by α-Transformation},
  volume = {6},
  year = {1993}
}

@inproceedings{karunanithi1993identifying,
  address = {Denver, Colorado, USA},
  author = {Karunanithi, N.},
  booktitle = {Advances in Neural Information Processing Systems 6 (NIPS)},
  editor = {Cowan, J. and Tesauro, G. and Alspector, J.},
  month = {November},
  note = {<https://proceedings.neurips.cc/paper_files/paper/1993/file/2e65f2f2fdaf6c699b223c61b1b5ab89-Paper.pdf>},
  openalex = {W2103364859},
  publisher = {Morgan-Kaufmann},
  series = {Conference Track Proceedings},
  title = {Identifying Fault-Prone Software Modules Using Feed-Forward Networks: A Case Study},
  volume = {6},
  year = {1993}
}

@inproceedings{keymeulen1993comparison,
  address = {Denver, Colorado, USA},
  author = {Keymeulen, Didier and de Gerlache, Martine},
  booktitle = {Advances in Neural Information Processing Systems 6 (NIPS)},
  editor = {Cowan, J. and Tesauro, G. and Alspector, J.},
  month = {November},
  note = {<https://proceedings.neurips.cc/paper_files/paper/1993/file/aeb3135b436aa55373822c010763dd54-Paper.pdf>},
  openalex = {W2099528334},
  publisher = {Morgan-Kaufmann},
  series = {Conference Track Proceedings},
  title = {Comparison Training for a Rescheduling Problem in Neural Networks},
  volume = {6},
  year = {1993}
}

@inproceedings{kirkpatrick1993statistical,
  address = {Denver, Colorado, USA},
  author = {Kirkpatrick, Scott and Györgyi, Géza and Tishby, Naftali and Troyansky, Lidror},
  booktitle = {Advances in Neural Information Processing Systems 6 (NIPS)},
  editor = {Cowan, J. and Tesauro, G. and Alspector, J.},
  month = {November},
  note = {<https://proceedings.neurips.cc/paper_files/paper/1993/file/a5cdd4aa0048b187f7182f1b9ce7a6a7-Paper.pdf>},
  openalex = {W2142971622},
  publisher = {Morgan-Kaufmann},
  series = {Conference Track Proceedings},
  title = {The Statistical Mechanics of k-Satisfaction},
  volume = {6},
  year = {1993}
}

@inproceedings{kolen1993fool,
  address = {Denver, Colorado, USA},
  author = {Kolen, John},
  booktitle = {Advances in Neural Information Processing Systems 6 (NIPS)},
  editor = {Cowan, J. and Tesauro, G. and Alspector, J.},
  month = {November},
  note = {<https://proceedings.neurips.cc/paper_files/paper/1993/file/470e7a4f017a5476afb7eeb3f8b96f9b-Paper.pdf>},
  openalex = {W2167378781},
  publisher = {Morgan-Kaufmann},
  series = {Conference Track Proceedings},
  title = {Fool's Gold: Extracting Finite State Machines from Recurrent Network Dynamics},
  volume = {6},
  year = {1993}
}

@inproceedings{kowalczyk1993counting,
  address = {Denver, Colorado, USA},
  author = {Kowalczyk, Adam},
  booktitle = {Advances in Neural Information Processing Systems 6 (NIPS)},
  editor = {Cowan, J. and Tesauro, G. and Alspector, J.},
  month = {November},
  note = {<https://proceedings.neurips.cc/paper_files/paper/1993/file/df263d996281d984952c07998dc54358-Paper.pdf>},
  openalex = {W2134941668},
  publisher = {Morgan-Kaufmann},
  series = {Conference Track Proceedings},
  title = {Counting function theorem for multi-layer networks},
  volume = {6},
  year = {1993}
}

@inproceedings{lapedes1993neural,
  address = {Denver, Colorado, USA},
  author = {Lapedes, Alan and Steeg, Evan and Farber, Robert},
  booktitle = {Advances in Neural Information Processing Systems 6 (NIPS)},
  editor = {Cowan, J. and Tesauro, G. and Alspector, J.},
  month = {November},
  note = {<https://proceedings.neurips.cc/paper_files/paper/1993/file/bf62768ca46b6c3b5bea9515d1a1fc45-Paper.pdf>},
  openalex = {W2138799519},
  publisher = {Morgan-Kaufmann},
  series = {Conference Track Proceedings},
  title = {Neural Network Definitions of Highly Predictable Protein Secondary Structure Classes},
  volume = {6},
  year = {1993}
}

@inproceedings{leen1993optimal,
  address = {Denver, Colorado, USA},
  author = {Leen, Todd and Orr, Genevieve},
  booktitle = {Advances in Neural Information Processing Systems 6 (NIPS)},
  editor = {Cowan, J. and Tesauro, G. and Alspector, J.},
  month = {November},
  note = {<https://proceedings.neurips.cc/paper_files/paper/1993/file/e57c6b956a6521b28495f2886ca0977a-Paper.pdf>},
  publisher = {Morgan-Kaufmann},
  series = {Conference Track Proceedings},
  title = {Optimal Stochastic Search and Adaptive Momentum},
  volume = {6},
  year = {1993}
}

@inproceedings{leerink1993constructive,
  address = {Denver, Colorado, USA},
  author = {Leerink, Laurens and Jabri, Marwan},
  booktitle = {Advances in Neural Information Processing Systems 6 (NIPS)},
  editor = {Cowan, J. and Tesauro, G. and Alspector, J.},
  month = {November},
  note = {<https://proceedings.neurips.cc/paper_files/paper/1993/file/1141938ba2c2b13f5505d7c424ebae5f-Paper.pdf>},
  openalex = {W2145586232},
  publisher = {Morgan-Kaufmann},
  series = {Conference Track Proceedings},
  title = {Constructive Learning Using Internal Representation Conflicts},
  volume = {6},
  year = {1993}
}

@inproceedings{levin1993fast,
  address = {Denver, Colorado, USA},
  author = {Levin, Asriel and Leen, Todd and Moody, John},
  booktitle = {Advances in Neural Information Processing Systems 6 (NIPS)},
  editor = {Cowan, J. and Tesauro, G. and Alspector, J.},
  month = {November},
  note = {<https://proceedings.neurips.cc/paper_files/paper/1993/file/872488f88d1b2db54d55bc8bba2fad1b-Paper.pdf>},
  publisher = {Morgan-Kaufmann},
  series = {Conference Track Proceedings},
  title = {Fast Pruning Using Principal Components},
  volume = {6},
  year = {1993}
}

@inproceedings{lewicki1993bayesian,
  address = {Denver, Colorado, USA},
  author = {Lewicki, Michael},
  booktitle = {Advances in Neural Information Processing Systems 6 (NIPS)},
  editor = {Cowan, J. and Tesauro, G. and Alspector, J.},
  month = {November},
  note = {<https://proceedings.neurips.cc/paper_files/paper/1993/file/f1c1592588411002af340cbaedd6fc33-Paper.pdf>},
  openalex = {W2025462430},
  publisher = {Morgan-Kaufmann},
  series = {Conference Track Proceedings},
  title = {Bayesian Modeling and Classification of Neural Signals},
  volume = {6},
  year = {1993}
}

@inproceedings{linster1993odor,
  address = {Denver, Colorado, USA},
  author = {Linster, Christiane and Marsan, David and Masson, Claudine and Kerszberg, Michel},
  booktitle = {Advances in Neural Information Processing Systems 6 (NIPS)},
  editor = {Cowan, J. and Tesauro, G. and Alspector, J.},
  month = {November},
  note = {<https://proceedings.neurips.cc/paper_files/paper/1993/file/959a557f5f6beb411fd954f3f34b21c3-Paper.pdf>},
  openalex = {W2138442796},
  publisher = {Morgan-Kaufmann},
  series = {Conference Track Proceedings},
  title = {Odor Processing in the Bee: A Preliminary Study of the Role of Central Input to the Antennal Lobe},
  volume = {6},
  year = {1993}
}

@inproceedings{liu1993robust,
  address = {Denver, Colorado, USA},
  author = {Liu, Yong},
  booktitle = {Advances in Neural Information Processing Systems 6 (NIPS)},
  editor = {Cowan, J. and Tesauro, G. and Alspector, J.},
  month = {November},
  note = {<https://proceedings.neurips.cc/paper_files/paper/1993/file/35cf8659cfcb13224cbd47863a34fc58-Paper.pdf>},
  openalex = {W2110301375},
  publisher = {Morgan-Kaufmann},
  series = {Conference Track Proceedings},
  title = {Robust Parameter Estimation and Model Selection for Neural Network Regression},
  volume = {6},
  year = {1993}
}

@inproceedings{lu1993two,
  address = {Denver, Colorado, USA},
  author = {Lu, Chien-Ping and Mjolsness, Eric},
  booktitle = {Advances in Neural Information Processing Systems 6 (NIPS)},
  editor = {Cowan, J. and Tesauro, G. and Alspector, J.},
  month = {November},
  note = {<https://proceedings.neurips.cc/paper_files/paper/1993/file/ca8155f4d27f205953f9d3d7974bdd70-Paper.pdf>},
  openalex = {W2137397854},
  publisher = {Morgan-Kaufmann},
  series = {Conference Track Proceedings},
  title = {Two-Dimensional Object Localization by Coarse-to-Fine Correlation Matching},
  volume = {6},
  year = {1993}
}

@inproceedings{maass1993agnostic,
  address = {Denver, Colorado, USA},
  author = {Maass, Wolfgang},
  booktitle = {Advances in Neural Information Processing Systems 6 (NIPS)},
  editor = {Cowan, J. and Tesauro, G. and Alspector, J.},
  month = {November},
  note = {<https://proceedings.neurips.cc/paper_files/paper/1993/file/b0b183c207f46f0cca7dc63b2604f5cc-Paper.pdf>},
  openalex = {W2124076322},
  publisher = {Morgan-Kaufmann},
  series = {Conference Track Proceedings},
  title = {Agnostic PAC-Learning of Functions on Analog Neural Nets},
  volume = {6},
  year = {1993}
}

@inproceedings{maltenfort1993lower,
  address = {Denver, Colorado, USA},
  author = {Maltenfort, Mitchell and Druzinsky, Robert and Heckman, C. and Rymer, W.},
  booktitle = {Advances in Neural Information Processing Systems 6 (NIPS)},
  editor = {Cowan, J. and Tesauro, G. and Alspector, J.},
  month = {November},
  note = {<https://proceedings.neurips.cc/paper_files/paper/1993/file/2823f4797102ce1a1aec05359cc16dd9-Paper.pdf>},
  openalex = {W2111117992},
  publisher = {Morgan-Kaufmann},
  series = {Conference Track Proceedings},
  title = {Lower Boundaries of Motoneuron Desynchronization via Renshaw Interneurons},
  volume = {6},
  year = {1993}
}

@inproceedings{mangasarian1993backpropagation,
  address = {Denver, Colorado, USA},
  author = {Mangasarian, O. L. and Solodov, M. V.},
  booktitle = {Advances in Neural Information Processing Systems 6 (NIPS)},
  editor = {Cowan, J. and Tesauro, G. and Alspector, J.},
  month = {November},
  note = {<https://proceedings.neurips.cc/paper_files/paper/1993/file/4558dbb6f6f8bb2e16d03b85bde76e2c-Paper.pdf>},
  openalex = {W2160257547},
  publisher = {Morgan-Kaufmann},
  series = {Conference Track Proceedings},
  title = {Backpropagation Convergence Via Deterministic Nonmonotone Perturbed Minimization},
  volume = {6},
  year = {1993}
}

@inproceedings{marder1993dynamic,
  address = {Denver, Colorado, USA},
  author = {Marder, Eve},
  booktitle = {Advances in Neural Information Processing Systems 6 (NIPS)},
  editor = {Cowan, J. and Tesauro, G. and Alspector, J.},
  month = {November},
  note = {<https://proceedings.neurips.cc/paper_files/paper/1993/file/a8e864d04c95572d1aece099af852d0a-Paper.pdf>},
  openalex = {W2161743565},
  publisher = {Morgan-Kaufmann},
  series = {Conference Track Proceedings},
  title = {Dynamic Modulation of Neurons and Networks},
  volume = {6},
  year = {1993}
}

@inproceedings{maron1993hoeffding,
  address = {Denver, Colorado, USA},
  author = {Maron, Oded and Moore, Andrew},
  booktitle = {Advances in Neural Information Processing Systems 6 (NIPS)},
  editor = {Cowan, J. and Tesauro, G. and Alspector, J.},
  month = {November},
  note = {<https://proceedings.neurips.cc/paper_files/paper/1993/file/02a32ad2669e6fe298e607fe7cc0e1a0-Paper.pdf>},
  openalex = {W2165962877},
  publisher = {Morgan-Kaufmann},
  series = {Conference Track Proceedings},
  title = {Hoeffding Races: Accelerating Model Selection Search for Classification and Function Approximation},
  volume = {6},
  year = {1993}
}

@inproceedings{meilijson1993optimal,
  address = {Denver, Colorado, USA},
  author = {Meilijson, Isaac and Ruppin, Eytan},
  booktitle = {Advances in Neural Information Processing Systems 6 (NIPS)},
  editor = {Cowan, J. and Tesauro, G. and Alspector, J.},
  month = {November},
  note = {<https://proceedings.neurips.cc/paper_files/paper/1993/file/d5cfead94f5350c12c322b5b664544c1-Paper.pdf>},
  openalex = {W2130261842},
  publisher = {Morgan-Kaufmann},
  series = {Conference Track Proceedings},
  title = {Optimal Signalling in Attractor Neural Networks},
  volume = {6},
  year = {1993}
}

@inproceedings{mhaskar1993to,
  address = {Denver, Colorado, USA},
  author = {Mhaskar, H. N. and Micchelli, C. A.},
  booktitle = {Advances in Neural Information Processing Systems 6 (NIPS)},
  editor = {Cowan, J. and Tesauro, G. and Alspector, J.},
  month = {November},
  note = {<https://proceedings.neurips.cc/paper_files/paper/1993/file/51ef186e18dc00c2d31982567235c559-Paper.pdf>},
  openalex = {W2133545078},
  publisher = {Morgan-Kaufmann},
  series = {Conference Track Proceedings},
  title = {How to Choose an Activation Function},
  volume = {6},
  year = {1993}
}

@inproceedings{mitchell1993will,
  address = {Denver, Colorado, USA},
  author = {Mitchell, Melanie and Holland, John and Forrest, Stephanie},
  booktitle = {Advances in Neural Information Processing Systems 6 (NIPS)},
  editor = {Cowan, J. and Tesauro, G. and Alspector, J.},
  month = {November},
  note = {<https://proceedings.neurips.cc/paper_files/paper/1993/file/ab88b15733f543179858600245108dd8-Paper.pdf>},
  openalex = {W2166897600},
  publisher = {Morgan-Kaufmann},
  series = {Conference Track Proceedings},
  title = {When will a Genetic Algorithm Outperform Hill Climbing},
  volume = {6},
  year = {1993}
}

@inproceedings{montague1993foraging,
  address = {Denver, Colorado, USA},
  author = {Montague, P. and Dayan, Peter and Sejnowski, Terrence J.},
  booktitle = {Advances in Neural Information Processing Systems 6 (NIPS)},
  editor = {Cowan, J. and Tesauro, G. and Alspector, J.},
  month = {November},
  note = {<https://proceedings.neurips.cc/paper_files/paper/1993/file/7a53928fa4dd31e82c6ef826f341daec-Paper.pdf>},
  openalex = {W2149303034},
  publisher = {Morgan-Kaufmann},
  series = {Conference Track Proceedings},
  title = {Foraging in an Uncertain Environment Using Predictive Hebbian Learning},
  volume = {6},
  year = {1993}
}

@inproceedings{moore1993parti,
  address = {Denver, Colorado, USA},
  author = {Moore, Andrew},
  booktitle = {Advances in Neural Information Processing Systems 6 (NIPS)},
  editor = {Cowan, J. and Tesauro, G. and Alspector, J.},
  month = {November},
  note = {<https://proceedings.neurips.cc/paper_files/paper/1993/file/e94550c93cd70fe748e6982b3439ad3b-Paper.pdf>},
  openalex = {W4231226883},
  publisher = {Morgan-Kaufmann},
  series = {Conference Track Proceedings},
  title = {The Parti-Game Algorithm for Variable Resolution Reinforcement Learning in Multidimensional State-Spaces},
  volume = {6},
  year = {1993}
}

@inproceedings{movellan1993local,
  address = {Denver, Colorado, USA},
  author = {Movellan, Javier},
  booktitle = {Advances in Neural Information Processing Systems 6 (NIPS)},
  editor = {Cowan, J. and Tesauro, G. and Alspector, J.},
  month = {November},
  note = {<https://proceedings.neurips.cc/paper_files/paper/1993/file/185e65bc40581880c4f2c82958de8cfe-Paper.pdf>},
  openalex = {W2160918807},
  publisher = {Morgan-Kaufmann},
  series = {Conference Track Proceedings},
  title = {A Local Algorithm to Learn Trajectories with Stochastic Neural Networks},
  volume = {6},
  year = {1993}
}

@inproceedings{muller1993high,
  address = {Denver, Colorado, USA},
  author = {Müller, Urs A. and Kocheisen, Michael and Gunzinger, Anton},
  booktitle = {Advances in Neural Information Processing Systems 6 (NIPS)},
  editor = {Cowan, J. and Tesauro, G. and Alspector, J.},
  month = {November},
  note = {<https://proceedings.neurips.cc/paper_files/paper/1993/file/59c33016884a62116be975a9bb8257e3-Paper.pdf>},
  openalex = {W2167212012},
  publisher = {Morgan-Kaufmann},
  series = {Conference Track Proceedings},
  title = {High Performance Neural Net Simulation on a Multiprocessor System with "Intelligent" Communication},
  volume = {6},
  year = {1993}
}

@inproceedings{murray1993digital,
  address = {Denver, Colorado, USA},
  author = {Murray, Michael and Leung, Ming-Tak and Boonyanit, Kan and Kritayakirana, Kong and Burg, James and Wolff, Gregory and Watanabe, Tokahiro and Schwartz, Edward and Stork, David and Peterson, Allen M.},
  booktitle = {Advances in Neural Information Processing Systems 6 (NIPS)},
  editor = {Cowan, J. and Tesauro, G. and Alspector, J.},
  month = {November},
  note = {<https://proceedings.neurips.cc/paper_files/paper/1993/file/1fc214004c9481e4c8073e85323bfd4b-Paper.pdf>},
  openalex = {W2104628291},
  publisher = {Morgan-Kaufmann},
  series = {Conference Track Proceedings},
  title = {Digital Boltzmann VLSI for constraint satisfaction and learning},
  volume = {6},
  year = {1993}
}

@inproceedings{najafi1993adaptive,
  address = {Denver, Colorado, USA},
  author = {Najafi, Hossein L. and Cherkassky, Vladimir},
  booktitle = {Advances in Neural Information Processing Systems 6 (NIPS)},
  editor = {Cowan, J. and Tesauro, G. and Alspector, J.},
  month = {November},
  note = {<https://proceedings.neurips.cc/paper_files/paper/1993/file/f0adc8838f4bdedde4ec2cfad0515589-Paper.pdf>},
  openalex = {W2137863930},
  publisher = {Morgan-Kaufmann},
  series = {Conference Track Proceedings},
  title = {Adaptive knot Placement for Nonparametric Regression},
  volume = {6},
  year = {1993}
}

@inproceedings{niebur1993efficient,
  address = {Denver, Colorado, USA},
  author = {Niebur, Ernst and Brettle, Dean},
  booktitle = {Advances in Neural Information Processing Systems 6 (NIPS)},
  editor = {Cowan, J. and Tesauro, G. and Alspector, J.},
  month = {November},
  note = {<https://proceedings.neurips.cc/paper_files/paper/1993/file/5751ec3e9a4feab575962e78e006250d-Paper.pdf>},
  openalex = {W2168378381},
  publisher = {Morgan-Kaufmann},
  series = {Conference Track Proceedings},
  title = {Efficient Simulation of Biological Neural Networks on Massively Parallel Supercomputers with Hypercube Architecture},
  volume = {6},
  year = {1993}
}

@inproceedings{niebur1993neurobiology,
  address = {Denver, Colorado, USA},
  author = {Niebur, Ernst and Olshausen, Bruno},
  booktitle = {Advances in Neural Information Processing Systems 6 (NIPS)},
  editor = {Cowan, J. and Tesauro, G. and Alspector, J.},
  month = {November},
  note = {<https://proceedings.neurips.cc/paper_files/paper/1993/file/ce78d1da254c0843eb23951ae077ff5f-Paper.pdf>},
  openalex = {W2120898744},
  publisher = {Morgan-Kaufmann},
  series = {Conference Track Proceedings},
  title = {Neurobiology, Psychophysics, and Computational Models of Visual Attention},
  volume = {6},
  year = {1993}
}

@inproceedings{obermayer1993development,
  address = {Denver, Colorado, USA},
  author = {Obermayer, Klaus and Kiorpes, Lynne and Blasdel, Gary},
  booktitle = {Advances in Neural Information Processing Systems 6 (NIPS)},
  editor = {Cowan, J. and Tesauro, G. and Alspector, J.},
  month = {November},
  note = {<https://proceedings.neurips.cc/paper_files/paper/1993/file/dd45045f8c68db9f54e70c67048d32e8-Paper.pdf>},
  openalex = {W2145881979},
  publisher = {Morgan-Kaufmann},
  series = {Conference Track Proceedings},
  title = {Development of Orientation and Ocular Dominance Columns in Infant Macaques},
  volume = {6},
  year = {1993}
}

@inproceedings{oliveira1993learning,
  address = {Denver, Colorado, USA},
  author = {Oliveira, Arlindo and Sangiovanni-Vincentelli, Alberto},
  booktitle = {Advances in Neural Information Processing Systems 6 (NIPS)},
  editor = {Cowan, J. and Tesauro, G. and Alspector, J.},
  month = {November},
  note = {<https://proceedings.neurips.cc/paper_files/paper/1993/file/847cc55b7032108eee6dd897f3bca8a5-Paper.pdf>},
  openalex = {W2147404448},
  publisher = {Morgan-Kaufmann},
  series = {Conference Track Proceedings},
  title = {Learning Complex Boolean Functions: Algorithms and Applications},
  volume = {6},
  year = {1993}
}

@inproceedings{osterberg1993unsupervised,
  address = {Denver, Colorado, USA},
  author = {Österberg, Mats and Lenz, Reiner},
  booktitle = {Advances in Neural Information Processing Systems 6 (NIPS)},
  editor = {Cowan, J. and Tesauro, G. and Alspector, J.},
  month = {November},
  note = {<https://proceedings.neurips.cc/paper_files/paper/1993/file/aba3b6fd5d186d28e06ff97135cade7f-Paper.pdf>},
  openalex = {W2103755514},
  publisher = {Morgan-Kaufmann},
  series = {Conference Track Proceedings},
  title = {Unsupervised Parallel Feature Extraction from First Principles},
  volume = {6},
  year = {1993}
}

@inproceedings{perrone1993putting,
  address = {Denver, Colorado, USA},
  author = {Perrone, Michael},
  booktitle = {Advances in Neural Information Processing Systems 6 (NIPS)},
  editor = {Cowan, J. and Tesauro, G. and Alspector, J.},
  month = {November},
  note = {<https://proceedings.neurips.cc/paper_files/paper/1993/file/0537fb40a68c18da59a35c2bfe1ca554-Paper.pdf>},
  openalex = {W2142671416},
  publisher = {Morgan-Kaufmann},
  series = {Conference Track Proceedings},
  title = {Putting It All Together: Methods for Combining Neural Networks},
  volume = {6},
  year = {1993}
}

@inproceedings{plate1993estimating,
  address = {Denver, Colorado, USA},
  author = {Plate, Tony A.},
  booktitle = {Advances in Neural Information Processing Systems 6 (NIPS)},
  editor = {Cowan, J. and Tesauro, G. and Alspector, J.},
  month = {November},
  note = {<https://proceedings.neurips.cc/paper_files/paper/1993/file/edfbe1afcf9246bb0d40eb4d8027d90f-Paper.pdf>},
  openalex = {W2157142092},
  publisher = {Morgan-Kaufmann},
  series = {Conference Track Proceedings},
  title = {Estimating analogical similarity by dot-products of Holographic Reduced Representations},
  volume = {6},
  year = {1993}
}

@inproceedings{plutowski1993cross,
  address = {Denver, Colorado, USA},
  author = {Plutowski, Mark and Sakata, Shinichi and White, Halbert},
  booktitle = {Advances in Neural Information Processing Systems 6 (NIPS)},
  editor = {Cowan, J. and Tesauro, G. and Alspector, J.},
  month = {November},
  note = {<https://proceedings.neurips.cc/paper_files/paper/1993/file/06997f04a7db92466a2baa6ebc8b872d-Paper.pdf>},
  openalex = {W2171359060},
  publisher = {Morgan-Kaufmann},
  series = {Conference Track Proceedings},
  title = {Cross-Validation Estimates IMSE},
  volume = {6},
  year = {1993}
}

@inproceedings{plutowski1993learning,
  address = {Denver, Colorado, USA},
  author = {Plutowski, Mark and Cottrell, Garrison and White, Halbert},
  booktitle = {Advances in Neural Information Processing Systems 6 (NIPS)},
  editor = {Cowan, J. and Tesauro, G. and Alspector, J.},
  month = {November},
  note = {<https://proceedings.neurips.cc/paper_files/paper/1993/file/fc8001f834f6a5f0561080d134d53d29-Paper.pdf>},
  openalex = {W2147543047},
  publisher = {Morgan-Kaufmann},
  series = {Conference Track Proceedings},
  title = {Learning Mackey-Glass from 25 examples, Plus or Minus 2},
  volume = {6},
  year = {1993}
}

@inproceedings{principe1993analysis,
  address = {Denver, Colorado, USA},
  author = {Principe, Jose C. and Hsu, Hui-H. and Kuo, Jyh-Ming},
  booktitle = {Advances in Neural Information Processing Systems 6 (NIPS)},
  editor = {Cowan, J. and Tesauro, G. and Alspector, J.},
  month = {November},
  note = {<https://proceedings.neurips.cc/paper_files/paper/1993/file/7c590f01490190db0ed02a5070e20f01-Paper.pdf>},
  openalex = {W2166033949},
  publisher = {Morgan-Kaufmann},
  series = {Conference Track Proceedings},
  title = {Analysis of Short Term Memories for Neural Networks},
  volume = {6},
  year = {1993}
}

@inproceedings{rauschecker1993processing,
  address = {Denver, Colorado, USA},
  author = {Rauschecker, Josef and Sejnowski, Terrence J},
  booktitle = {Advances in Neural Information Processing Systems 6 (NIPS)},
  editor = {Cowan, J. and Tesauro, G. and Alspector, J.},
  month = {November},
  note = {<https://proceedings.neurips.cc/paper_files/paper/1993/file/2ca65f58e35d9ad45bf7f3ae5cfd08f1-Paper.pdf>},
  openalex = {W2121208559},
  publisher = {Morgan-Kaufmann},
  series = {Conference Track Proceedings},
  title = {Processing of Visual and Auditory Space and Its Modification by Experience},
  volume = {6},
  year = {1993}
}

@inproceedings{renals1993learning,
  address = {Denver, Colorado, USA},
  author = {Renals, Steve and Hochberg, Mike and Robinson, Tony},
  booktitle = {Advances in Neural Information Processing Systems 6 (NIPS)},
  editor = {Cowan, J. and Tesauro, G. and Alspector, J.},
  month = {November},
  note = {<https://proceedings.neurips.cc/paper_files/paper/1993/file/92fb0c6d1758261f10d052e6e2c1123c-Paper.pdf>},
  openalex = {W2117881873},
  publisher = {Morgan-Kaufmann},
  series = {Conference Track Proceedings},
  title = {Learning Temporal Dependencies in Connectionist Speech Recognition},
  volume = {6},
  year = {1993}
}

@inproceedings{ron1993power,
  address = {Denver, Colorado, USA},
  author = {Ron, Dana and Singer, Yoram and Tishby, Naftali},
  booktitle = {Advances in Neural Information Processing Systems 6 (NIPS)},
  editor = {Cowan, J. and Tesauro, G. and Alspector, J.},
  month = {November},
  note = {<https://proceedings.neurips.cc/paper_files/paper/1993/file/08419be897405321542838d77f855226-Paper.pdf>},
  openalex = {W1994920552},
  publisher = {Morgan-Kaufmann},
  series = {Conference Track Proceedings},
  title = {The Power of Amnesia},
  volume = {6},
  year = {1993}
}

@inproceedings{rosen1993connectionist,
  address = {Denver, Colorado, USA},
  author = {Rosen, Daniel and Rumelhart, David and Knudsen, Eric},
  booktitle = {Advances in Neural Information Processing Systems 6 (NIPS)},
  editor = {Cowan, J. and Tesauro, G. and Alspector, J.},
  month = {November},
  note = {<https://proceedings.neurips.cc/paper_files/paper/1993/file/2dace78f80bc92e6d7493423d729448e-Paper.pdf>},
  openalex = {W2129430422},
  publisher = {Morgan-Kaufmann},
  series = {Conference Track Proceedings},
  title = {A Connectionist Model of the Owl's Sound Localization System},
  volume = {6},
  year = {1993}
}

@inproceedings{roychowdhury1993complexity,
  address = {Denver, Colorado, USA},
  author = {Roychowdhury, V. P. and Siu, K.-Y.},
  booktitle = {Advances in Neural Information Processing Systems 6 (NIPS)},
  editor = {Cowan, J. and Tesauro, G. and Alspector, J.},
  month = {November},
  note = {<https://proceedings.neurips.cc/paper_files/paper/1993/file/e97ee2054defb209c35fe4dc94599061-Paper.pdf>},
  publisher = {Morgan-Kaufmann},
  series = {Conference Track Proceedings},
  title = {Complexity Issues in Neural Computation and Learning},
  volume = {6},
  year = {1993}
}

@inproceedings{ruderman1993statistics,
  address = {Denver, Colorado, USA},
  author = {Ruderman, Daniel and Bialek, William},
  booktitle = {Advances in Neural Information Processing Systems 6 (NIPS)},
  editor = {Cowan, J. and Tesauro, G. and Alspector, J.},
  month = {November},
  note = {<https://proceedings.neurips.cc/paper_files/paper/1993/file/4d5b995358e7798bc7e9d9db83c612a5-Paper.pdf>},
  openalex = {W2042755403},
  publisher = {Morgan-Kaufmann},
  series = {Conference Track Proceedings},
  title = {Statistics of Natural Images: Scaling in the Woods},
  volume = {6},
  year = {1993}
}

@inproceedings{sajda1993dual,
  address = {Denver, Colorado, USA},
  author = {Sajda, Paul and Finkel, Leif},
  booktitle = {Advances in Neural Information Processing Systems 6 (NIPS)},
  editor = {Cowan, J. and Tesauro, G. and Alspector, J.},
  month = {November},
  note = {<https://proceedings.neurips.cc/paper_files/paper/1993/file/a1d33d0dfec820b41b54430b50e96b5c-Paper.pdf>},
  publisher = {Morgan-Kaufmann},
  series = {Conference Track Proceedings},
  title = {Dual Mechanisms for Neural Binding and Segmentation},
  volume = {6},
  year = {1993}
}

@inproceedings{sakai1993network,
  address = {Denver, Colorado, USA},
  author = {Sakai, Kō and Finkel, Leif},
  booktitle = {Advances in Neural Information Processing Systems 6 (NIPS)},
  editor = {Cowan, J. and Tesauro, G. and Alspector, J.},
  month = {November},
  note = {<https://proceedings.neurips.cc/paper_files/paper/1993/file/fc3cf452d3da8402bebb765225ce8c0e-Paper.pdf>},
  openalex = {W2114034150},
  publisher = {Morgan-Kaufmann},
  series = {Conference Track Proceedings},
  title = {A Network Mechanism for the Determination of Shape-From-Texture},
  volume = {6},
  year = {1993}
}

@inproceedings{salu1993classification,
  address = {Denver, Colorado, USA},
  author = {Salu, Yehuda},
  booktitle = {Advances in Neural Information Processing Systems 6 (NIPS)},
  editor = {Cowan, J. and Tesauro, G. and Alspector, J.},
  month = {November},
  note = {<https://proceedings.neurips.cc/paper_files/paper/1993/file/aff1621254f7c1be92f64550478c56e6-Paper.pdf>},
  openalex = {W2123808976},
  publisher = {Morgan-Kaufmann},
  series = {Conference Track Proceedings},
  title = {Classification of Multi-Spectral Pixels by the Binary Diamond Neural Network},
  volume = {6},
  year = {1993}
}

@inproceedings{sanger1993optimal,
  address = {Denver, Colorado, USA},
  author = {Sanger, Terence},
  booktitle = {Advances in Neural Information Processing Systems 6 (NIPS)},
  editor = {Cowan, J. and Tesauro, G. and Alspector, J.},
  month = {November},
  note = {<https://proceedings.neurips.cc/paper_files/paper/1993/file/72da7fd6d1302c0a159f6436d01e9eb0-Paper.pdf>},
  openalex = {W2156252257},
  publisher = {Morgan-Kaufmann},
  series = {Conference Track Proceedings},
  title = {Optimal Unsupervised Motor Learning Predicts the Internal Representation of Barn Owl Head Movements},
  volume = {6},
  year = {1993}
}

@inproceedings{sanger1993two,
  address = {Denver, Colorado, USA},
  author = {Sanger, Terence},
  booktitle = {Advances in Neural Information Processing Systems 6 (NIPS)},
  editor = {Cowan, J. and Tesauro, G. and Alspector, J.},
  month = {November},
  note = {<https://proceedings.neurips.cc/paper_files/paper/1993/file/49c9adb18e44be0711a94e827042f630-Paper.pdf>},
  openalex = {W2106863551},
  publisher = {Morgan-Kaufmann},
  series = {Conference Track Proceedings},
  title = {Two Iterative Algorithms for Computing the Singular Value Decomposition from Input/Output Samples},
  volume = {6},
  year = {1993}
}

@inproceedings{saund1993unsupervised,
  address = {Denver, Colorado, USA},
  author = {Saund, Eric},
  booktitle = {Advances in Neural Information Processing Systems 6 (NIPS)},
  editor = {Cowan, J. and Tesauro, G. and Alspector, J.},
  month = {November},
  note = {<https://proceedings.neurips.cc/paper_files/paper/1993/file/6cd67d9b6f0150c77bda2eda01ae484c-Paper.pdf>},
  openalex = {W2118363651},
  publisher = {Morgan-Kaufmann},
  series = {Conference Track Proceedings},
  title = {Unsupervised Learning of Mixtures of Multiple Causes in Binary Data},
  volume = {6},
  year = {1993}
}

@inproceedings{saunders1993structural,
  address = {Denver, Colorado, USA},
  author = {Saunders, Gregory and Angeline, Peter and Pollack, Jordan},
  booktitle = {Advances in Neural Information Processing Systems 6 (NIPS)},
  editor = {Cowan, J. and Tesauro, G. and Alspector, J.},
  month = {November},
  note = {<https://proceedings.neurips.cc/paper_files/paper/1993/file/c8ed21db4f678f3b13b9d5ee16489088-Paper.pdf>},
  openalex = {W2097060141},
  publisher = {Morgan-Kaufmann},
  series = {Conference Track Proceedings},
  title = {Structural and Behavioral Evolution of Recurrent Networks},
  volume = {6},
  year = {1993}
}

@inproceedings{schaal1993assessing,
  address = {Denver, Colorado, USA},
  author = {Schaal, Stefan and Atkeson, Christopher},
  booktitle = {Advances in Neural Information Processing Systems 6 (NIPS)},
  editor = {Cowan, J. and Tesauro, G. and Alspector, J.},
  month = {November},
  note = {<https://proceedings.neurips.cc/paper_files/paper/1993/file/68053af2923e00204c3ca7c6a3150cf7-Paper.pdf>},
  openalex = {W2151924253},
  publisher = {Morgan-Kaufmann},
  series = {Conference Track Proceedings},
  title = {Assessing the Quality of Learned Local Models},
  volume = {6},
  year = {1993}
}

@inproceedings{schraudolph1993temporal,
  address = {Denver, Colorado, USA},
  author = {Schraudolph, Nicol and Dayan, Peter and Sejnowski, Terrence J},
  booktitle = {Advances in Neural Information Processing Systems 6 (NIPS)},
  editor = {Cowan, J. and Tesauro, G. and Alspector, J.},
  month = {November},
  note = {<https://proceedings.neurips.cc/paper_files/paper/1993/file/e2a2dcc36a08a345332c751b2f2e476c-Paper.pdf>},
  openalex = {W2159920598},
  publisher = {Morgan-Kaufmann},
  series = {Conference Track Proceedings},
  title = {Temporal Difference Learning of Position Evaluation in the Game of Go},
  volume = {6},
  year = {1993}
}

@inproceedings{schwarze1993discontinuous,
  address = {Denver, Colorado, USA},
  author = {Schwarze, H. and Hertz, J.},
  booktitle = {Advances in Neural Information Processing Systems 6 (NIPS)},
  editor = {Cowan, J. and Tesauro, G. and Alspector, J.},
  month = {November},
  note = {<https://proceedings.neurips.cc/paper_files/paper/1993/file/8f7d807e1f53eff5f9efbe5cb81090fb-Paper.pdf>},
  openalex = {W2143004559},
  publisher = {Morgan-Kaufmann},
  series = {Conference Track Proceedings},
  title = {Discontinuous Generalization in Large Committee Machines},
  volume = {6},
  year = {1993}
}

@inproceedings{shadmehr1993computational,
  address = {Denver, Colorado, USA},
  author = {Shadmehr, Reza and Mussa-Ivaldi, Ferdinando},
  booktitle = {Advances in Neural Information Processing Systems 6 (NIPS)},
  editor = {Cowan, J. and Tesauro, G. and Alspector, J.},
  month = {November},
  note = {<https://proceedings.neurips.cc/paper_files/paper/1993/file/3621f1454cacf995530ea53652ddf8fb-Paper.pdf>},
  openalex = {W2116576179},
  publisher = {Morgan-Kaufmann},
  series = {Conference Track Proceedings},
  title = {Computational Elements of the Adaptive Controller of the Human Arm},
  volume = {6},
  year = {1993}
}

@inproceedings{shapiro1993non,
  address = {Denver, Colorado, USA},
  author = {Shapiro, Jonathan and Prügel-Bennett, Adam},
  booktitle = {Advances in Neural Information Processing Systems 6 (NIPS)},
  editor = {Cowan, J. and Tesauro, G. and Alspector, J.},
  month = {November},
  note = {<https://proceedings.neurips.cc/paper_files/paper/1993/file/5ec91aac30eae62f4140325d09b9afd0-Paper.pdf>},
  openalex = {W2136716272},
  publisher = {Morgan-Kaufmann},
  series = {Conference Track Proceedings},
  title = {Non-Linear Statistical Analysis and Self-Organizing Hebbian Networks},
  volume = {6},
  year = {1993}
}

@inproceedings{shibata1993implementing,
  address = {Denver, Colorado, USA},
  author = {Shibata, Tadashi and Kotani, Koji and Yamashita, Takeo and Ishii, Hiroshi and Kosaka, Hideo and Ohmi, Tadahiro},
  booktitle = {Advances in Neural Information Processing Systems 6 (NIPS)},
  editor = {Cowan, J. and Tesauro, G. and Alspector, J.},
  month = {November},
  note = {<https://proceedings.neurips.cc/paper_files/paper/1993/file/82f2b308c3b01637c607ce05f52a2fed-Paper.pdf>},
  openalex = {W2142659398},
  publisher = {Morgan-Kaufmann},
  series = {Conference Track Proceedings},
  title = {Implementing Intelligence on Silicon Using Neuron-Like Functional MOS Transistors},
  volume = {6},
  year = {1993}
}

@inproceedings{shultz1993analyzing,
  address = {Denver, Colorado, USA},
  author = {Shultz, Thomas and Elman, Jeffrey},
  booktitle = {Advances in Neural Information Processing Systems 6 (NIPS)},
  editor = {Cowan, J. and Tesauro, G. and Alspector, J.},
  month = {November},
  note = {<https://proceedings.neurips.cc/paper_files/paper/1993/file/81e74d678581a3bb7a720b019f4f1a93-Paper.pdf>},
  openalex = {W2171970443},
  publisher = {Morgan-Kaufmann},
  series = {Conference Track Proceedings},
  title = {Analyzing Cross-Connected Networks},
  volume = {6},
  year = {1993}
}

@inproceedings{siegel1993analog,
  address = {Denver, Colorado, USA},
  author = {Siegel, Micah},
  booktitle = {Advances in Neural Information Processing Systems 6 (NIPS)},
  editor = {Cowan, J. and Tesauro, G. and Alspector, J.},
  month = {November},
  note = {<https://proceedings.neurips.cc/paper_files/paper/1993/file/5c572eca050594c7bc3c36e7e8ab9550-Paper.pdf>},
  openalex = {W2158541896},
  publisher = {Morgan-Kaufmann},
  series = {Conference Track Proceedings},
  title = {An Analog VLSI Model of Central Pattern Generation in the Leech},
  volume = {6},
  year = {1993}
}

@inproceedings{simard1993backpropagation,
  address = {Denver, Colorado, USA},
  author = {Simard, Patrice and Graf, Hans},
  booktitle = {Advances in Neural Information Processing Systems 6 (NIPS)},
  editor = {Cowan, J. and Tesauro, G. and Alspector, J.},
  month = {November},
  note = {<https://proceedings.neurips.cc/paper_files/paper/1993/file/013a006f03dbc5392effeb8f18fda755-Paper.pdf>},
  publisher = {Morgan-Kaufmann},
  series = {Conference Track Proceedings},
  title = {Backpropagation without Multiplication},
  volume = {6},
  year = {1993}
}

@inproceedings{simard1993efficient,
  address = {Denver, Colorado, USA},
  author = {Simard, Patrice},
  booktitle = {Advances in Neural Information Processing Systems 6 (NIPS)},
  editor = {Cowan, J. and Tesauro, G. and Alspector, J.},
  month = {November},
  note = {<https://proceedings.neurips.cc/paper_files/paper/1993/file/4b0a59ddf11c58e7446c9df0da541a84-Paper.pdf>},
  openalex = {W2151861435},
  publisher = {Morgan-Kaufmann},
  series = {Conference Track Proceedings},
  title = {Efficient Computation of Complex Distance Metrics Using Hierarchical Filtering},
  volume = {6},
  year = {1993}
}

@inproceedings{singer1993decoding,
  address = {Denver, Colorado, USA},
  author = {Singer, Yoram and Tishby, Naftali},
  booktitle = {Advances in Neural Information Processing Systems 6 (NIPS)},
  editor = {Cowan, J. and Tesauro, G. and Alspector, J.},
  month = {November},
  note = {<https://proceedings.neurips.cc/paper_files/paper/1993/file/795c7a7a5ec6b460ec00c5841019b9e9-Paper.pdf>},
  openalex = {W2168122360},
  publisher = {Morgan-Kaufmann},
  series = {Conference Track Proceedings},
  title = {Decoding Cursive Scripts},
  volume = {6},
  year = {1993}
}

@inproceedings{singh1993robust,
  address = {Denver, Colorado, USA},
  author = {Singh, Satinder and Barto, Andrew and Grupen, Roderic and Connolly, Christopher},
  booktitle = {Advances in Neural Information Processing Systems 6 (NIPS)},
  editor = {Cowan, J. and Tesauro, G. and Alspector, J.},
  month = {November},
  note = {<https://proceedings.neurips.cc/paper_files/paper/1993/file/3d8e28caf901313a554cebc7d32e67e5-Paper.pdf>},
  openalex = {W2149398074},
  publisher = {Morgan-Kaufmann},
  series = {Conference Track Proceedings},
  title = {Robust Reinforcement Learning in Motion Planning},
  volume = {6},
  year = {1993}
}

@inproceedings{smyth1993probabilistic,
  address = {Denver, Colorado, USA},
  author = {Smyth, Padhraic},
  booktitle = {Advances in Neural Information Processing Systems 6 (NIPS)},
  editor = {Cowan, J. and Tesauro, G. and Alspector, J.},
  month = {November},
  note = {<https://proceedings.neurips.cc/paper_files/paper/1993/file/846c260d715e5b854ffad5f70a516c88-Paper.pdf>},
  openalex = {W2163522236},
  publisher = {Morgan-Kaufmann},
  series = {Conference Track Proceedings},
  title = {Probabilistic Anomaly Detection in Dynamic Systems},
  volume = {6},
  year = {1993}
}

@inproceedings{sperduti1993encoding,
  address = {Denver, Colorado, USA},
  author = {Sperduti, Alessandro},
  booktitle = {Advances in Neural Information Processing Systems 6 (NIPS)},
  editor = {Cowan, J. and Tesauro, G. and Alspector, J.},
  month = {November},
  note = {<https://proceedings.neurips.cc/paper_files/paper/1993/file/fc49306d97602c8ed1be1dfbf0835ead-Paper.pdf>},
  openalex = {W2102738208},
  publisher = {Morgan-Kaufmann},
  series = {Conference Track Proceedings},
  title = {Encoding Labeled Graphs by Labeling RAAM},
  volume = {6},
  year = {1993}
}

@inproceedings{stemmler1993synchronization,
  address = {Denver, Colorado, USA},
  author = {Stemmler, Martin and Usher, Marius and Koch, Christof and Olami, Zeev},
  booktitle = {Advances in Neural Information Processing Systems 6 (NIPS)},
  editor = {Cowan, J. and Tesauro, G. and Alspector, J.},
  month = {November},
  note = {<https://proceedings.neurips.cc/paper_files/paper/1993/file/6bc24fc1ab650b25b4114e93a98f1eba-Paper.pdf>},
  openalex = {W2103021791},
  publisher = {Morgan-Kaufmann},
  series = {Conference Track Proceedings},
  title = {Synchronization, oscillations, and 1/f noise in networks of spiking neurons},
  volume = {6},
  year = {1993}
}

@inproceedings{stevens1993tonal,
  address = {Denver, Colorado, USA},
  author = {Stevens, Catherine and Wiles, Janet},
  booktitle = {Advances in Neural Information Processing Systems 6 (NIPS)},
  editor = {Cowan, J. and Tesauro, G. and Alspector, J.},
  month = {November},
  note = {<https://proceedings.neurips.cc/paper_files/paper/1993/file/fa14d4fe2f19414de3ebd9f63d5c0169-Paper.pdf>},
  openalex = {W2124608834},
  publisher = {Morgan-Kaufmann},
  series = {Conference Track Proceedings},
  title = {Tonal Music as a Componential Code: Learning Temporal Relationships Between and Within Pitch and Timing Components},
  volume = {6},
  year = {1993}
}

@inproceedings{thodberg1993bayesian,
  address = {Denver, Colorado, USA},
  author = {Thodberg, Hans},
  booktitle = {Advances in Neural Information Processing Systems 6 (NIPS)},
  editor = {Cowan, J. and Tesauro, G. and Alspector, J.},
  month = {November},
  note = {<https://proceedings.neurips.cc/paper_files/paper/1993/file/5f2c22cb4a5380af7ca75622a6426917-Paper.pdf>},
  publisher = {Morgan-Kaufmann},
  series = {Conference Track Proceedings},
  title = {Bayesian Backprop in Action: Pruning, Committees, Error Bars and an Application to Spectroscopy},
  volume = {6},
  year = {1993}
}

@inproceedings{tresp1993training,
  address = {Denver, Colorado, USA},
  author = {Tresp, Volker and Ahmad, Subutai and Neuneier, Ralph},
  booktitle = {Advances in Neural Information Processing Systems 6 (NIPS)},
  editor = {Cowan, J. and Tesauro, G. and Alspector, J.},
  month = {November},
  note = {<https://proceedings.neurips.cc/paper_files/paper/1993/file/a8ecbabae151abacba7dbde04f761c37-Paper.pdf>},
  openalex = {W2100206501},
  publisher = {Morgan-Kaufmann},
  series = {Conference Track Proceedings},
  title = {Training Neural Networks with Deficient Data},
  volume = {6},
  year = {1993}
}

@inproceedings{tsoi1993classification,
  address = {Denver, Colorado, USA},
  author = {Tsoi, A. C. and So, D. S. C. and Sergejew, A.},
  booktitle = {Advances in Neural Information Processing Systems 6 (NIPS)},
  editor = {Cowan, J. and Tesauro, G. and Alspector, J.},
  month = {November},
  note = {<https://proceedings.neurips.cc/paper_files/paper/1993/file/addfa9b7e234254d26e9c7f2af1005cb-Paper.pdf>},
  publisher = {Morgan-Kaufmann},
  series = {Conference Track Proceedings},
  title = {Classification of Electroencephalogram using Artificial Neural Networks},
  volume = {6},
  year = {1993}
}

@inproceedings{utans1993learning,
  address = {Denver, Colorado, USA},
  author = {Utans, Joachim},
  booktitle = {Advances in Neural Information Processing Systems 6 (NIPS)},
  editor = {Cowan, J. and Tesauro, G. and Alspector, J.},
  month = {November},
  note = {<https://proceedings.neurips.cc/paper_files/paper/1993/file/fa83a11a198d5a7f0bf77a1987bcd006-Paper.pdf>},
  openalex = {W2132516041},
  publisher = {Morgan-Kaufmann},
  series = {Conference Track Proceedings},
  title = {Learning in Compositional Hierarchies: Inducing the Structure of Objects from Data},
  volume = {6},
  year = {1993}
}

@inproceedings{wada1993computational,
  address = {Denver, Colorado, USA},
  author = {Wada, Yasuhiro and Koike, Yasuharu and Vatikiotis-Bateson, Eric and Kawato, Mitsuo},
  booktitle = {Advances in Neural Information Processing Systems 6 (NIPS)},
  editor = {Cowan, J. and Tesauro, G. and Alspector, J.},
  month = {November},
  note = {<https://proceedings.neurips.cc/paper_files/paper/1993/file/8e82ab7243b7c66d768f1b8ce1c967eb-Paper.pdf>},
  openalex = {W2171403244},
  publisher = {Morgan-Kaufmann},
  series = {Conference Track Proceedings},
  title = {A Computational Model for Cursive Handwriting Based on the Minimization Principle},
  volume = {6},
  year = {1993}
}

@inproceedings{wahba1993structured,
  address = {Denver, Colorado, USA},
  author = {Wahba, Grace and Wang, Yuedong and Gu, Chong and Klein, Ronald MD and Klein, Barbara MD},
  booktitle = {Advances in Neural Information Processing Systems 6 (NIPS)},
  editor = {Cowan, J. and Tesauro, G. and Alspector, J.},
  month = {November},
  note = {<https://proceedings.neurips.cc/paper_files/paper/1993/file/fe8c15fed5f808006ce95eddb7366e35-Paper.pdf>},
  openalex = {W2164496773},
  publisher = {Morgan-Kaufmann},
  series = {Conference Track Proceedings},
  title = {Structured Machine Learning for 'Soft' Classification with Smoothing Spline ANOVA and Stacked Tuning, Testing and Evaluation},
  volume = {6},
  year = {1993}
}

@inproceedings{wang1993asynchronous,
  address = {Denver, Colorado, USA},
  author = {Wang, Xin and Li, Qingnan and Blum, Edward},
  booktitle = {Advances in Neural Information Processing Systems 6 (NIPS)},
  editor = {Cowan, J. and Tesauro, G. and Alspector, J.},
  month = {November},
  note = {<https://proceedings.neurips.cc/paper_files/paper/1993/file/dc5689792e08eb2e219dce49e64c885b-Paper.pdf>},
  openalex = {W2120265816},
  publisher = {Morgan-Kaufmann},
  series = {Conference Track Proceedings},
  title = {Asynchronous Dynamics of Continuous Time Neural Networks},
  volume = {6},
  year = {1993}
}

@inproceedings{wang1993optimal,
  address = {Denver, Colorado, USA},
  author = {Wang, Changfeng and Venkatesh, Santosh and Judd, J.},
  booktitle = {Advances in Neural Information Processing Systems 6 (NIPS)},
  editor = {Cowan, J. and Tesauro, G. and Alspector, J.},
  month = {November},
  note = {<https://proceedings.neurips.cc/paper_files/paper/1993/file/43fa7f58b7eac7ac872209342e62e8f1-Paper.pdf>},
  openalex = {W2153743018},
  publisher = {Morgan-Kaufmann},
  series = {Conference Track Proceedings},
  title = {Optimal Stopping and Effective Machine Complexity in Learning},
  volume = {6},
  year = {1993}
}

@inproceedings{watanabe1993optimization,
  address = {Denver, Colorado, USA},
  author = {Watanabe, Sumio},
  booktitle = {Advances in Neural Information Processing Systems 6 (NIPS)},
  editor = {Cowan, J. and Tesauro, G. and Alspector, J.},
  month = {November},
  note = {<https://proceedings.neurips.cc/paper_files/paper/1993/file/8d317bdcf4aafcfc22149d77babee96d-Paper.pdf>},
  openalex = {W2130306774},
  publisher = {Morgan-Kaufmann},
  series = {Conference Track Proceedings},
  title = {An Optimization Method of Layered Neural Networks based on the Modified Information Criterion},
  volume = {6},
  year = {1993}
}

@inproceedings{watanabe1993solvable,
  address = {Denver, Colorado, USA},
  author = {Watanabe, Sumio},
  booktitle = {Advances in Neural Information Processing Systems 6 (NIPS)},
  editor = {Cowan, J. and Tesauro, G. and Alspector, J.},
  month = {November},
  note = {<https://proceedings.neurips.cc/paper_files/paper/1993/file/61b4a64be663682e8cb037d9719ad8cd-Paper.pdf>},
  openalex = {W2162793897},
  publisher = {Morgan-Kaufmann},
  series = {Conference Track Proceedings},
  title = {Solvable Models of Artificial Neural Networks},
  volume = {6},
  year = {1993}
}

@inproceedings{watkins1993hybrid,
  address = {Denver, Colorado, USA},
  author = {Watkins, Steven and Chau, Paul and Tawel, Raoul and Lambrigtsen, Bjorn and Plutowski, Mark},
  booktitle = {Advances in Neural Information Processing Systems 6 (NIPS)},
  editor = {Cowan, J. and Tesauro, G. and Alspector, J.},
  month = {November},
  note = {<https://proceedings.neurips.cc/paper_files/paper/1993/file/b6edc1cd1f36e45daf6d7824d7bb2283-Paper.pdf>},
  openalex = {W2108116494},
  publisher = {Morgan-Kaufmann},
  series = {Conference Track Proceedings},
  title = {A Hybrid Radial Basis Function Neurocomputer and Its Applications},
  volume = {6},
  year = {1993}
}

@inproceedings{watts1993event,
  address = {Denver, Colorado, USA},
  author = {Watts, Lloyd},
  booktitle = {Advances in Neural Information Processing Systems 6 (NIPS)},
  editor = {Cowan, J. and Tesauro, G. and Alspector, J.},
  month = {November},
  note = {<https://proceedings.neurips.cc/paper_files/paper/1993/file/301ad0e3bd5cb1627a2044908a42fdc2-Paper.pdf>},
  openalex = {W2115205567},
  publisher = {Morgan-Kaufmann},
  series = {Conference Track Proceedings},
  title = {Event-Driven Simulation of Networks of Spiking Neurons},
  volume = {6},
  year = {1993}
}

@inproceedings{weigend1993connectionism,
  address = {Denver, Colorado, USA},
  author = {Weigend, Andreas},
  booktitle = {Advances in Neural Information Processing Systems 6 (NIPS)},
  editor = {Cowan, J. and Tesauro, G. and Alspector, J.},
  month = {November},
  note = {<https://proceedings.neurips.cc/paper_files/paper/1993/file/2a084e55c87b1ebcdaad1f62fdbbac8e-Paper.pdf>},
  openalex = {W2122753397},
  publisher = {Morgan-Kaufmann},
  series = {Conference Track Proceedings},
  title = {Connectionism for Music and Audition},
  volume = {6},
  year = {1993}
}

@inproceedings{wettschereck1993locally,
  address = {Denver, Colorado, USA},
  author = {Wettschereck, Dietrich and Dietterich, Thomas},
  booktitle = {Advances in Neural Information Processing Systems 6 (NIPS)},
  editor = {Cowan, J. and Tesauro, G. and Alspector, J.},
  month = {November},
  note = {<https://proceedings.neurips.cc/paper_files/paper/1993/file/5f0f5e5f33945135b874349cfbed4fb9-Paper.pdf>},
  openalex = {W2160675518},
  publisher = {Morgan-Kaufmann},
  series = {Conference Track Proceedings},
  title = {Locally Adaptive Nearest Neighbor Algorithms},
  volume = {6},
  year = {1993}
}

@inproceedings{wiklicky1993on,
  address = {Denver, Colorado, USA},
  author = {Wiklicky, Herbert},
  booktitle = {Advances in Neural Information Processing Systems 6 (NIPS)},
  editor = {Cowan, J. and Tesauro, G. and Alspector, J.},
  month = {November},
  note = {<https://proceedings.neurips.cc/paper_files/paper/1993/file/0d3180d672e08b4c5312dcdafdf6ef36-Paper.pdf>},
  openalex = {W2125383297},
  publisher = {Morgan-Kaufmann},
  series = {Conference Track Proceedings},
  title = {On the Non-Existence of a Universal Learning Algorithm for Recurrent Neural Networks},
  volume = {6},
  year = {1993}
}

@inproceedings{wolf1993postal,
  address = {Denver, Colorado, USA},
  author = {Wolf, Ralph and Platt, John},
  booktitle = {Advances in Neural Information Processing Systems 6 (NIPS)},
  editor = {Cowan, J. and Tesauro, G. and Alspector, J.},
  month = {November},
  note = {<https://proceedings.neurips.cc/paper_files/paper/1993/file/8c235f89a8143a28a1d6067e959dd858-Paper.pdf>},
  openalex = {W2166559794},
  publisher = {Morgan-Kaufmann},
  series = {Conference Track Proceedings},
  title = {Postal Address Block Location Using a Convolutional Locator Network},
  volume = {6},
  year = {1993}
}

@inproceedings{wolff1993lipreading,
  address = {Denver, Colorado, USA},
  author = {Wolff, Gregory and Prasad, K. and Stork, David and Hennecke, Marcus},
  booktitle = {Advances in Neural Information Processing Systems 6 (NIPS)},
  editor = {Cowan, J. and Tesauro, G. and Alspector, J.},
  month = {November},
  note = {<https://proceedings.neurips.cc/paper_files/paper/1993/file/a67f096809415ca1c9f112d96d27689b-Paper.pdf>},
  openalex = {W2095729891},
  publisher = {Morgan-Kaufmann},
  series = {Conference Track Proceedings},
  title = {Lipreading by neural networks: Visual preprocessing, learning, and sensory integration},
  volume = {6},
  year = {1993}
}

@inproceedings{wolpert1993bayesian,
  address = {Denver, Colorado, USA},
  author = {Wolpert, David H.},
  booktitle = {Advances in Neural Information Processing Systems 6 (NIPS)},
  editor = {Cowan, J. and Tesauro, G. and Alspector, J.},
  month = {November},
  note = {<https://proceedings.neurips.cc/paper_files/paper/1993/file/d4c2e4a3297fe25a71d030b67eb83bfc-Paper.pdf>},
  openalex = {W2117087049},
  publisher = {Morgan-Kaufmann},
  series = {Conference Track Proceedings},
  title = {Bayesian Backpropagation Over I-O Functions Rather Than Weights},
  volume = {6},
  year = {1993}
}

@inproceedings{yuille1993bayesian,
  address = {Denver, Colorado, USA},
  author = {Yuille, Alan L and Smirnakis, Stelios and Xu, Lei},
  booktitle = {Advances in Neural Information Processing Systems 6 (NIPS)},
  editor = {Cowan, J. and Tesauro, G. and Alspector, J.},
  month = {November},
  note = {<https://proceedings.neurips.cc/paper_files/paper/1993/file/32b30a250abd6331e03a2a1f16466346-Paper.pdf>},
  openalex = {W2079295620},
  publisher = {Morgan-Kaufmann},
  series = {Conference Track Proceedings},
  title = {Bayesian Self-Organization},
  volume = {6},
  year = {1993}
}

@inproceedings{zemel1993developing,
  address = {Denver, Colorado, USA},
  author = {Zemel, Richard and Hinton, Geoffrey E},
  booktitle = {Advances in Neural Information Processing Systems 6 (NIPS)},
  editor = {Cowan, J. and Tesauro, G. and Alspector, J.},
  month = {November},
  note = {<https://proceedings.neurips.cc/paper_files/paper/1993/file/b86e8d03fe992d1b0e19656875ee557c-Paper.pdf>},
  publisher = {Morgan-Kaufmann},
  series = {Conference Track Proceedings},
  title = {Developing Population Codes by Minimizing Description Length},
  volume = {6},
  year = {1993}
}

@inproceedings{zhao1993segmental,
  address = {Denver, Colorado, USA},
  author = {Zhao, Ying and Schwartz, Richard and Makhoul, John and Zavaliagkos, George},
  booktitle = {Advances in Neural Information Processing Systems 6 (NIPS)},
  editor = {Cowan, J. and Tesauro, G. and Alspector, J.},
  month = {November},
  note = {<https://proceedings.neurips.cc/paper_files/paper/1993/file/eefc9e10ebdc4a2333b42b2dbb8f27b6-Paper.pdf>},
  openalex = {W2164567263},
  publisher = {Morgan-Kaufmann},
  series = {Conference Track Proceedings},
  title = {Segmental Neural Net Optimization for Continuous Speech Recognition},
  volume = {6},
  year = {1993}
}
