@inproceedings{abumostafa1994financial,
  address = {Denver, Colorado, USA},
  author = {Abu-Mostafa, Yaser},
  booktitle = {Advances in Neural Information Processing Systems 7 (NIPS)},
  editor = {G. Tesauro and D. Touretzky and T. Leen},
  month = {December},
  note = {<https://proceedings.neurips.cc/paper_files/paper/1994/file/1cc3633c579a90cfdd895e64021e2163-Paper.pdf>},
  openalex = {W2163311648},
  publisher = {MIT Press},
  series = {Conference Track Proceedings},
  title = {FINANCIAL APPLICATIONS OF LEARNING FROM HINTS},
  volume = {7},
  year = {1994}
}

@inproceedings{alexander1994template,
  address = {Denver, Colorado, USA},
  author = {Alexander, Jay and Mozer, Michael C},
  booktitle = {Advances in Neural Information Processing Systems 7 (NIPS)},
  editor = {G. Tesauro and D. Touretzky and T. Leen},
  month = {December},
  note = {<https://proceedings.neurips.cc/paper_files/paper/1994/file/24896ee4c6526356cc127852413ea3b4-Paper.pdf>},
  openalex = {W2115027220},
  publisher = {MIT Press},
  series = {Conference Track Proceedings},
  title = {Template-Based Algorithms for Connectionist Rule Extraction},
  volume = {7},
  year = {1994}
}

@inproceedings{asogawa1994adaptive,
  address = {Denver, Colorado, USA},
  author = {Asogawa, Minoru},
  booktitle = {Advances in Neural Information Processing Systems 7 (NIPS)},
  editor = {G. Tesauro and D. Touretzky and T. Leen},
  month = {December},
  note = {<https://proceedings.neurips.cc/paper_files/paper/1994/file/e744f91c29ec99f0e662c9177946c627-Paper.pdf>},
  openalex = {W2118176730},
  publisher = {MIT Press},
  series = {Conference Track Proceedings},
  title = {Adaptive Elastic Input Field for Recognition Improvement},
  volume = {7},
  year = {1994}
}

@inproceedings{back1994comparison,
  address = {Denver, Colorado, USA},
  author = {Back, Andrew and Tsoi, Ah},
  booktitle = {Advances in Neural Information Processing Systems 7 (NIPS)},
  editor = {G. Tesauro and D. Touretzky and T. Leen},
  month = {December},
  note = {<https://proceedings.neurips.cc/paper_files/paper/1994/file/0efe32849d230d7f53049ddc4a4b0c60-Paper.pdf>},
  publisher = {MIT Press},
  series = {Conference Track Proceedings},
  title = {A Comparison of Discrete-Time Operator Models for Nonlinear System Identification},
  volume = {7},
  year = {1994}
}

@inproceedings{baluja1994using,
  address = {Denver, Colorado, USA},
  author = {Baluja, Shumeet and Pomerleau, Dean A.},
  booktitle = {Advances in Neural Information Processing Systems 7 (NIPS)},
  editor = {G. Tesauro and D. Touretzky and T. Leen},
  month = {December},
  note = {<https://proceedings.neurips.cc/paper_files/paper/1994/file/1f50893f80d6830d62765ffad7721742-Paper.pdf>},
  openalex = {W2170283114},
  publisher = {MIT Press},
  series = {Conference Track Proceedings},
  title = {Using a Saliency Map for Active Spatial Selective Attention: Implementation     Initial Results},
  volume = {7},
  year = {1994}
}

@inproceedings{barkai1994on,
  address = {Denver, Colorado, USA},
  author = {Barkai, N. and Seung, H. and Sompolinsky, H.},
  booktitle = {Advances in Neural Information Processing Systems 7 (NIPS)},
  editor = {Tesauro, G. and Touretzky, D. and Leen, T.},
  month = {December},
  note = {<https://proceedings.neurips.cc/paper_files/paper/1994/file/9c01802ddb981e6bcfbec0f0516b8e35-Paper.pdf>},
  openalex = {W2128266854},
  publisher = {MIT Press},
  series = {Conference Track Proceedings},
  title = {On-line Learning of Dichotomies},
  volume = {7},
  year = {1994}
}

@inproceedings{becker1994jpmax,
  address = {Denver, Colorado, USA},
  author = {Becker, Suzanna},
  booktitle = {Advances in Neural Information Processing Systems 7 (NIPS)},
  editor = {G. Tesauro and D. Touretzky and T. Leen},
  month = {December},
  note = {<https://proceedings.neurips.cc/paper_files/paper/1994/file/4b0250793549726d5c1ea3906726ebfe-Paper.pdf>},
  openalex = {W2115657909},
  publisher = {MIT Press},
  series = {Conference Track Proceedings},
  title = {JPMAX: Learning to Recognize Moving Objects as a Model-fitting Problem},
  volume = {7},
  year = {1994}
}

@inproceedings{bell1994non,
  address = {Denver, Colorado, USA},
  author = {Bell, Anthony and Sejnowski, Terrence J.},
  booktitle = {Advances in Neural Information Processing Systems 7 (NIPS)},
  editor = {Tesauro, G. and Touretzky, D. and Leen, T.},
  month = {December},
  note = {<https://proceedings.neurips.cc/paper_files/paper/1994/file/9232fe81225bcaef853ae32870a2b0fe-Paper.pdf>},
  openalex = {W2130683060},
  publisher = {MIT Press},
  series = {Conference Track Proceedings},
  title = {A Non-linear Information Maximisation Algorithm that Performs Blind Separation},
  volume = {7},
  year = {1994}
}

@inproceedings{bengio1994diffusion,
  address = {Denver, Colorado, USA},
  author = {Bengio, Yoshua and Frasconi, Paolo},
  booktitle = {Advances in Neural Information Processing Systems 7 (NIPS)},
  editor = {G. Tesauro and D. Touretzky and T. Leen},
  month = {December},
  note = {<https://proceedings.neurips.cc/paper_files/paper/1994/file/3e89ebdb49f712c7d90d1b39e348bbbf-Paper.pdf>},
  openalex = {W2095684453},
  publisher = {MIT Press},
  series = {Conference Track Proceedings},
  title = {Diffusion of Credit in Markovian Models},
  volume = {7},
  year = {1994}
}

@inproceedings{bengio1994input,
  address = {Denver, Colorado, USA},
  author = {Bengio, Yoshua and Frasconi, Paolo},
  booktitle = {Advances in Neural Information Processing Systems 7 (NIPS)},
  editor = {Tesauro, G. and Touretzky, D. and Leen, T.},
  month = {December},
  note = {<https://proceedings.neurips.cc/paper_files/paper/1994/file/8065d07da4a77621450aa84fee5656d9-Paper.pdf>},
  openalex = {W2161523118},
  publisher = {MIT Press},
  series = {Conference Track Proceedings},
  title = {An Input Output HMM Architecture},
  volume = {7},
  year = {1994}
}

@inproceedings{berthold1994boosting,
  address = {Denver, Colorado, USA},
  author = {Berthold, Michael and Diamond, Jay},
  booktitle = {Advances in Neural Information Processing Systems 7 (NIPS)},
  editor = {G. Tesauro and D. Touretzky and T. Leen},
  month = {December},
  note = {<https://proceedings.neurips.cc/paper_files/paper/1994/file/c8c41c4a18675a74e01c8a20e8a0f662-Paper.pdf>},
  openalex = {W2102073628},
  publisher = {MIT Press},
  series = {Conference Track Proceedings},
  title = {Boosting the Performance of RBF Networks with Dynamic Decay Adjustment},
  volume = {7},
  year = {1994}
}

@inproceedings{bischof1994pca,
  address = {Denver, Colorado, USA},
  author = {Bischof, Horst and Hornik, Kurt},
  booktitle = {Advances in Neural Information Processing Systems 7 (NIPS)},
  editor = {G. Tesauro and D. Touretzky and T. Leen},
  month = {December},
  note = {<https://proceedings.neurips.cc/paper_files/paper/1994/file/ccc0aa1b81bf81e16c676ddb977c5881-Paper.pdf>},
  openalex = {W2117100281},
  publisher = {MIT Press},
  series = {Conference Track Proceedings},
  title = {PCA-Pyramids for Image Compression},
  volume = {7},
  year = {1994}
}

@inproceedings{bishop1994estimating,
  address = {Denver, Colorado, USA},
  author = {Bishop, Chris M. and Legleye, Claire},
  booktitle = {Advances in Neural Information Processing Systems 7 (NIPS)},
  editor = {Tesauro, G. and Touretzky, D. and Leen, T.},
  month = {December},
  note = {<https://proceedings.neurips.cc/paper_files/paper/1994/file/74bba22728b6185eec06286af6bec36d-Paper.pdf>},
  openalex = {W2120947313},
  publisher = {MIT Press},
  series = {Conference Track Proceedings},
  title = {Estimating Conditional Probability Densities for Periodic Variables},
  volume = {7},
  year = {1994}
}

@inproceedings{bishop1994real,
  address = {Denver, Colorado, USA},
  author = {Bishop, Chris M. and Haynes, Paul S. and Smith, Mike E U and Todd, Tom N. and Trotman, David L. and Windsor, Colin G.},
  booktitle = {Advances in Neural Information Processing Systems 7 (NIPS)},
  editor = {G. Tesauro and D. Touretzky and T. Leen},
  month = {December},
  note = {<https://proceedings.neurips.cc/paper_files/paper/1994/file/2387337ba1e0b0249ba90f55b2ba2521-Paper.pdf>},
  publisher = {MIT Press},
  series = {Conference Track Proceedings},
  title = {Real-Time Control of a Tokamak Plasma Using Neural Networks},
  volume = {7},
  year = {1994}
}

@inproceedings{bottou1994convergence,
  address = {Denver, Colorado, USA},
  author = {Bottou, LÃ©on and Bengio, Yoshua},
  booktitle = {Advances in Neural Information Processing Systems 7 (NIPS)},
  editor = {Tesauro, G. and Touretzky, D. and Leen, T.},
  month = {December},
  note = {<https://proceedings.neurips.cc/paper_files/paper/1994/file/a1140a3d0df1c81e24ae954d935e8926-Paper.pdf>},
  openalex = {W2115665694},
  publisher = {MIT Press},
  series = {Conference Track Proceedings},
  title = {Convergence Properties of the K-Means Algorithms},
  volume = {7},
  year = {1994}
}

@inproceedings{boyan1994generalization,
  address = {Denver, Colorado, USA},
  author = {Boyan, Justin and Moore, Andrew},
  booktitle = {Advances in Neural Information Processing Systems 7 (NIPS)},
  editor = {G. Tesauro and D. Touretzky and T. Leen},
  month = {December},
  note = {<https://proceedings.neurips.cc/paper_files/paper/1994/file/ef50c335cca9f340bde656363ebd02fd-Paper.pdf>},
  openalex = {W2125074935},
  publisher = {MIT Press},
  series = {Conference Track Proceedings},
  title = {Generalization in Reinforcement Learning: Safely Approximating the Value Function},
  volume = {7},
  year = {1994}
}

@inproceedings{bradtke1994reinforcement,
  address = {Denver, Colorado, USA},
  author = {Bradtke, Steven and Duff, Michael},
  booktitle = {Advances in Neural Information Processing Systems 7 (NIPS)},
  editor = {G. Tesauro and D. Touretzky and T. Leen},
  month = {December},
  note = {<https://proceedings.neurips.cc/paper_files/paper/1994/file/07871915a8107172b3b5dc15a6574ad3-Paper.pdf>},
  openalex = {W2153947321},
  publisher = {MIT Press},
  series = {Conference Track Proceedings},
  title = {Reinforcement Learning Methods for Continuous-Time Markov Decision Problems},
  volume = {7},
  year = {1994}
}

@inproceedings{brasherskrug1994catastrophic,
  address = {Denver, Colorado, USA},
  author = {Brashers-Krug, Tom and Shadmehr, Reza and Todorov, Emanuel},
  booktitle = {Advances in Neural Information Processing Systems 7 (NIPS)},
  editor = {G. Tesauro and D. Touretzky and T. Leen},
  month = {December},
  note = {<https://proceedings.neurips.cc/paper_files/paper/1994/file/ca75910166da03ff9d4655a0338e6b09-Paper.pdf>},
  openalex = {W2167456076},
  publisher = {MIT Press},
  series = {Conference Track Proceedings},
  title = {Catastrophic Interference in Human Motor Learning},
  volume = {7},
  year = {1994}
}

@inproceedings{braver1994computational,
  address = {Denver, Colorado, USA},
  author = {Braver, Todd and Cohen, Jonathan D. and Servan-Schreiber, David},
  booktitle = {Advances in Neural Information Processing Systems 7 (NIPS)},
  editor = {Tesauro, G. and Touretzky, D. and Leen, T.},
  month = {December},
  note = {<https://proceedings.neurips.cc/paper_files/paper/1994/file/65cc2c8205a05d7379fa3a6386f710e1-Paper.pdf>},
  openalex = {W2124809797},
  publisher = {MIT Press},
  series = {Conference Track Proceedings},
  title = {A Computational Model of Prefrontal Cortex Function},
  volume = {7},
  year = {1994}
}

@inproceedings{bregler1994nonlinear,
  address = {Denver, Colorado, USA},
  author = {Bregler, Christoph and Omohundro, Stephen},
  booktitle = {Advances in Neural Information Processing Systems 7 (NIPS)},
  editor = {G. Tesauro and D. Touretzky and T. Leen},
  month = {December},
  note = {<https://proceedings.neurips.cc/paper_files/paper/1994/file/d516b13671a4179d9b7b458a6ebdeb92-Paper.pdf>},
  openalex = {W2151391352},
  publisher = {MIT Press},
  series = {Conference Track Proceedings},
  title = {Nonlinear Image Interpolation Using Manifold Learning},
  volume = {7},
  year = {1994}
}

@inproceedings{bruske1994dynamic,
  address = {Denver, Colorado, USA},
  author = {Bruske, JÃ¶rg and Sommer, Gerald},
  booktitle = {Advances in Neural Information Processing Systems 7 (NIPS)},
  editor = {Tesauro, G. and Touretzky, D. and Leen, T.},
  month = {December},
  note = {<https://proceedings.neurips.cc/paper_files/paper/1994/file/92977ae4d2ba21425a59afb269c2a14e-Paper.pdf>},
  openalex = {W2144850958},
  publisher = {MIT Press},
  series = {Conference Track Proceedings},
  title = {Dynamic Cell Structures},
  volume = {7},
  year = {1994}
}

@inproceedings{burgess1994solvable,
  address = {Denver, Colorado, USA},
  author = {Burgess, Neil},
  booktitle = {Advances in Neural Information Processing Systems 7 (NIPS)},
  editor = {G. Tesauro and D. Touretzky and T. Leen},
  month = {December},
  note = {<https://proceedings.neurips.cc/paper_files/paper/1994/file/f47d0ad31c4c49061b9e505593e3db98-Paper.pdf>},
  openalex = {W2164290610},
  publisher = {MIT Press},
  series = {Conference Track Proceedings},
  title = {A Solvable Connectionist Model of Immediate Recall of Ordered Lists},
  volume = {7},
  year = {1994}
}

@inproceedings{burke1994comparing,
  address = {Denver, Colorado, USA},
  author = {Burke, Harry B. and Rosen, David B. and Goodman, Philip H.},
  booktitle = {Advances in Neural Information Processing Systems 7 (NIPS)},
  editor = {Tesauro, G. and Touretzky, D. and Leen, T.},
  month = {December},
  note = {<https://proceedings.neurips.cc/paper_files/paper/1994/file/9908279ebbf1f9b250ba689db6a0222b-Paper.pdf>},
  openalex = {W2170406036},
  publisher = {MIT Press},
  series = {Conference Track Proceedings},
  title = {Comparing the prediction accuracy of artificial neural networks and other statistical models for breast cancer survival},
  volume = {7},
  year = {1994}
}

@inproceedings{carnevale1994electrotonic,
  address = {Denver, Colorado, USA},
  author = {Carnevale, Nicholas T and Tsai, Kenneth Y. and Claiborne, Brenda and Brown, Thomas},
  booktitle = {Advances in Neural Information Processing Systems 7 (NIPS)},
  editor = {G. Tesauro and D. Touretzky and T. Leen},
  month = {December},
  note = {<https://proceedings.neurips.cc/paper_files/paper/1994/file/4b6538a44a1dfdc2b83477cd76dee98e-Paper.pdf>},
  openalex = {W2103296959},
  publisher = {MIT Press},
  series = {Conference Track Proceedings},
  title = {The Electrotonic Transformation: a Tool for Relating Neuronal Form to Function},
  volume = {7},
  year = {1994}
}

@inproceedings{caruana1994learning,
  address = {Denver, Colorado, USA},
  author = {Caruana, Rich},
  booktitle = {Advances in Neural Information Processing Systems 7 (NIPS)},
  editor = {G. Tesauro and D. Touretzky and T. Leen},
  month = {December},
  note = {<https://proceedings.neurips.cc/paper_files/paper/1994/file/0f840be9b8db4d3fbd5ba2ce59211f55-Paper.pdf>},
  openalex = {W2168939893},
  publisher = {MIT Press},
  series = {Conference Track Proceedings},
  title = {Learning Many Related Tasks at the Same Time with Backpropagation},
  volume = {7},
  year = {1994}
}

@inproceedings{cauwenberghs1994charge,
  address = {Denver, Colorado, USA},
  author = {Cauwenberghs, Gert and Pedroni, Volnei},
  booktitle = {Advances in Neural Information Processing Systems 7 (NIPS)},
  editor = {G. Tesauro and D. Touretzky and T. Leen},
  month = {December},
  note = {<https://proceedings.neurips.cc/paper_files/paper/1994/file/c4b31ce7d95c75ca70d50c19aef08bf1-Paper.pdf>},
  openalex = {W2096067080},
  publisher = {MIT Press},
  series = {Conference Track Proceedings},
  title = {A Charge-Based CMOS Parallel Analog Vector Quantizer},
  volume = {7},
  year = {1994}
}

@inproceedings{chang1994using,
  address = {Denver, Colorado, USA},
  author = {Chang, Eric and Lippmann, Richard P.},
  booktitle = {Advances in Neural Information Processing Systems 7 (NIPS)},
  editor = {Tesauro, G. and Touretzky, D. and Leen, T.},
  month = {December},
  note = {<https://proceedings.neurips.cc/paper_files/paper/1994/file/a3d68b461bd9d3533ee1dd3ce4628ed4-Paper.pdf>},
  openalex = {W2124735141},
  publisher = {MIT Press},
  series = {Conference Track Proceedings},
  title = {Using Voice Transformations to Create Additional Training Talkers for Word Spotting},
  volume = {7},
  year = {1994}
}

@inproceedings{coggins1994iceg,
  address = {Denver, Colorado, USA},
  author = {Coggins, Richard and Jabri, Marwan and Flower, Barry and Pickard, Stephen},
  booktitle = {Advances in Neural Information Processing Systems 7 (NIPS)},
  editor = {G. Tesauro and D. Touretzky and T. Leen},
  month = {December},
  note = {<https://proceedings.neurips.cc/paper_files/paper/1994/file/fed33392d3a48aa149a87a38b875ba4a-Paper.pdf>},
  openalex = {W2114592597},
  publisher = {MIT Press},
  series = {Conference Track Proceedings},
  title = {ICEG Morphology Classification Using an Analogue VLSI Neural Network},
  volume = {7},
  year = {1994}
}

@inproceedings{cohn1994active,
  address = {Denver, Colorado, USA},
  author = {Cohn, David and Ghahramani, Zoubin and Jordan, Michael},
  booktitle = {Advances in Neural Information Processing Systems 7 (NIPS)},
  editor = {Tesauro, G. and Touretzky, D. and Leen, T.},
  month = {December},
  note = {<https://proceedings.neurips.cc/paper_files/paper/1994/file/7f975a56c761db6506eca0b37ce6ec87-Paper.pdf>},
  openalex = {W2570764145},
  publisher = {MIT Press},
  series = {Conference Track Proceedings},
  title = {Active Learning with Statistical Models},
  volume = {7},
  year = {1994}
}

@inproceedings{cortes1994limits,
  address = {Denver, Colorado, USA},
  author = {Cortes, Corinna and Jackel, L. D. and Chiang, Wan-Ping},
  booktitle = {Advances in Neural Information Processing Systems 7 (NIPS)},
  editor = {G. Tesauro and D. Touretzky and T. Leen},
  month = {December},
  note = {<https://proceedings.neurips.cc/paper_files/paper/1994/file/1e056d2b0ebd5c878c550da6ac5d3724-Paper.pdf>},
  openalex = {W1513440331},
  publisher = {MIT Press},
  series = {Conference Track Proceedings},
  title = {Limits on Learning Machine Accuracy Imposed by Data Quality},
  volume = {7},
  year = {1994}
}

@inproceedings{crites1994actor,
  address = {Denver, Colorado, USA},
  author = {Crites, Robert and Barto, Andrew},
  booktitle = {Advances in Neural Information Processing Systems 7 (NIPS)},
  editor = {G. Tesauro and D. Touretzky and T. Leen},
  month = {December},
  note = {<https://proceedings.neurips.cc/paper_files/paper/1994/file/23ce1851341ec1fa9e0c259de10bf87c-Paper.pdf>},
  openalex = {W2108772579},
  publisher = {MIT Press},
  series = {Conference Track Proceedings},
  title = {An Actor/Critic Algorithm that is Equivalent to Q-Learning},
  volume = {7},
  year = {1994}
}

@inproceedings{darrell1994correlation,
  address = {Denver, Colorado, USA},
  author = {Darrell, Trevor and Essa, Irfan and Pentland, Alex},
  booktitle = {Advances in Neural Information Processing Systems 7 (NIPS)},
  editor = {Tesauro, G. and Touretzky, D. and Leen, T.},
  month = {December},
  note = {<https://proceedings.neurips.cc/paper_files/paper/1994/file/b706835de79a2b4e80506f582af3676a-Paper.pdf>},
  openalex = {W2117732173},
  publisher = {MIT Press},
  series = {Conference Track Proceedings},
  title = {Correlation and Interpolation Networks for Real-time Expression Analysis/Synthesis},
  volume = {7},
  year = {1994}
}

@inproceedings{deco1994higher,
  address = {Denver, Colorado, USA},
  author = {Deco, Gustavo and Brauer, Wilfried},
  booktitle = {Advances in Neural Information Processing Systems 7 (NIPS)},
  editor = {Tesauro, G. and Touretzky, D. and Leen, T.},
  month = {December},
  note = {<https://proceedings.neurips.cc/paper_files/paper/1994/file/892c91e0a653ba19df81a90f89d99bcd-Paper.pdf>},
  openalex = {W2101793402},
  publisher = {MIT Press},
  series = {Conference Track Proceedings},
  title = {Higher Order Statistical Decorrelation without Information Loss},
  volume = {7},
  year = {1994}
}

@inproceedings{dong1994associative,
  address = {Denver, Colorado, USA},
  author = {Dong, Dawei},
  booktitle = {Advances in Neural Information Processing Systems 7 (NIPS)},
  editor = {Tesauro, G. and Touretzky, D. and Leen, T.},
  month = {December},
  note = {<https://proceedings.neurips.cc/paper_files/paper/1994/file/766d856ef1a6b02f93d894415e6bfa0e-Paper.pdf>},
  openalex = {W2166829413},
  publisher = {MIT Press},
  series = {Conference Track Proceedings},
  title = {Associative Decorrelation Dynamics: A Theory of Self-Organization and Optimization in Feedback Networks},
  volume = {7},
  year = {1994}
}

@inproceedings{doya1994novel,
  address = {Denver, Colorado, USA},
  author = {Doya, Kenji and Sejnowski, Terrence J.},
  booktitle = {Advances in Neural Information Processing Systems 7 (NIPS)},
  editor = {G. Tesauro and D. Touretzky and T. Leen},
  month = {December},
  note = {<https://proceedings.neurips.cc/paper_files/paper/1994/file/0a113ef6b61820daa5611c870ed8d5ee-Paper.pdf>},
  openalex = {W2145700039},
  publisher = {MIT Press},
  series = {Conference Track Proceedings},
  title = {A Novel Reinforcement Model of Birdsong Vocalization Learning},
  volume = {7},
  year = {1994}
}

@inproceedings{erwin1994critical,
  address = {Denver, Colorado, USA},
  author = {Erwin, E. and Obermayer, K. and Schulten, K.},
  booktitle = {Advances in Neural Information Processing Systems 7 (NIPS)},
  editor = {G. Tesauro and D. Touretzky and T. Leen},
  month = {December},
  note = {<https://proceedings.neurips.cc/paper_files/paper/1994/file/5d616dd38211ebb5d6ec52986674b6e4-Paper.pdf>},
  openalex = {W2113020402},
  publisher = {MIT Press},
  series = {Conference Track Proceedings},
  title = {A Critical Comparison of Models for Orientation and Ocular Dominance Columns in the Striate Cortex},
  volume = {7},
  year = {1994}
}

@inproceedings{fels1994glove,
  address = {Denver, Colorado, USA},
  author = {Fels, Sidney and Hinton, Geoffrey E},
  booktitle = {Advances in Neural Information Processing Systems 7 (NIPS)},
  editor = {G. Tesauro and D. Touretzky and T. Leen},
  month = {December},
  note = {<https://proceedings.neurips.cc/paper_files/paper/1994/file/c2aee86157b4a40b78132f1e71a9e6f1-Paper.pdf>},
  openalex = {W86966336},
  publisher = {MIT Press},
  series = {Conference Track Proceedings},
  title = {Glove-TalkII: Mapping Hand Gestures to Speech Using Neural Networks},
  volume = {7},
  year = {1994}
}

@inproceedings{feng1994rigorous,
  address = {Denver, Colorado, USA},
  author = {Feng, J. and Pan, H. and Roychowdhury, V. P.},
  booktitle = {Advances in Neural Information Processing Systems 7 (NIPS)},
  editor = {Tesauro, G. and Touretzky, D. and Leen, T.},
  month = {December},
  note = {<https://proceedings.neurips.cc/paper_files/paper/1994/file/7634ea65a4e6d9041cfd3f7de18e334a-Paper.pdf>},
  openalex = {W2106882993},
  publisher = {MIT Press},
  series = {Conference Track Proceedings},
  title = {A Rigorous Analysis of Linsker-type Hebbian Learning},
  volume = {7},
  year = {1994}
}

@inproceedings{fritzke1994growing,
  address = {Denver, Colorado, USA},
  author = {Fritzke, Bernd},
  booktitle = {Advances in Neural Information Processing Systems 7 (NIPS)},
  editor = {G. Tesauro and D. Touretzky and T. Leen},
  month = {December},
  note = {<https://proceedings.neurips.cc/paper_files/paper/1994/file/d56b9fc4b0f1be8871f5e1c40c0067e7-Paper.pdf>},
  openalex = {W2138754805},
  publisher = {MIT Press},
  series = {Conference Track Proceedings},
  title = {A Growing Neural Gas Network Learns Topologies},
  volume = {7},
  year = {1994}
}

@inproceedings{furlanello1994connectionist,
  address = {Denver, Colorado, USA},
  author = {Furlanello, Cesare and Giuliani, Diego and Trentin, Edmondo},
  booktitle = {Advances in Neural Information Processing Systems 7 (NIPS)},
  editor = {G. Tesauro and D. Touretzky and T. Leen},
  month = {December},
  note = {<https://proceedings.neurips.cc/paper_files/paper/1994/file/08fe2621d8e716b02ec0da35256a998d-Paper.pdf>},
  openalex = {W2163242682},
  publisher = {MIT Press},
  series = {Conference Track Proceedings},
  title = {Connectionist Speaker Normalization with Generalized Resource Allocating Networks},
  volume = {7},
  year = {1994}
}

@inproceedings{ghahramani1994computational,
  address = {Denver, Colorado, USA},
  author = {Ghahramani, Zoubin and Wolpert, Daniel M and Jordan, Michael},
  booktitle = {Advances in Neural Information Processing Systems 7 (NIPS)},
  editor = {G. Tesauro and D. Touretzky and T. Leen},
  month = {December},
  note = {<https://proceedings.neurips.cc/paper_files/paper/1994/file/58e4d44e550d0f7ee0a23d6b02d9b0db-Paper.pdf>},
  openalex = {W2135872653},
  publisher = {MIT Press},
  series = {Conference Track Proceedings},
  title = {Computational Structure of coordinate transformations: A generalization study},
  volume = {7},
  year = {1994}
}

@inproceedings{ghahramani1994factorial,
  address = {Denver, Colorado, USA},
  author = {Ghahramani, Zoubin},
  booktitle = {Advances in Neural Information Processing Systems 7 (NIPS)},
  editor = {G. Tesauro and D. Touretzky and T. Leen},
  month = {December},
  note = {<https://proceedings.neurips.cc/paper_files/paper/1994/file/20aee3a5f4643755a79ee5f6a73050ac-Paper.pdf>},
  openalex = {W2161335636},
  publisher = {MIT Press},
  series = {Conference Track Proceedings},
  title = {Factorial Learning and the EM Algorithm},
  volume = {7},
  year = {1994}
}

@inproceedings{gold1994learning,
  address = {Denver, Colorado, USA},
  author = {Gold, Steven and Rangarajan, Anand and Mjolsness, Eric},
  booktitle = {Advances in Neural Information Processing Systems 7 (NIPS)},
  editor = {G. Tesauro and D. Touretzky and T. Leen},
  month = {December},
  note = {<https://proceedings.neurips.cc/paper_files/paper/1994/file/043c3d7e489c69b48737cc0c92d0f3a2-Paper.pdf>},
  openalex = {W2133277031},
  publisher = {MIT Press},
  series = {Conference Track Proceedings},
  title = {Learning with Preknowledge: Clustering with Point and Graph Matching Distance Measures},
  volume = {7},
  year = {1994}
}

@inproceedings{gold1994new,
  address = {Denver, Colorado, USA},
  author = {Gold, Steven and Lu, Chien-Ping and Rangarajan, Anand and Pappu, Suguna and Mjolsness, Eric},
  booktitle = {Advances in Neural Information Processing Systems 7 (NIPS)},
  editor = {G. Tesauro and D. Touretzky and T. Leen},
  month = {December},
  note = {<https://proceedings.neurips.cc/paper_files/paper/1994/file/cc1aa436277138f61cda703991069eaf-Paper.pdf>},
  openalex = {W2116793329},
  publisher = {MIT Press},
  series = {Conference Track Proceedings},
  title = {New Algorithms for 2D and 3D Point Matching: Pose Estimation and Correspondence},
  volume = {7},
  year = {1994}
}

@inproceedings{graham1994capacity,
  address = {Denver, Colorado, USA},
  author = {Graham, Bruce and Willshaw, David},
  booktitle = {Advances in Neural Information Processing Systems 7 (NIPS)},
  editor = {Tesauro, G. and Touretzky, D. and Leen, T.},
  month = {December},
  note = {<https://proceedings.neurips.cc/paper_files/paper/1994/file/8f468c873a32bb0619eaeb2050ba45d1-Paper.pdf>},
  openalex = {W2146465360},
  publisher = {MIT Press},
  series = {Conference Track Proceedings},
  title = {Capacity and Information Efficiency of a Brain-like Associative Net},
  volume = {7},
  year = {1994}
}

@inproceedings{han1994implementation,
  address = {Denver, Colorado, USA},
  author = {Han, Il and Kim, Ki-Chul and Lee, Hwang-Soo},
  booktitle = {Advances in Neural Information Processing Systems 7 (NIPS)},
  editor = {Tesauro, G. and Touretzky, D. and Leen, T.},
  month = {December},
  note = {<https://proceedings.neurips.cc/paper_files/paper/1994/file/704afe073992cbe4813cae2f7715336f-Paper.pdf>},
  publisher = {MIT Press},
  series = {Conference Track Proceedings},
  title = {Implementation of Neural Hardware with the Neural VLSI of URAN in Applications with Reduced Representations},
  volume = {7},
  year = {1994}
}

@inproceedings{harmon1994advantage,
  address = {Denver, Colorado, USA},
  author = {Harmon, Mance E. and Baird, Leemon and Klopf, A. Harry},
  booktitle = {Advances in Neural Information Processing Systems 7 (NIPS)},
  editor = {G. Tesauro and D. Touretzky and T. Leen},
  month = {December},
  note = {<https://proceedings.neurips.cc/paper_files/paper/1994/file/2a9d121cd9c3a1832bb6d2cc6bd7a8a7-Paper.pdf>},
  openalex = {W2124215603},
  publisher = {MIT Press},
  series = {Conference Track Proceedings},
  title = {Advantage Updating Applied to a Differential Game},
  volume = {7},
  year = {1994}
}

@inproceedings{hasler1994single,
  address = {Denver, Colorado, USA},
  author = {Hasler, Paul and Diorio, Chris and Minch, Bradley and Mead, Carver},
  booktitle = {Advances in Neural Information Processing Systems 7 (NIPS)},
  editor = {Tesauro, G. and Touretzky, D. and Leen, T.},
  month = {December},
  note = {<https://proceedings.neurips.cc/paper_files/paper/1994/file/934815ad542a4a7c5e8a2dfa04fea9f5-Paper.pdf>},
  publisher = {MIT Press},
  series = {Conference Track Proceedings},
  title = {Single Transistor Learning Synapses},
  volume = {7},
  year = {1994}
}

@inproceedings{hasselmo1994model,
  address = {Denver, Colorado, USA},
  author = {Hasselmo, Michael and Schnell, Eric and Berke, Joshua and Barkai, Edi},
  booktitle = {Advances in Neural Information Processing Systems 7 (NIPS)},
  editor = {G. Tesauro and D. Touretzky and T. Leen},
  month = {December},
  note = {<https://proceedings.neurips.cc/paper_files/paper/1994/file/c22abfa379f38b5b0411bc11fa9bf92f-Paper.pdf>},
  openalex = {W2101008211},
  publisher = {MIT Press},
  series = {Conference Track Proceedings},
  title = {A Model of the Hippocampus Combining Self-Organization and Associative Memory Function},
  volume = {7},
  year = {1994}
}

@inproceedings{hassibi1994h,
  address = {Denver, Colorado, USA},
  author = {Hassibi, Babak and Kailath, Thomas},
  booktitle = {Advances in Neural Information Processing Systems 7 (NIPS)},
  editor = {G. Tesauro and D. Touretzky and T. Leen},
  month = {December},
  note = {<https://proceedings.neurips.cc/paper_files/paper/1994/file/f57a2f557b098c43f11ab969efe1504b-Paper.pdf>},
  openalex = {W2120240656},
  publisher = {MIT Press},
  series = {Conference Track Proceedings},
  title = {Hâ Optimal Training Algorithms and Their Relation to Backpropagation},
  volume = {7},
  year = {1994}
}

@inproceedings{hastie1994learning,
  address = {Denver, Colorado, USA},
  author = {Hastie, Trevor and Simard, Patrice},
  booktitle = {Advances in Neural Information Processing Systems 7 (NIPS)},
  editor = {G. Tesauro and D. Touretzky and T. Leen},
  month = {December},
  note = {<https://proceedings.neurips.cc/paper_files/paper/1994/file/3df1d4b96d8976ff5986393e8767f5b2-Paper.pdf>},
  openalex = {W2100439325},
  publisher = {MIT Press},
  series = {Conference Track Proceedings},
  title = {Learning Prototype Models for Tangent Distance},
  volume = {7},
  year = {1994}
}

@inproceedings{hinton1994recognizing,
  address = {Denver, Colorado, USA},
  author = {Hinton, Geoffrey E and Revow, Michael and Dayan, Peter},
  booktitle = {Advances in Neural Information Processing Systems 7 (NIPS)},
  editor = {G. Tesauro and D. Touretzky and T. Leen},
  month = {December},
  note = {<https://proceedings.neurips.cc/paper_files/paper/1994/file/5c936263f3428a40227908d5a3847c0b-Paper.pdf>},
  openalex = {W2114309103},
  publisher = {MIT Press},
  series = {Conference Track Proceedings},
  title = {Recognizing Handwritten Digits Using Mixtures of Linear Models},
  volume = {7},
  year = {1994}
}

@inproceedings{hochreiter1994simplifying,
  address = {Denver, Colorado, USA},
  author = {Hochreiter, Sepp and Schmidhuber, JÃ¼rgen},
  booktitle = {Advances in Neural Information Processing Systems 7 (NIPS)},
  editor = {G. Tesauro and D. Touretzky and T. Leen},
  month = {December},
  note = {<https://proceedings.neurips.cc/paper_files/paper/1994/file/01882513d5fa7c329e940dda99b12147-Paper.pdf>},
  openalex = {W2143163787},
  publisher = {MIT Press},
  series = {Conference Track Proceedings},
  title = {SIMPLIFYING NEURAL NETS BY DISCOVERING FLAT MINIMA},
  volume = {7},
  year = {1994}
}

@inproceedings{hofmann1994multidimensional,
  address = {Denver, Colorado, USA},
  author = {Hofmann, Thomas and Buhmann, Joachim},
  booktitle = {Advances in Neural Information Processing Systems 7 (NIPS)},
  editor = {G. Tesauro and D. Touretzky and T. Leen},
  month = {December},
  note = {<https://proceedings.neurips.cc/paper_files/paper/1994/file/1587965fb4d4b5afe8428a4a024feb0d-Paper.pdf>},
  openalex = {W2161638904},
  publisher = {MIT Press},
  series = {Conference Track Proceedings},
  title = {Multidimensional Scaling and Data Clustering},
  volume = {7},
  year = {1994}
}

@inproceedings{holmes1994pulsestream,
  address = {Denver, Colorado, USA},
  author = {Holmes, A. and Murray, Alan and Churcher, Stephen and Hajto, J. and Rose, M.},
  booktitle = {Advances in Neural Information Processing Systems 7 (NIPS)},
  editor = {Tesauro, G. and Touretzky, D. and Leen, T.},
  month = {December},
  note = {<https://proceedings.neurips.cc/paper_files/paper/1994/file/9246444d94f081e3549803b928260f56-Paper.pdf>},
  openalex = {W2114554370},
  publisher = {MIT Press},
  series = {Conference Track Proceedings},
  title = {Pulsestream Synapses with Non-Volatile Analogue Amorphous-Silicon Memories},
  volume = {7},
  year = {1994}
}

@inproceedings{horiuchi1994auditory,
  address = {Denver, Colorado, USA},
  author = {Horiuchi, Timothy},
  booktitle = {Advances in Neural Information Processing Systems 7 (NIPS)},
  editor = {G. Tesauro and D. Touretzky and T. Leen},
  month = {December},
  note = {<https://proceedings.neurips.cc/paper_files/paper/1994/file/1ce927f875864094e3906a4a0b5ece68-Paper.pdf>},
  openalex = {W2155814377},
  publisher = {MIT Press},
  series = {Conference Track Proceedings},
  title = {An Auditory Localization and Coordinate Transform Chip},
  volume = {7},
  year = {1994}
}

@inproceedings{horne1994experimental,
  address = {Denver, Colorado, USA},
  author = {Horne, Bill and Giles, C.},
  booktitle = {Advances in Neural Information Processing Systems 7 (NIPS)},
  editor = {G. Tesauro and D. Touretzky and T. Leen},
  month = {December},
  note = {<https://proceedings.neurips.cc/paper_files/paper/1994/file/31b3b31a1c2f8a370206f111127c0dbd-Paper.pdf>},
  openalex = {W2163509534},
  publisher = {MIT Press},
  series = {Conference Track Proceedings},
  title = {An experimental comparison of recurrent neural networks},
  volume = {7},
  year = {1994}
}

@inproceedings{jaakkola1994reinforcement,
  address = {Denver, Colorado, USA},
  author = {Jaakkola, Tommi and Singh, Satinder and Jordan, Michael},
  booktitle = {Advances in Neural Information Processing Systems 7 (NIPS)},
  editor = {G. Tesauro and D. Touretzky and T. Leen},
  month = {December},
  note = {<https://proceedings.neurips.cc/paper_files/paper/1994/file/1c1d4df596d01da60385f0bb17a4a9e0-Paper.pdf>},
  openalex = {W2160067530},
  publisher = {MIT Press},
  series = {Conference Track Proceedings},
  title = {Reinforcement Learning Algorithm for Partially Observable Markov Decision Problems},
  volume = {7},
  year = {1994}
}

@inproceedings{james1994sardnet,
  address = {Denver, Colorado, USA},
  author = {James, Daniel L. and Miikkulainen, Risto},
  booktitle = {Advances in Neural Information Processing Systems 7 (NIPS)},
  editor = {Tesauro, G. and Touretzky, D. and Leen, T.},
  month = {December},
  note = {<https://proceedings.neurips.cc/paper_files/paper/1994/file/90794e3b050f815354e3e29e977a88ab-Paper.pdf>},
  openalex = {W2125848004},
  publisher = {MIT Press},
  series = {Conference Track Proceedings},
  title = {SARDNET: A Self-Organizing Feature Map for Sequences},
  volume = {7},
  year = {1994}
}

@inproceedings{jim1994effects,
  address = {Denver, Colorado, USA},
  author = {Jim, Kam and Horne, Bill and Giles, C.},
  booktitle = {Advances in Neural Information Processing Systems 7 (NIPS)},
  editor = {Tesauro, G. and Touretzky, D. and Leen, T.},
  month = {December},
  note = {<https://proceedings.neurips.cc/paper_files/paper/1994/file/6c3cf77d52820cd0fe646d38bc2145ca-Paper.pdf>},
  openalex = {W2127342049},
  publisher = {MIT Press},
  series = {Conference Track Proceedings},
  title = {Effects of Noise on Convergence and Generalization in Recurrent Networks},
  volume = {7},
  year = {1994}
}

@inproceedings{kambhatla1994classifying,
  address = {Denver, Colorado, USA},
  author = {Kambhatla, Nanda and Leen, Todd},
  booktitle = {Advances in Neural Information Processing Systems 7 (NIPS)},
  editor = {Tesauro, G. and Touretzky, D. and Leen, T.},
  month = {December},
  note = {<https://proceedings.neurips.cc/paper_files/paper/1994/file/621461af90cadfdaf0e8d4cc25129f91-Paper.pdf>},
  publisher = {MIT Press},
  series = {Conference Track Proceedings},
  title = {Classifying with Gaussian Mixtures and Clusters},
  volume = {7},
  year = {1994}
}

@inproceedings{kazlas1994direct,
  address = {Denver, Colorado, USA},
  author = {Kazlas, Peter T. and Weigend, Andreas},
  booktitle = {Advances in Neural Information Processing Systems 7 (NIPS)},
  editor = {Tesauro, G. and Touretzky, D. and Leen, T.},
  month = {December},
  note = {<https://proceedings.neurips.cc/paper_files/paper/1994/file/8d6dc35e506fc23349dd10ee68dabb64-Paper.pdf>},
  openalex = {W2116690118},
  publisher = {MIT Press},
  series = {Conference Track Proceedings},
  title = {Direct Multi-Step Time Series Prediction Using TD(Î»)},
  volume = {7},
  year = {1994}
}

@inproceedings{kowalczyk1994generalisation,
  address = {Denver, Colorado, USA},
  author = {Kowalczyk, Adam and FerrÃ , Herman},
  booktitle = {Advances in Neural Information Processing Systems 7 (NIPS)},
  editor = {Tesauro, G. and Touretzky, D. and Leen, T.},
  month = {December},
  note = {<https://proceedings.neurips.cc/paper_files/paper/1994/file/8b5040a8a5baf3e0e67386c2e3a9b903-Paper.pdf>},
  openalex = {W2110001975},
  publisher = {MIT Press},
  series = {Conference Track Proceedings},
  title = {Generalisation in Feedforward Networks},
  volume = {7},
  year = {1994}
}

@inproceedings{krogh1994neural,
  address = {Denver, Colorado, USA},
  author = {Krogh, Anders and Vedelsby, Jesper},
  booktitle = {Advances in Neural Information Processing Systems 7 (NIPS)},
  editor = {Tesauro, G. and Touretzky, D. and Leen, T.},
  month = {December},
  note = {<https://proceedings.neurips.cc/paper_files/paper/1994/file/b8c37e33defde51cf91e1e03e51657da-Paper.pdf>},
  openalex = {W2128073546},
  publisher = {MIT Press},
  series = {Conference Track Proceedings},
  title = {Neural Network Ensembles, Cross Validation, and Active Learning},
  volume = {7},
  year = {1994}
}

@inproceedings{leen1994from,
  address = {Denver, Colorado, USA},
  author = {Leen, Todd},
  booktitle = {Advances in Neural Information Processing Systems 7 (NIPS)},
  editor = {Tesauro, G. and Touretzky, D. and Leen, T.},
  month = {December},
  note = {<https://proceedings.neurips.cc/paper_files/paper/1994/file/7fa732b517cbed14a48843d74526c11a-Paper.pdf>},
  publisher = {MIT Press},
  series = {Conference Track Proceedings},
  title = {From Data Distributions to Regularization in Invariant Learning},
  volume = {7},
  year = {1994}
}

@inproceedings{leerink1994learning,
  address = {Denver, Colorado, USA},
  author = {Leerink, Laurens and Giles, C. and Horne, Bill and Jabri, Marwan},
  booktitle = {Advances in Neural Information Processing Systems 7 (NIPS)},
  editor = {G. Tesauro and D. Touretzky and T. Leen},
  month = {December},
  note = {<https://proceedings.neurips.cc/paper_files/paper/1994/file/4fac9ba115140ac4f1c22da82aa0bc7f-Paper.pdf>},
  openalex = {W2119139220},
  publisher = {MIT Press},
  series = {Conference Track Proceedings},
  title = {Learning with Product Units},
  volume = {7},
  year = {1994}
}

@inproceedings{lemmon1994interior,
  address = {Denver, Colorado, USA},
  author = {Lemmon, Michael and Szymanski, Peter},
  booktitle = {Advances in Neural Information Processing Systems 7 (NIPS)},
  editor = {G. Tesauro and D. Touretzky and T. Leen},
  month = {December},
  note = {<https://proceedings.neurips.cc/paper_files/paper/1994/file/d79aac075930c83c2f1e369a511148fe-Paper.pdf>},
  openalex = {W2152098286},
  publisher = {MIT Press},
  series = {Conference Track Proceedings},
  title = {Interior Point Implementations of Alternating Minimization Training},
  volume = {7},
  year = {1994}
}

@inproceedings{lippe1994study,
  address = {Denver, Colorado, USA},
  author = {Lippe, D. and Alspector, Joshua},
  booktitle = {Advances in Neural Information Processing Systems 7 (NIPS)},
  editor = {Tesauro, G. and Touretzky, D. and Leen, T.},
  month = {December},
  note = {<https://proceedings.neurips.cc/paper_files/paper/1994/file/b56a18e0eacdf51aa2a5306b0f533204-Paper.pdf>},
  openalex = {W2144102635},
  publisher = {MIT Press},
  series = {Conference Track Proceedings},
  title = {A Study of Parallel Perturbative Gradient Descent},
  volume = {7},
  year = {1994}
}

@inproceedings{lippmann1994predicting,
  address = {Denver, Colorado, USA},
  author = {Lippmann, Richard P and Kukolich, Linda and Shahian, David},
  booktitle = {Advances in Neural Information Processing Systems 7 (NIPS)},
  editor = {G. Tesauro and D. Touretzky and T. Leen},
  month = {December},
  note = {<https://proceedings.neurips.cc/paper_files/paper/1994/file/168908dd3227b8358eababa07fcaf091-Paper.pdf>},
  openalex = {W2144633776},
  publisher = {MIT Press},
  series = {Conference Track Proceedings},
  title = {Predicting the Risk of Complications in Coronary Artery Bypass Operations using Neural Networks},
  volume = {7},
  year = {1994}
}

@inproceedings{liu1994integrated,
  address = {Denver, Colorado, USA},
  author = {Liu, Ke and Tokar, Robert and McVey, Brian},
  booktitle = {Advances in Neural Information Processing Systems 7 (NIPS)},
  editor = {Tesauro, G. and Touretzky, D. and Leen, T.},
  month = {December},
  note = {<https://proceedings.neurips.cc/paper_files/paper/1994/file/6cfe0e6127fa25df2a0ef2ae1067d915-Paper.pdf>},
  publisher = {MIT Press},
  series = {Conference Track Proceedings},
  title = {An Integrated Architecture of Adaptive Neural Network Control for Dynamic Systems},
  volume = {7},
  year = {1994}
}

@inproceedings{maass1994on,
  address = {Denver, Colorado, USA},
  author = {Maass, Wolfgang},
  booktitle = {Advances in Neural Information Processing Systems 7 (NIPS)},
  editor = {G. Tesauro and D. Touretzky and T. Leen},
  month = {December},
  note = {<https://proceedings.neurips.cc/paper_files/paper/1994/file/cbb6a3b884f4f88b3a8e3d44c636cbd8-Paper.pdf>},
  openalex = {W2153669956},
  publisher = {MIT Press},
  series = {Conference Track Proceedings},
  title = {On the Computational Complexity of Networks of Spiking Neurons},
  volume = {7},
  year = {1994}
}

@inproceedings{malaka1994model,
  address = {Denver, Colorado, USA},
  author = {Malaka, Rainer and Ragg, Thomas and Hammer, Martin},
  booktitle = {Advances in Neural Information Processing Systems 7 (NIPS)},
  editor = {G. Tesauro and D. Touretzky and T. Leen},
  month = {December},
  note = {<https://proceedings.neurips.cc/paper_files/paper/1994/file/e820a45f1dfc7b95282d10b6087e11c0-Paper.pdf>},
  openalex = {W2117369166},
  publisher = {MIT Press},
  series = {Conference Track Proceedings},
  title = {A Model for Chemosensory Reception},
  volume = {7},
  year = {1994}
}

@inproceedings{manke1994use,
  address = {Denver, Colorado, USA},
  author = {Manke, Stefan and Finke, Michael and Waibel, Alex},
  booktitle = {Advances in Neural Information Processing Systems 7 (NIPS)},
  editor = {Tesauro, G. and Touretzky, D. and Leen, T.},
  month = {December},
  note = {<https://proceedings.neurips.cc/paper_files/paper/1994/file/8b6dd7db9af49e67306feb59a8bdc52c-Paper.pdf>},
  openalex = {W2105959208},
  publisher = {MIT Press},
  series = {Conference Track Proceedings},
  title = {The Use of Dynamic Writing Information in a Connectionist On-Line Cursive Handwriting Recognition System},
  volume = {7},
  year = {1994}
}

@inproceedings{marchand1994learning,
  address = {Denver, Colorado, USA},
  author = {Marchand, Mario and Hadjifaradji, Saeed},
  booktitle = {Advances in Neural Information Processing Systems 7 (NIPS)},
  editor = {G. Tesauro and D. Touretzky and T. Leen},
  month = {December},
  note = {<https://proceedings.neurips.cc/paper_files/paper/1994/file/dd8eb9f23fbd362da0e3f4e70b878c16-Paper.pdf>},
  openalex = {W2122737207},
  publisher = {MIT Press},
  series = {Conference Track Proceedings},
  title = {Learning Stochastic Perceptrons Under k-Blocking Distributions},
  volume = {7},
  year = {1994}
}

@inproceedings{marion1994hyperparameters,
  address = {Denver, Colorado, USA},
  author = {Marion, Glenn and Saad, David},
  booktitle = {Advances in Neural Information Processing Systems 7 (NIPS)},
  editor = {G. Tesauro and D. Touretzky and T. Leen},
  month = {December},
  note = {<https://proceedings.neurips.cc/paper_files/paper/1994/file/e6cb2a3c14431b55aa50c06529eaa21b-Paper.pdf>},
  openalex = {W2170603741},
  publisher = {MIT Press},
  series = {Conference Track Proceedings},
  title = {Hyperparameters Evidence and Generalisation for an Unrealisable Rule},
  volume = {7},
  year = {1994}
}

@inproceedings{mathis1994on,
  address = {Denver, Colorado, USA},
  author = {Mathis, Donald and Mozer, Michael C.},
  booktitle = {Advances in Neural Information Processing Systems 7 (NIPS)},
  editor = {Tesauro, G. and Touretzky, D. and Leen, T.},
  month = {December},
  note = {<https://proceedings.neurips.cc/paper_files/paper/1994/file/6aab1270668d8cac7cef2566a1c5f569-Paper.pdf>},
  openalex = {W2113249096},
  publisher = {MIT Press},
  series = {Conference Track Proceedings},
  title = {On the Computational Utility of Consciousness},
  volume = {7},
  year = {1994}
}

@inproceedings{mccallum1994instance,
  address = {Denver, Colorado, USA},
  author = {McCallum, R. Andrew},
  booktitle = {Advances in Neural Information Processing Systems 7 (NIPS)},
  editor = {G. Tesauro and D. Touretzky and T. Leen},
  month = {December},
  note = {<https://proceedings.neurips.cc/paper_files/paper/1994/file/d2ed45a52bc0edfa11c2064e9edee8bf-Paper.pdf>},
  openalex = {W2172246523},
  publisher = {MIT Press},
  series = {Conference Track Proceedings},
  title = {Instance-Based State Identification for Reinforcement Learning},
  volume = {7},
  year = {1994}
}

@inproceedings{meir1994bias,
  address = {Denver, Colorado, USA},
  author = {Meir, Ronny},
  booktitle = {Advances in Neural Information Processing Systems 7 (NIPS)},
  editor = {G. Tesauro and D. Touretzky and T. Leen},
  month = {December},
  note = {<https://proceedings.neurips.cc/paper_files/paper/1994/file/0b8aff0438617c055eb55f0ba5d226fa-Paper.pdf>},
  openalex = {W2167829771},
  publisher = {MIT Press},
  series = {Conference Track Proceedings},
  title = {Bias, Variance and the Combination of Least Squares Estimators},
  volume = {7},
  year = {1994}
}

@inproceedings{minch1994silicon,
  address = {Denver, Colorado, USA},
  author = {Minch, Bradley and Hasler, Paul and Diorio, Chris and Mead, Carver},
  booktitle = {Advances in Neural Information Processing Systems 7 (NIPS)},
  editor = {Tesauro, G. and Touretzky, D. and Leen, T.},
  month = {December},
  note = {<https://proceedings.neurips.cc/paper_files/paper/1994/file/aa169b49b583a2b5af89203c2b78c67c-Paper.pdf>},
  publisher = {MIT Press},
  series = {Conference Track Proceedings},
  title = {A Silicon Axon},
  volume = {7},
  year = {1994}
}

@inproceedings{movellan1994visual,
  address = {Denver, Colorado, USA},
  author = {Movellan, Javier},
  booktitle = {Advances in Neural Information Processing Systems 7 (NIPS)},
  editor = {Tesauro, G. and Touretzky, D. and Leen, T.},
  month = {December},
  note = {<https://proceedings.neurips.cc/paper_files/paper/1994/file/7b13b2203029ed80337f27127a9f1d28-Paper.pdf>},
  openalex = {W2142518644},
  publisher = {MIT Press},
  series = {Conference Track Proceedings},
  title = {Visual Speech Recognition with Stochastic Networks},
  volume = {7},
  year = {1994}
}

@inproceedings{mukherjee1994asymptotics,
  address = {Denver, Colorado, USA},
  author = {Mukherjee, Sayandev and Fine, Terrence L.},
  booktitle = {Advances in Neural Information Processing Systems 7 (NIPS)},
  editor = {Tesauro, G. and Touretzky, D. and Leen, T.},
  month = {December},
  note = {<https://proceedings.neurips.cc/paper_files/paper/1994/file/9f53d83ec0691550f7d2507d57f4f5a2-Paper.pdf>},
  openalex = {W2118407430},
  publisher = {MIT Press},
  series = {Conference Track Proceedings},
  title = {Asymptotics of Gradient-based Neural Network Training Algorithms},
  volume = {7},
  year = {1994}
}

@inproceedings{murphy1994model,
  address = {Denver, Colorado, USA},
  author = {Murphy, Sean D. and Kairiss, Edward W.},
  booktitle = {Advances in Neural Information Processing Systems 7 (NIPS)},
  editor = {G. Tesauro and D. Touretzky and T. Leen},
  month = {December},
  note = {<https://proceedings.neurips.cc/paper_files/paper/1994/file/4311359ed4969e8401880e3c1836fbe1-Paper.pdf>},
  publisher = {MIT Press},
  series = {Conference Track Proceedings},
  title = {Model of a Biological Neuron as a Temporal Neural Network},
  volume = {7},
  year = {1994}
}

@inproceedings{negishi1994grammar,
  address = {Denver, Colorado, USA},
  author = {Negishi, Michiro},
  booktitle = {Advances in Neural Information Processing Systems 7 (NIPS)},
  editor = {G. Tesauro and D. Touretzky and T. Leen},
  month = {December},
  note = {<https://proceedings.neurips.cc/paper_files/paper/1994/file/fe7ee8fc1959cc7214fa21c4840dff0a-Paper.pdf>},
  openalex = {W2142628931},
  publisher = {MIT Press},
  series = {Conference Track Proceedings},
  title = {Grammar Learning by a Self-Organizing Network},
  volume = {7},
  year = {1994}
}

@inproceedings{nix1994learning,
  address = {Denver, Colorado, USA},
  author = {Nix, David and Weigend, Andreas},
  booktitle = {Advances in Neural Information Processing Systems 7 (NIPS)},
  editor = {G. Tesauro and D. Touretzky and T. Leen},
  month = {December},
  note = {<https://proceedings.neurips.cc/paper_files/paper/1994/file/061412e4a03c02f9902576ec55ebbe77-Paper.pdf>},
  publisher = {MIT Press},
  series = {Conference Track Proceedings},
  title = {Learning Local Error Bars for Nonlinear Regression},
  volume = {7},
  year = {1994}
}

@inproceedings{nowlan1994convolutional,
  address = {Denver, Colorado, USA},
  author = {Nowlan, Steven and Platt, John},
  booktitle = {Advances in Neural Information Processing Systems 7 (NIPS)},
  editor = {G. Tesauro and D. Touretzky and T. Leen},
  month = {December},
  note = {<https://proceedings.neurips.cc/paper_files/paper/1994/file/d93ed5b6db83be78efb0d05ae420158e-Paper.pdf>},
  openalex = {W2170837066},
  publisher = {MIT Press},
  series = {Conference Track Proceedings},
  title = {A Convolutional Neural Network Hand Tracker},
  volume = {7},
  year = {1994}
}

@inproceedings{ohira1994stochastic,
  address = {Denver, Colorado, USA},
  author = {Ohira, Toru and Cowan, Jack},
  booktitle = {Advances in Neural Information Processing Systems 7 (NIPS)},
  editor = {Tesauro, G. and Touretzky, D. and Leen, T.},
  month = {December},
  note = {<https://proceedings.neurips.cc/paper_files/paper/1994/file/692f93be8c7a41525c0baf2076aecfb4-Paper.pdf>},
  openalex = {W2139237084},
  publisher = {MIT Press},
  series = {Conference Track Proceedings},
  title = {Stochastic Dynamics of Three-State Neural Networks},
  volume = {7},
  year = {1994}
}

@inproceedings{paass1994bayesian,
  address = {Denver, Colorado, USA},
  author = {Paass, Gerhard and Kindermann, JÃ¶rg},
  booktitle = {Advances in Neural Information Processing Systems 7 (NIPS)},
  editor = {Tesauro, G. and Touretzky, D. and Leen, T.},
  month = {December},
  note = {<https://proceedings.neurips.cc/paper_files/paper/1994/file/a9b7ba70783b617e9998dc4dd82eb3c5-Paper.pdf>},
  openalex = {W2116733494},
  publisher = {MIT Press},
  series = {Conference Track Proceedings},
  title = {Bayesian Query Construction for Neural Network Models},
  volume = {7},
  year = {1994}
}

@inproceedings{pedersen1994recurrent,
  address = {Denver, Colorado, USA},
  author = {Pedersen, Morten and Hansen, Lars},
  booktitle = {Advances in Neural Information Processing Systems 7 (NIPS)},
  editor = {G. Tesauro and D. Touretzky and T. Leen},
  month = {December},
  note = {<https://proceedings.neurips.cc/paper_files/paper/1994/file/df6d2338b2b8fce1ec2f6dda0a630eb0-Paper.pdf>},
  publisher = {MIT Press},
  series = {Conference Track Proceedings},
  title = {Recurrent Networks: Second Order Properties and Pruning},
  volume = {7},
  year = {1994}
}

@inproceedings{perrone1994ni1000,
  address = {Denver, Colorado, USA},
  author = {Perrone, Michael and Cooper, Leon},
  booktitle = {Advances in Neural Information Processing Systems 7 (NIPS)},
  editor = {G. Tesauro and D. Touretzky and T. Leen},
  month = {December},
  note = {<https://proceedings.neurips.cc/paper_files/paper/1994/file/430c3626b879b4005d41b8a46172e0c0-Paper.pdf>},
  openalex = {W2106737455},
  publisher = {MIT Press},
  series = {Conference Track Proceedings},
  title = {The Ni1000: High Speed Parallel VLSI for Implementing Multilayer Perceptrons},
  volume = {7},
  year = {1994}
}

@inproceedings{pineda1994analog,
  address = {Denver, Colorado, USA},
  author = {Pineda, Fernando and Andreou, Andreas},
  booktitle = {Advances in Neural Information Processing Systems 7 (NIPS)},
  editor = {G. Tesauro and D. Touretzky and T. Leen},
  month = {December},
  note = {<https://proceedings.neurips.cc/paper_files/paper/1994/file/2ba596643cbbbc20318224181fa46b28-Paper.pdf>},
  openalex = {W2130225117},
  publisher = {MIT Press},
  series = {Conference Track Proceedings},
  title = {An Analog Neural Network Inspired by Fractal Block Coding},
  volume = {7},
  year = {1994}
}

@inproceedings{pomerleau1994connectionist,
  address = {Denver, Colorado, USA},
  author = {Pomerleau, Dean},
  booktitle = {Advances in Neural Information Processing Systems 7 (NIPS)},
  editor = {G. Tesauro and D. Touretzky and T. Leen},
  month = {December},
  note = {<https://proceedings.neurips.cc/paper_files/paper/1994/file/298923c8190045e91288b430794814c4-Paper.pdf>},
  openalex = {W2096938337},
  publisher = {MIT Press},
  series = {Conference Track Proceedings},
  title = {A Connectionist Technique for Accelerated Textual Input: Letting a Network Do the Typing},
  volume = {7},
  year = {1994}
}

@inproceedings{pouget1994reinforcement,
  address = {Denver, Colorado, USA},
  author = {Pouget, Alexandre and Deffayet, Cedric and Sejnowski, Terrence J},
  booktitle = {Advances in Neural Information Processing Systems 7 (NIPS)},
  editor = {G. Tesauro and D. Touretzky and T. Leen},
  month = {December},
  note = {<https://proceedings.neurips.cc/paper_files/paper/1994/file/d045c59a90d7587d8d671b5f5aec4e7c-Paper.pdf>},
  openalex = {W2152537806},
  publisher = {MIT Press},
  series = {Conference Track Proceedings},
  title = {Reinforcement Learning Predicts the Site of Plasticity for Auditory Remapping in the Barn Owl},
  volume = {7},
  year = {1994}
}

@inproceedings{pouget1994spatial,
  address = {Denver, Colorado, USA},
  author = {Pouget, Alexandre and Sejnowski, Terrence J.},
  booktitle = {Advances in Neural Information Processing Systems 7 (NIPS)},
  editor = {G. Tesauro and D. Touretzky and T. Leen},
  month = {December},
  note = {<https://proceedings.neurips.cc/paper_files/paper/1994/file/170c944978496731ba71f34c25826a34-Paper.pdf>},
  openalex = {W2109035914},
  publisher = {MIT Press},
  series = {Conference Track Proceedings},
  title = {Spatial Representations in the Parietal Cortex May Use Basis Functions},
  volume = {7},
  year = {1994}
}

@inproceedings{price1994pairwise,
  address = {Denver, Colorado, USA},
  author = {Price, David and Knerr, Stefan and Personnaz, LÃ©on and Dreyfus, GÃ©rard},
  booktitle = {Advances in Neural Information Processing Systems 7 (NIPS)},
  editor = {G. Tesauro and D. Touretzky and T. Leen},
  month = {December},
  note = {<https://proceedings.neurips.cc/paper_files/paper/1994/file/210f760a89db30aa72ca258a3483cc7f-Paper.pdf>},
  openalex = {W2167477483},
  publisher = {MIT Press},
  series = {Conference Track Proceedings},
  title = {Pairwise Neural Network Classifiers with Probabilistic Outputs},
  volume = {7},
  year = {1994}
}

@inproceedings{principe1994dynamic,
  address = {Denver, Colorado, USA},
  author = {Principe, Jose C. and Kuo, Jyh-Ming},
  booktitle = {Advances in Neural Information Processing Systems 7 (NIPS)},
  editor = {G. Tesauro and D. Touretzky and T. Leen},
  month = {December},
  note = {<https://proceedings.neurips.cc/paper_files/paper/1994/file/4daa3db355ef2b0e64b472968cb70f0d-Paper.pdf>},
  openalex = {W2123457147},
  publisher = {MIT Press},
  series = {Conference Track Proceedings},
  title = {Dynamic Modelling of Chaotic Time Series with Neural Networks},
  volume = {7},
  year = {1994}
}

@inproceedings{rao1994learning,
  address = {Denver, Colorado, USA},
  author = {Rao, Rajesh and Ballard, Dana},
  booktitle = {Advances in Neural Information Processing Systems 7 (NIPS)},
  editor = {G. Tesauro and D. Touretzky and T. Leen},
  month = {December},
  note = {<https://proceedings.neurips.cc/paper_files/paper/1994/file/c4015b7f368e6b4871809f49debe0579-Paper.pdf>},
  publisher = {MIT Press},
  series = {Conference Track Proceedings},
  title = {Learning Saccadic Eye Movements Using Multiscale Spatial Filters},
  volume = {7},
  year = {1994}
}

@inproceedings{ruppin1994neural,
  address = {Denver, Colorado, USA},
  author = {Ruppin, Eytan and Reggia, James and Horn, David},
  booktitle = {Advances in Neural Information Processing Systems 7 (NIPS)},
  editor = {Tesauro, G. and Touretzky, D. and Leen, T.},
  month = {December},
  note = {<https://proceedings.neurips.cc/paper_files/paper/1994/file/b6a1085a27ab7bff7550f8a3bd017df8-Paper.pdf>},
  openalex = {W2102525857},
  publisher = {MIT Press},
  series = {Conference Track Proceedings},
  title = {A Neural Model of Delusions and Hallucinations in Schizophrenia},
  volume = {7},
  year = {1994}
}

@inproceedings{ruppin1994patterns,
  address = {Denver, Colorado, USA},
  author = {Ruppin, Eytan and Reggia, James},
  booktitle = {Advances in Neural Information Processing Systems 7 (NIPS)},
  editor = {Tesauro, G. and Touretzky, D. and Leen, T.},
  month = {December},
  note = {<https://proceedings.neurips.cc/paper_files/paper/1994/file/b55ec28c52d5f6205684a473a2193564-Paper.pdf>},
  openalex = {W2113797412},
  publisher = {MIT Press},
  series = {Conference Track Proceedings},
  title = {Patterns of damage in neural networks: The effects of lesion area, shape and number},
  volume = {7},
  year = {1994}
}

@inproceedings{sanger1994optimal,
  address = {Denver, Colorado, USA},
  author = {Sanger, Terence},
  booktitle = {Advances in Neural Information Processing Systems 7 (NIPS)},
  editor = {G. Tesauro and D. Touretzky and T. Leen},
  month = {December},
  note = {<https://proceedings.neurips.cc/paper_files/paper/1994/file/1f4477bad7af3616c1f933a02bfabe4e-Paper.pdf>},
  openalex = {W2129071973},
  publisher = {MIT Press},
  series = {Conference Track Proceedings},
  title = {Optimal Movement Primitives},
  volume = {7},
  year = {1994}
}

@inproceedings{saul1994boltzmann,
  address = {Denver, Colorado, USA},
  author = {Saul, Lawrence and Jordan, Michael},
  booktitle = {Advances in Neural Information Processing Systems 7 (NIPS)},
  editor = {G. Tesauro and D. Touretzky and T. Leen},
  month = {December},
  note = {<https://proceedings.neurips.cc/paper_files/paper/1994/file/4e0cb6fb5fb446d1c92ede2ed8780188-Paper.pdf>},
  openalex = {W2151457493},
  publisher = {MIT Press},
  series = {Conference Track Proceedings},
  title = {Boltzmann Chains and Hidden Markov Models},
  volume = {7},
  year = {1994}
}

@inproceedings{schmidhuber1994predictive,
  address = {Denver, Colorado, USA},
  author = {Schmidhuber, JÃ¼rgen and Heil, Stefan},
  booktitle = {Advances in Neural Information Processing Systems 7 (NIPS)},
  editor = {G. Tesauro and D. Touretzky and T. Leen},
  month = {December},
  note = {<https://proceedings.neurips.cc/paper_files/paper/1994/file/5705e1164a8394aace6018e27d20d237-Paper.pdf>},
  openalex = {W2110984569},
  publisher = {MIT Press},
  series = {Conference Track Proceedings},
  title = {Predictive Coding with Neural Nets: Application to Text Compression},
  volume = {7},
  year = {1994}
}

@inproceedings{schraudolph1994plasticity,
  address = {Denver, Colorado, USA},
  author = {Schraudolph, Nicol and Sejnowski, Terrence J.},
  booktitle = {Advances in Neural Information Processing Systems 7 (NIPS)},
  editor = {Tesauro, G. and Touretzky, D. and Leen, T.},
  month = {December},
  note = {<https://proceedings.neurips.cc/paper_files/paper/1994/file/aa68c75c4a77c87f97fb686b2f068676-Paper.pdf>},
  openalex = {W2153777646},
  publisher = {MIT Press},
  series = {Conference Track Proceedings},
  title = {Plasticity-Mediated Competitive Learning},
  volume = {7},
  year = {1994}
}

@inproceedings{schwenk1994transformation,
  address = {Denver, Colorado, USA},
  author = {Schwenk, Holger and Milgram, Maurice},
  booktitle = {Advances in Neural Information Processing Systems 7 (NIPS)},
  editor = {G. Tesauro and D. Touretzky and T. Leen},
  month = {December},
  note = {<https://proceedings.neurips.cc/paper_files/paper/1994/file/d707329bece455a462b58ce00d1194c9-Paper.pdf>},
  openalex = {W2120486861},
  publisher = {MIT Press},
  series = {Conference Track Proceedings},
  title = {Transformation Invariant Autoassociation with Application to Handwritten Character Recognition},
  volume = {7},
  year = {1994}
}

@inproceedings{serranogotarredona1994real,
  address = {Denver, Colorado, USA},
  author = {Serrano-Gotarredona, Teresa and Linares-Barranco, BernabÃ© and Huertas, JosÃ©},
  booktitle = {Advances in Neural Information Processing Systems 7 (NIPS)},
  editor = {G. Tesauro and D. Touretzky and T. Leen},
  month = {December},
  note = {<https://proceedings.neurips.cc/paper_files/paper/1994/file/ec5aa0b7846082a2415f0902f0da88f2-Paper.pdf>},
  openalex = {W2130915421},
  publisher = {MIT Press},
  series = {Conference Track Proceedings},
  title = {A Real Time Clustering CMOS Neural Engine},
  volume = {7},
  year = {1994}
}

@inproceedings{shadmehr1994interference,
  address = {Denver, Colorado, USA},
  author = {Shadmehr, Reza and Brashers-Krug, Tom and Mussa-Ivaldi, Ferdinando},
  booktitle = {Advances in Neural Information Processing Systems 7 (NIPS)},
  editor = {G. Tesauro and D. Touretzky and T. Leen},
  month = {December},
  note = {<https://proceedings.neurips.cc/paper_files/paper/1994/file/1e48c4420b7073bc11916c6c1de226bb-Paper.pdf>},
  openalex = {W2129039201},
  publisher = {MIT Press},
  series = {Conference Track Proceedings},
  title = {Interference in Learning Internal Models of Inverse Dynamics in Humans},
  volume = {7},
  year = {1994}
}

@inproceedings{shultz1994analysis,
  address = {Denver, Colorado, USA},
  author = {Shultz, Thomas and Oshima-Takane, Yuriko and Takane, Yoshio},
  booktitle = {Advances in Neural Information Processing Systems 7 (NIPS)},
  editor = {Tesauro, G. and Touretzky, D. and Leen, T.},
  month = {December},
  note = {<https://proceedings.neurips.cc/paper_files/paper/1994/file/7504adad8bb96320eb3afdd4df6e1f60-Paper.pdf>},
  openalex = {W2143457277},
  publisher = {MIT Press},
  series = {Conference Track Proceedings},
  title = {Analysis of Unstandardized Contributions in Cross Connected Networks},
  volume = {7},
  year = {1994}
}

@inproceedings{singh1994reinforcement,
  address = {Denver, Colorado, USA},
  author = {Singh, Satinder and Jaakkola, Tommi and Jordan, Michael},
  booktitle = {Advances in Neural Information Processing Systems 7 (NIPS)},
  editor = {G. Tesauro and D. Touretzky and T. Leen},
  month = {December},
  note = {<https://proceedings.neurips.cc/paper_files/paper/1994/file/287e03db1d99e0ec2edb90d079e142f3-Paper.pdf>},
  openalex = {W2125510930},
  publisher = {MIT Press},
  series = {Conference Track Proceedings},
  title = {Reinforcement Learning with Soft State Aggregation},
  volume = {7},
  year = {1994}
}

@inproceedings{sirosh1994ocular,
  address = {Denver, Colorado, USA},
  author = {Sirosh, Joseph and Miikkulainen, Risto},
  booktitle = {Advances in Neural Information Processing Systems 7 (NIPS)},
  editor = {Tesauro, G. and Touretzky, D. and Leen, T.},
  month = {December},
  note = {<https://proceedings.neurips.cc/paper_files/paper/1994/file/6b180037abbebea991d8b1232f8a8ca9-Paper.pdf>},
  openalex = {W2134104854},
  publisher = {MIT Press},
  series = {Conference Track Proceedings},
  title = {Ocular Dominance and Patterned Lateral Connections in a Self-Organizing Model of the Primary Visual Cortex},
  volume = {7},
  year = {1994}
}

@inproceedings{skaggs1994model,
  address = {Denver, Colorado, USA},
  author = {Skaggs, William and Knierim, James and Kudrimoti, Hemant and McNaughton, Bruce},
  booktitle = {Advances in Neural Information Processing Systems 7 (NIPS)},
  editor = {G. Tesauro and D. Touretzky and T. Leen},
  month = {December},
  note = {<https://proceedings.neurips.cc/paper_files/paper/1994/file/024d7f84fff11dd7e8d9c510137a2381-Paper.pdf>},
  publisher = {MIT Press},
  series = {Conference Track Proceedings},
  title = {A Model of the Neural Basis of the Rat's Sense of Direction},
  volume = {7},
  year = {1994}
}

@inproceedings{slaney1994pattern,
  address = {Denver, Colorado, USA},
  author = {Slaney, Malcolm},
  booktitle = {Advances in Neural Information Processing Systems 7 (NIPS)},
  editor = {G. Tesauro and D. Touretzky and T. Leen},
  month = {December},
  note = {<https://proceedings.neurips.cc/paper_files/paper/1994/file/2ab56412b1163ee131e1246da0955bd1-Paper.pdf>},
  openalex = {W2115956902},
  publisher = {MIT Press},
  series = {Conference Track Proceedings},
  title = {Pattern Playback in the 90s},
  volume = {7},
  year = {1994}
}

@inproceedings{smyth1994inferring,
  address = {Denver, Colorado, USA},
  author = {Smyth, Padhraic and Fayyad, Usama and Burl, Michael and Perona, Pietro and Baldi, Pierre},
  booktitle = {Advances in Neural Information Processing Systems 7 (NIPS)},
  editor = {G. Tesauro and D. Touretzky and T. Leen},
  month = {December},
  note = {<https://proceedings.neurips.cc/paper_files/paper/1994/file/3cef96dcc9b8035d23f69e30bb19218a-Paper.pdf>},
  openalex = {W2144660879},
  publisher = {MIT Press},
  series = {Conference Track Proceedings},
  title = {Inferring Ground Truth from Subjective Labelling of Venus Images},
  volume = {7},
  year = {1994}
}

@inproceedings{sollich1994learning,
  address = {Denver, Colorado, USA},
  author = {Sollich, Peter},
  booktitle = {Advances in Neural Information Processing Systems 7 (NIPS)},
  editor = {G. Tesauro and D. Touretzky and T. Leen},
  month = {December},
  note = {<https://proceedings.neurips.cc/paper_files/paper/1994/file/c32d9bf27a3da7ec8163957080c8628e-Paper.pdf>},
  openalex = {W2115922809},
  publisher = {MIT Press},
  series = {Conference Track Proceedings},
  title = {Learning in Large Linear Perceptrons and Why the Thermodynamic Limit is Relevant to the Real World},
  volume = {7},
  year = {1994}
}

@inproceedings{sollich1994learningqueries,
  address = {Denver, Colorado, USA},
  author = {Sollich, Peter and Saad, David},
  booktitle = {Advances in Neural Information Processing Systems 7 (NIPS)},
  editor = {G. Tesauro and D. Touretzky and T. Leen},
  month = {December},
  note = {<https://proceedings.neurips.cc/paper_files/paper/1994/file/eeb69a3cb92300456b6a5f4162093851-Paper.pdf>},
  openalex = {W2170705499},
  publisher = {MIT Press},
  series = {Conference Track Proceedings},
  title = {Learning from Queries for Maximum Information Gain in Imperfectly Learnable Problems},
  volume = {7},
  year = {1994}
}

@inproceedings{spector1994anatomical,
  address = {Denver, Colorado, USA},
  author = {Spector, Kalanit and Edelman, Shimon and Malach, Rafael},
  booktitle = {Advances in Neural Information Processing Systems 7 (NIPS)},
  editor = {Tesauro, G. and Touretzky, D. and Leen, T.},
  month = {December},
  note = {<https://proceedings.neurips.cc/paper_files/paper/1994/file/6395ebd0f4b478145ecfbaf939454fa4-Paper.pdf>},
  publisher = {MIT Press},
  series = {Conference Track Proceedings},
  title = {Anatomical origin and computational role of diversity in the response properties of cortical neurons},
  volume = {7},
  year = {1994}
}

@inproceedings{spence1994coarse,
  address = {Denver, Colorado, USA},
  author = {Spence, Clay and Pearson, John and Bergen, Jim},
  booktitle = {Advances in Neural Information Processing Systems 7 (NIPS)},
  editor = {G. Tesauro and D. Touretzky and T. Leen},
  month = {December},
  note = {<https://proceedings.neurips.cc/paper_files/paper/1994/file/fec8d47d412bcbeece3d9128ae855a7a-Paper.pdf>},
  openalex = {W2153580556},
  publisher = {MIT Press},
  series = {Conference Track Proceedings},
  title = {Coarse-to-Fine Image Search Using Neural Networks},
  volume = {7},
  year = {1994}
}

@inproceedings{sperduti1994rapid,
  address = {Denver, Colorado, USA},
  author = {Sperduti, Alessandro and Stork, David},
  booktitle = {Advances in Neural Information Processing Systems 7 (NIPS)},
  editor = {G. Tesauro and D. Touretzky and T. Leen},
  month = {December},
  note = {<https://proceedings.neurips.cc/paper_files/paper/1994/file/f33ba15effa5c10e873bf3842afb46a6-Paper.pdf>},
  openalex = {W2171364801},
  publisher = {MIT Press},
  series = {Conference Track Proceedings},
  title = {A Rapid Graph-Based Method for Arbitrary Transformation-Invariant Pattern Classification},
  volume = {7},
  year = {1994}
}

@inproceedings{steck1994lagrangian,
  address = {Denver, Colorado, USA},
  author = {Steck, James and Skinner, Steven and Cruz-Cabrara, Alvaro and Behrman, Elizabeth},
  booktitle = {Advances in Neural Information Processing Systems 7 (NIPS)},
  editor = {G. Tesauro and D. Touretzky and T. Leen},
  month = {December},
  note = {<https://proceedings.neurips.cc/paper_files/paper/1994/file/d240e3d38a8882ecad8633c8f9c78c9b-Paper.pdf>},
  openalex = {W2155308653},
  publisher = {MIT Press},
  series = {Conference Track Proceedings},
  title = {A Lagrangian Formulation for Optical Backpropagation Training in Kerr-Type Optical Networks},
  volume = {7},
  year = {1994}
}

@inproceedings{stensmo1994mixture,
  address = {Denver, Colorado, USA},
  author = {Stensmo, Magnus and Sejnowski, Terrence J.},
  booktitle = {Advances in Neural Information Processing Systems 7 (NIPS)},
  editor = {G. Tesauro and D. Touretzky and T. Leen},
  month = {December},
  note = {<https://proceedings.neurips.cc/paper_files/paper/1994/file/03e0704b5690a2dee1861dc3ad3316c9-Paper.pdf>},
  openalex = {W2123355486},
  publisher = {MIT Press},
  series = {Conference Track Proceedings},
  title = {A Mixture Model System for Medical and Machine Diagnosis},
  volume = {7},
  year = {1994}
}

@inproceedings{suarez1994direction,
  address = {Denver, Colorado, USA},
  author = {Suarez, Humbert and Koch, Christof and Douglas, Rodney},
  booktitle = {Advances in Neural Information Processing Systems 7 (NIPS)},
  editor = {Tesauro, G. and Touretzky, D. and Leen, T.},
  month = {December},
  note = {<https://proceedings.neurips.cc/paper_files/paper/1994/file/a64c94baaf368e1840a1324e839230de-Paper.pdf>},
  openalex = {W2104639290},
  publisher = {MIT Press},
  series = {Conference Track Proceedings},
  title = {Direction Selectivity In Primary Visual Cortex Using Massive Intracortical Connections},
  volume = {7},
  year = {1994}
}

@inproceedings{sundareswaran1994learning,
  address = {Denver, Colorado, USA},
  author = {Sundareswaran, V. and Vaina, Lucia},
  booktitle = {Advances in Neural Information Processing Systems 7 (NIPS)},
  editor = {Tesauro, G. and Touretzky, D. and Leen, T.},
  month = {December},
  note = {<https://proceedings.neurips.cc/paper_files/paper/1994/file/9ab0d88431732957a618d4a469a0d4c3-Paper.pdf>},
  openalex = {W2123911898},
  publisher = {MIT Press},
  series = {Conference Track Proceedings},
  title = {Learning direction in global motion: two classes of psychophysically-motivated models},
  volume = {7},
  year = {1994}
}

@inproceedings{sung1994active,
  address = {Denver, Colorado, USA},
  author = {Sung, Kah and Niyogi, Partha},
  booktitle = {Advances in Neural Information Processing Systems 7 (NIPS)},
  editor = {Tesauro, G. and Touretzky, D. and Leen, T.},
  month = {December},
  note = {<https://proceedings.neurips.cc/paper_files/paper/1994/file/acf4b89d3d503d8252c9c4ba75ddbf6d-Paper.pdf>},
  openalex = {W2164353652},
  publisher = {MIT Press},
  series = {Conference Track Proceedings},
  title = {Active Learning for Function Approximation},
  volume = {7},
  year = {1994}
}

@inproceedings{suzuki1994unsupervised,
  address = {Denver, Colorado, USA},
  author = {Suzuki, Satoshi and Ando, Hiroshi},
  booktitle = {Advances in Neural Information Processing Systems 7 (NIPS)},
  editor = {G. Tesauro and D. Touretzky and T. Leen},
  month = {December},
  note = {<https://proceedings.neurips.cc/paper_files/paper/1994/file/e205ee2a5de471a70c1fd1b46033a75f-Paper.pdf>},
  openalex = {W2163612564},
  publisher = {MIT Press},
  series = {Conference Track Proceedings},
  title = {Unsupervised Classification of 3D Objects from 2D Views},
  volume = {7},
  year = {1994}
}

@inproceedings{tenenbaum1994factorial,
  address = {Denver, Colorado, USA},
  author = {Tenenbaum, Joshua and Todorov, Emanuel V.},
  booktitle = {Advances in Neural Information Processing Systems 7 (NIPS)},
  editor = {G. Tesauro and D. Touretzky and T. Leen},
  month = {December},
  note = {<https://proceedings.neurips.cc/paper_files/paper/1994/file/ef4e3b775c934dada217712d76f3d51f-Paper.pdf>},
  openalex = {W2135506505},
  publisher = {MIT Press},
  series = {Conference Track Proceedings},
  title = {Factorial Learning by Clustering Features},
  volume = {7},
  year = {1994}
}

@inproceedings{thrun1994extracting,
  address = {Denver, Colorado, USA},
  author = {Thrun, Sebastian},
  booktitle = {Advances in Neural Information Processing Systems 7 (NIPS)},
  editor = {G. Tesauro and D. Touretzky and T. Leen},
  month = {December},
  note = {<https://proceedings.neurips.cc/paper_files/paper/1994/file/bea5955b308361a1b07bc55042e25e54-Paper.pdf>},
  openalex = {W2163532598},
  publisher = {MIT Press},
  series = {Conference Track Proceedings},
  title = {Extracting Rules from Artificial Neural Networks with Distributed Representations},
  volume = {7},
  year = {1994}
}

@inproceedings{thrun1994finding,
  address = {Denver, Colorado, USA},
  author = {Thrun, Sebastian and Schwartz, Anton},
  booktitle = {Advances in Neural Information Processing Systems 7 (NIPS)},
  editor = {Tesauro, G. and Touretzky, D. and Leen, T.},
  month = {December},
  note = {<https://proceedings.neurips.cc/paper_files/paper/1994/file/7ce3284b743aefde80ffd9aec500e085-Paper.pdf>},
  openalex = {W2114451917},
  publisher = {MIT Press},
  series = {Conference Track Proceedings},
  title = {Finding Structure in Reinforcement Learning},
  volume = {7},
  year = {1994}
}

@inproceedings{thrun1994learning,
  address = {Denver, Colorado, USA},
  author = {Thrun, Sebastian},
  booktitle = {Advances in Neural Information Processing Systems 7 (NIPS)},
  editor = {G. Tesauro and D. Touretzky and T. Leen},
  month = {December},
  note = {<https://proceedings.neurips.cc/paper_files/paper/1994/file/d7322ed717dedf1eb4e6e52a37ea7bcd-Paper.pdf>},
  openalex = {W2149043954},
  publisher = {MIT Press},
  series = {Conference Track Proceedings},
  title = {Learning to Play the Game of Chess},
  volume = {7},
  year = {1994}
}

@inproceedings{tresp1994combining,
  address = {Denver, Colorado, USA},
  author = {Tresp, Volker and Taniguchi, Michiaki},
  booktitle = {Advances in Neural Information Processing Systems 7 (NIPS)},
  editor = {Tesauro, G. and Touretzky, D. and Leen, T.},
  month = {December},
  note = {<https://proceedings.neurips.cc/paper_files/paper/1994/file/6602294be910b1e3c4571bd98c4d5484-Paper.pdf>},
  openalex = {W2120170037},
  publisher = {MIT Press},
  series = {Conference Track Proceedings},
  title = {Combining Estimators Using Non-Constant Weighting Functions},
  volume = {7},
  year = {1994}
}

@inproceedings{tresp1994efficient,
  address = {Denver, Colorado, USA},
  author = {Tresp, Volker and Neuneier, Ralph and Ahmad, Subutai},
  booktitle = {Advances in Neural Information Processing Systems 7 (NIPS)},
  editor = {G. Tesauro and D. Touretzky and T. Leen},
  month = {December},
  note = {<https://proceedings.neurips.cc/paper_files/paper/1994/file/54a367d629152b720749e187b3eaa11b-Paper.pdf>},
  openalex = {W2151779605},
  publisher = {MIT Press},
  series = {Conference Track Proceedings},
  title = {Efficient Methods for Dealing with Missing Data in Supervised Learning},
  volume = {7},
  year = {1994}
}

@inproceedings{tsung1994phase,
  address = {Denver, Colorado, USA},
  author = {Tsung, Fu-Sheng and Cottrell, Garrison},
  booktitle = {Advances in Neural Information Processing Systems 7 (NIPS)},
  editor = {G. Tesauro and D. Touretzky and T. Leen},
  month = {December},
  note = {<https://proceedings.neurips.cc/paper_files/paper/1994/file/2f885d0fbe2e131bfc9d98363e55d1d4-Paper.pdf>},
  openalex = {W2102058908},
  publisher = {MIT Press},
  series = {Conference Track Proceedings},
  title = {Phase-Space Learning},
  volume = {7},
  year = {1994}
}

@inproceedings{turmon1994sample,
  address = {Denver, Colorado, USA},
  author = {Turmon, Michael and Fine, Terrence L.},
  booktitle = {Advances in Neural Information Processing Systems 7 (NIPS)},
  editor = {Tesauro, G. and Touretzky, D. and Leen, T.},
  month = {December},
  note = {<https://proceedings.neurips.cc/paper_files/paper/1994/file/89fcd07f20b6785b92134bd6c1d0fa42-Paper.pdf>},
  openalex = {W2159487471},
  publisher = {MIT Press},
  series = {Conference Track Proceedings},
  title = {Sample Size Requirements for Feedforward Neural Networks},
  volume = {7},
  year = {1994}
}

@inproceedings{tzonev1994morphogenesis,
  address = {Denver, Colorado, USA},
  author = {Tzonev, Svilen and Schulten, Klaus and Malpeli, Joseph},
  booktitle = {Advances in Neural Information Processing Systems 7 (NIPS)},
  editor = {G. Tesauro and D. Touretzky and T. Leen},
  month = {December},
  note = {<https://proceedings.neurips.cc/paper_files/paper/1994/file/cfbce4c1d7c425baf21d6b6f2babe6be-Paper.pdf>},
  openalex = {W2124081736},
  publisher = {MIT Press},
  series = {Conference Track Proceedings},
  title = {Morphogenesis of the Lateral Geniculate Nucleus: How Singularities Affect Global Structure},
  volume = {7},
  year = {1994}
}

@inproceedings{ueda1994deterministic,
  address = {Denver, Colorado, USA},
  author = {Ueda, Naonori and Nakano, Ryohei},
  booktitle = {Advances in Neural Information Processing Systems 7 (NIPS)},
  editor = {Tesauro, G. and Touretzky, D. and Leen, T.},
  month = {December},
  note = {<https://proceedings.neurips.cc/paper_files/paper/1994/file/92262bf907af914b95a0fc33c3f33bf6-Paper.pdf>},
  openalex = {W2107042471},
  publisher = {MIT Press},
  series = {Conference Track Proceedings},
  title = {Deterministic Annealing Variant of the EM Algorithm},
  volume = {7},
  year = {1994}
}

@inproceedings{wang1994synchrony,
  address = {Denver, Colorado, USA},
  author = {Wang, Deliang and Terman, David},
  booktitle = {Advances in Neural Information Processing Systems 7 (NIPS)},
  editor = {Tesauro, G. and Touretzky, D. and Leen, T.},
  month = {December},
  note = {<https://proceedings.neurips.cc/paper_files/paper/1994/file/64223ccf70bbb65a3a4aceac37e21016-Paper.pdf>},
  openalex = {W2135664279},
  publisher = {MIT Press},
  series = {Conference Track Proceedings},
  title = {Synchrony and Desynchrony in Neural Oscillator Networks},
  volume = {7},
  year = {1994}
}

@inproceedings{wang1994temporal,
  address = {Denver, Colorado, USA},
  author = {Wang, Changfeng and Venkatesh, Santosh},
  booktitle = {Advances in Neural Information Processing Systems 7 (NIPS)},
  editor = {G. Tesauro and D. Touretzky and T. Leen},
  month = {December},
  note = {<https://proceedings.neurips.cc/paper_files/paper/1994/file/da0d1111d2dc5d489242e60ebcbaf988-Paper.pdf>},
  openalex = {W2153814050},
  publisher = {MIT Press},
  series = {Conference Track Proceedings},
  title = {Temporal Dynamics of Generalization in Neural Networks},
  volume = {7},
  year = {1994}
}

@inproceedings{waterhouse1994non,
  address = {Denver, Colorado, USA},
  author = {Waterhouse, Steve and Robinson, Anthony},
  booktitle = {Advances in Neural Information Processing Systems 7 (NIPS)},
  editor = {G. Tesauro and D. Touretzky and T. Leen},
  month = {December},
  note = {<https://proceedings.neurips.cc/paper_files/paper/1994/file/437d7d1d97917cd627a34a6a0fb41136-Paper.pdf>},
  openalex = {W2126943512},
  publisher = {MIT Press},
  series = {Conference Track Proceedings},
  title = {Non-linear Prediction of Acoustic Vectors Using Hierarchical Mixtures of Experts},
  volume = {7},
  year = {1994}
}

@inproceedings{williams1994using,
  address = {Denver, Colorado, USA},
  author = {Williams, Christopher and Revow, Michael and Hinton, Geoffrey E},
  booktitle = {Advances in Neural Information Processing Systems 7 (NIPS)},
  editor = {G. Tesauro and D. Touretzky and T. Leen},
  month = {December},
  note = {<https://proceedings.neurips.cc/paper_files/paper/1994/file/fba9d88164f3e2d9109ee770223212a0-Paper.pdf>},
  openalex = {W2147645535},
  publisher = {MIT Press},
  series = {Conference Track Proceedings},
  title = {Using a Neural Net to Instantiate a Deformable Model},
  volume = {7},
  year = {1994}
}

@inproceedings{wolpert1994forward,
  address = {Denver, Colorado, USA},
  author = {Wolpert, Daniel M. and Ghahramani, Zoubin and Jordan, Michael},
  booktitle = {Advances in Neural Information Processing Systems 7 (NIPS)},
  editor = {Tesauro, G. and Touretzky, D. and Leen, T.},
  month = {December},
  note = {<https://proceedings.neurips.cc/paper_files/paper/1994/file/a4300b002bcfb71f291dac175d52df94-Paper.pdf>},
  openalex = {W2144436116},
  publisher = {MIT Press},
  series = {Conference Track Proceedings},
  title = {Forward dynamic models in human motor control: Psychophysical evidence},
  volume = {7},
  year = {1994}
}

@inproceedings{xu1994alternative,
  address = {Denver, Colorado, USA},
  author = {Xu, Lei and Jordan, Michael and Hinton, Geoffrey E},
  booktitle = {Advances in Neural Information Processing Systems 7 (NIPS)},
  editor = {G. Tesauro and D. Touretzky and T. Leen},
  month = {December},
  note = {<https://proceedings.neurips.cc/paper_files/paper/1994/file/c8fbbc86abe8bd6a5eb6a3b4d0411301-Paper.pdf>},
  openalex = {W2109703216},
  publisher = {MIT Press},
  series = {Conference Track Proceedings},
  title = {An Alternative Model for Mixtures of Experts},
  volume = {7},
  year = {1994}
}

@inproceedings{zemel1994grouping,
  address = {Denver, Colorado, USA},
  author = {Zemel, Richard and Sejnowski, Terrence J.},
  booktitle = {Advances in Neural Information Processing Systems 7 (NIPS)},
  editor = {Tesauro, G. and Touretzky, D. and Leen, T.},
  month = {December},
  note = {<https://proceedings.neurips.cc/paper_files/paper/1994/file/860320be12a1c050cd7731794e231bd3-Paper.pdf>},
  openalex = {W2154283681},
  publisher = {MIT Press},
  series = {Conference Track Proceedings},
  title = {Grouping Components of Three-Dimensional Moving Objects in Area MST of Visual Cortex},
  volume = {7},
  year = {1994}
}

@inproceedings{zhao1994hierarchical,
  address = {Denver, Colorado, USA},
  author = {Zhao, Ying and Schwartz, Richard and Sroka, Jason and Makhoul, John},
  booktitle = {Advances in Neural Information Processing Systems 7 (NIPS)},
  editor = {G. Tesauro and D. Touretzky and T. Leen},
  month = {December},
  note = {<https://proceedings.neurips.cc/paper_files/paper/1994/file/0d0871f0806eae32d30983b62252da50-Paper.pdf>},
  openalex = {W1808825387},
  publisher = {MIT Press},
  series = {Conference Track Proceedings},
  title = {Hierarchical Mixtures of Experts Methodology Applied to Continuous Speech Recognition},
  volume = {7},
  year = {1994}
}
