@inproceedings{alpaydin1995selective,
  address =      {Denver, Colorado, USA},
  author =       {Alpaydin, Ethem},
  booktitle =    {Advances in Neural Information Processing Systems 8
                  (NIPS)},
  editor =       {Touretzky, David and Mozer, Michael C. and Hasselmo,
                  Michael},
  month =        {November},
  note =
                  {\url{https://proceedings.neurips.cc/paper_files/paper/1995/file/20b5e1cf8694af7a3c1ba4a87f073021-Paper.pdf}},
  publisher =    {MIT Press},
  series =       {Conference Track Proceedings},
  title =        {Selective Attention for Handwritten Digit
                  Recognition},
  volume =       8,
  year =         1995
}

@inproceedings{amari1995new,
  address =      {Denver, Colorado, USA},
  author =       {Amari, Shun-ichi and Cichocki, Andrzej and Yang,
                  Howard},
  booktitle =    {Advances in Neural Information Processing Systems 8
                  (NIPS)},
  editor =       {D. Touretzky and M.C. Mozer and M. Hasselmo},
  month =        {November},
  note =
                  {\url{https://proceedings.neurips.cc/paper_files/paper/1995/file/e19347e1c3ca0c0b97de5fb3b690855a-Paper.pdf}},
  publisher =    {MIT Press},
  series =       {Conference Track Proceedings},
  title =        {A New Learning Algorithm for Blind Signal
                  Separation},
  volume =       8,
  year =         1995
}

@inproceedings{amari1995statistical,
  address =      {Denver, Colorado, USA},
  author =       {Amari, Shun-ichi and Murata, Noboru and Müller,
                  Klaus-Robert and Finke, Michael and Yang, Howard},
  booktitle =    {Advances in Neural Information Processing Systems 8
                  (NIPS)},
  editor =       {Touretzky, David and Mozer, Michael C. and Hasselmo,
                  Michael},
  month =        {November},
  note =
                  {\url{https://proceedings.neurips.cc/paper_files/paper/1995/file/299a23a2291e2126b91d54f3601ec162-Paper.pdf}},
  publisher =    {MIT Press},
  series =       {Conference Track Proceedings},
  title =        {Statistical Theory of Overtraining - Is
                  Cross-Validation Asymptotically Effective?},
  volume =       8,
  year =         1995
}

@inproceedings{auer1995exponentially,
  address =      {Denver, Colorado, USA},
  author =       {Auer, Peter and Herbster, Mark and Warmuth, Manfred
                  K. K},
  booktitle =    {Advances in Neural Information Processing Systems 8
                  (NIPS)},
  editor =       {Touretzky, David and Mozer, Michael C. and Hasselmo,
                  Michael},
  month =        {November},
  note =
                  {\url{https://proceedings.neurips.cc/paper_files/paper/1995/file/3806734b256c27e41ec2c6bffa26d9e7-Paper.pdf}},
  publisher =    {MIT Press},
  series =       {Conference Track Proceedings},
  title =        {Exponentially many local minima for single neurons},
  volume =       8,
  year =         1995
}

@inproceedings{bair1995correlated,
  address =      {Denver, Colorado, USA},
  author =       {Bair, Wyeth and Zohary, Ehud and Koch, Christof},
  booktitle =    {Advances in Neural Information Processing Systems 8
                  (NIPS)},
  editor =       {D. Touretzky and M.C. Mozer and M. Hasselmo},
  month =        {November},
  note =
                  {\url{https://proceedings.neurips.cc/paper_files/paper/1995/file/ce5140df15d046a66883807d18d0264b-Paper.pdf}},
  publisher =    {MIT Press},
  series =       {Conference Track Proceedings},
  title =        {Correlated Neuronal Response: Time Scales and
                  Mechanisms},
  volume =       8,
  year =         1995
}

@inproceedings{baldi1995universal,
  address =      {Denver, Colorado, USA},
  author =       {Baldi, Pierre and Hornik, Kurt},
  booktitle =    {Advances in Neural Information Processing Systems 8
                  (NIPS)},
  editor =       {D. Touretzky and M.C. Mozer and M. Hasselmo},
  month =        {November},
  note =
                  {\url{https://proceedings.neurips.cc/paper_files/paper/1995/file/cd89fef7ffdd490db800357f47722b20-Paper.pdf}},
  publisher =    {MIT Press},
  series =       {Conference Track Proceedings},
  title =        {Universal Approximation and Learning of Trajectories
                  Using Oscillators},
  volume =       8,
  year =         1995
}

@inproceedings{bartlett1995classifying,
  address =      {Denver, Colorado, USA},
  author =       {Bartlett, Marian and Viola, Paul and Sejnowski,
                  Terrence J and Golomb, Beatrice and Larsen, Jan and
                  Hager, Joseph and Ekman, Paul},
  booktitle =    {Advances in Neural Information Processing Systems 8
                  (NIPS)},
  editor =       {D. Touretzky and M.C. Mozer and M. Hasselmo},
  month =        {November},
  note =
                  {\url{https://proceedings.neurips.cc/paper_files/paper/1995/file/dd77279f7d325eec933f05b1672f6a1f-Paper.pdf}},
  publisher =    {MIT Press},
  series =       {Conference Track Proceedings},
  title =        {Classifying Facial Action},
  volume =       8,
  year =         1995
}

@inproceedings{barto1995predictive,
  address =      {Denver, Colorado, USA},
  author =       {Barto, Andrew and Houk, James},
  booktitle =    {Advances in Neural Information Processing Systems 8
                  (NIPS)},
  editor =       {Touretzky, D. and Mozer, M. C. and Hasselmo, M.},
  month =        {November},
  note =
                  {\url{https://proceedings.neurips.cc/paper_files/paper/1995/file/feab05aa91085b7a8012516bc3533958-Paper.pdf}},
  publisher =    {MIT Press},
  series =       {Conference Track Proceedings},
  title =        {A Predictive Switching Model of Cerebellar Movement
                  Control},
  volume =       8,
  year =         1995
}

@inproceedings{baxter1995learning,
  address =      {Denver, Colorado, USA},
  author =       {Baxter, Jonathan},
  booktitle =    {Advances in Neural Information Processing Systems 8
                  (NIPS)},
  editor =       {Touretzky, David and Mozer, Michael C. and Hasselmo,
                  Michael},
  month =        {November},
  note =
                  {\url{https://proceedings.neurips.cc/paper_files/paper/1995/file/20d135f0f28185b84a4cf7aa51f29500-Paper.pdf}},
  publisher =    {MIT Press},
  series =       {Conference Track Proceedings},
  title =        {Learning Model Bias},
  volume =       8,
  year =         1995
}

@inproceedings{bengio1995recurrent,
  address =      {Denver, Colorado, USA},
  author =       {Bengio, Yoshua and Gingras, Francois},
  booktitle =    {Advances in Neural Information Processing Systems 8
                  (NIPS)},
  editor =       {Touretzky, D. and Mozer, M. C. and Hasselmo, M.},
  month =        {November},
  note =
                  {\url{https://proceedings.neurips.cc/paper_files/paper/1995/file/ffeed84c7cb1ae7bf4ec4bd78275bb98-Paper.pdf}},
  publisher =    {MIT Press},
  series =       {Conference Track Proceedings},
  title =        {Recurrent Neural Networks for Missing or
                  Asynchronous Data},
  volume =       8,
  year =         1995
}

@inproceedings{bishop1995em,
  address =      {Denver, Colorado, USA},
  author =       {Bishop, Christopher and Svensén, Markus and
                  Williams, Christopher},
  booktitle =    {Advances in Neural Information Processing Systems 8
                  (NIPS)},
  editor =       {D. Touretzky and M.C. Mozer and M. Hasselmo},
  month =        {November},
  note =
                  {\url{https://proceedings.neurips.cc/paper_files/paper/1995/file/571e0f7e2d992e738adff8b1bd43a521-Paper.pdf}},
  publisher =    {MIT Press},
  series =       {Conference Track Proceedings},
  title =        {EM Optimization of Latent-Variable Density Models},
  volume =       8,
  year =         1995
}

@inproceedings{blair1995simulation,
  address =      {Denver, Colorado, USA},
  author =       {Blair, Hugh},
  booktitle =    {Advances in Neural Information Processing Systems 8
                  (NIPS)},
  editor =       {D. Touretzky and M.C. Mozer and M. Hasselmo},
  month =        {November},
  note =
                  {\url{https://proceedings.neurips.cc/paper_files/paper/1995/file/69a5b5995110b36a9a347898d97a610e-Paper.pdf}},
  publisher =    {MIT Press},
  series =       {Conference Track Proceedings},
  title =        {Simulation of a Thalamocortical Circuit for
                  Computing Directional Heading in the Rat},
  volume =       8,
  year =         1995
}

@inproceedings{blatt1995clustering,
  address =      {Denver, Colorado, USA},
  author =       {Blatt, Marcelo and Wiseman, Shai and Domany, Eytan},
  booktitle =    {Advances in Neural Information Processing Systems 8
                  (NIPS)},
  editor =       {D. Touretzky and M.C. Mozer and M. Hasselmo},
  month =        {November},
  note =
                  {\url{https://proceedings.neurips.cc/paper_files/paper/1995/file/6a2feef8ed6a9fe76d6b3f30f02150b4-Paper.pdf}},
  publisher =    {MIT Press},
  series =       {Conference Track Proceedings},
  title =        {Clustering data through an analogy to the Potts
                  model},
  volume =       8,
  year =         1995
}

@inproceedings{bohossian1995on,
  address =      {Denver, Colorado, USA},
  author =       {Bohossian, Vasken and Bruck, Jehoshua},
  booktitle =    {Advances in Neural Information Processing Systems 8
                  (NIPS)},
  editor =       {Touretzky, David and Mozer, Michael C. and Hasselmo,
                  Michael},
  month =        {November},
  note =
                  {\url{https://proceedings.neurips.cc/paper_files/paper/1995/file/43dd49b4fdb9bede653e94468ff8df1e-Paper.pdf}},
  publisher =    {MIT Press},
  series =       {Conference Track Proceedings},
  title =        {On Neural Networks with Minimal Weights},
  volume =       8,
  year =         1995
}

@inproceedings{bos1995realizable,
  address =      {Denver, Colorado, USA},
  author =       {Bös, Siegfried},
  booktitle =    {Advances in Neural Information Processing Systems 8
                  (NIPS)},
  editor =       {D. Touretzky and M.C. Mozer and M. Hasselmo},
  month =        {November},
  note =
                  {\url{https://proceedings.neurips.cc/paper_files/paper/1995/file/678a1491514b7f1006d605e9161946b1-Paper.pdf}},
  publisher =    {MIT Press},
  series =       {Conference Track Proceedings},
  title =        {A Realizable Learning Task which Exhibits
                  Overfitting},
  volume =       8,
  year =         1995
}

@inproceedings{campbell1995experiments,
  address =      {Denver, Colorado, USA},
  author =       {Campbell, Peter and Dale, Michael and Ferrá, Herman
                  and Kowalczyk, Adam},
  booktitle =    {Advances in Neural Information Processing Systems 8
                  (NIPS)},
  editor =       {D. Touretzky and M.C. Mozer and M. Hasselmo},
  month =        {November},
  note =
                  {\url{https://proceedings.neurips.cc/paper_files/paper/1995/file/abea47ba24142ed16b7d8fbf2c740e0d-Paper.pdf}},
  publisher =    {MIT Press},
  series =       {Conference Track Proceedings},
  title =        {Experiments with Neural Networks for Real Time
                  Implementation of Control},
  volume =       8,
  year =         1995
}

@inproceedings{caruana1995using,
  address =      {Denver, Colorado, USA},
  author =       {Caruana, Rich and Baluja, Shumeet and Mitchell, Tom},
  booktitle =    {Advances in Neural Information Processing Systems 8
                  (NIPS)},
  editor =       {Touretzky, David and Mozer, Michael C. and Hasselmo,
                  Michael},
  month =        {November},
  note =
                  {\url{https://proceedings.neurips.cc/paper_files/paper/1995/file/36a16a2505369e0c922b6ea7a23a56d2-Paper.pdf}},
  publisher =    {MIT Press},
  series =       {Conference Track Proceedings},
  title =        {Using the Future to "Sort Out" the Present: Rankprop
                  and Multitask Learning for Medical Risk Evaluation},
  volume =       8,
  year =         1995
}

@inproceedings{cherkauer1995rapid,
  address =      {Denver, Colorado, USA},
  author =       {Cherkauer, Kevin and Shavlik, Jude},
  booktitle =    {Advances in Neural Information Processing Systems 8
                  (NIPS)},
  editor =       {Touretzky, David and Mozer, Michael C. and Hasselmo,
                  Michael},
  month =        {November},
  note =
                  {\url{https://proceedings.neurips.cc/paper_files/paper/1995/file/184260348236f9554fe9375772ff966e-Paper.pdf}},
  publisher =    {MIT Press},
  series =       {Conference Track Proceedings},
  title =        {Rapid Quality Estimation of Neural Network Input
                  Representations},
  volume =       8,
  year =         1995
}

@inproceedings{choe1995laterally,
  address =      {Denver, Colorado, USA},
  author =       {Choe, Yoonsuck and Sirosh, Joseph and Miikkulainen,
                  Risto},
  booktitle =    {Advances in Neural Information Processing Systems 8
                  (NIPS)},
  editor =       {Touretzky, David and Mozer, Michael C. and Hasselmo,
                  Michael},
  month =        {November},
  note =
                  {\url{https://proceedings.neurips.cc/paper_files/paper/1995/file/09c6c3783b4a70054da74f2538ed47c6-Paper.pdf}},
  publisher =    {MIT Press},
  series =       {Conference Track Proceedings},
  title =        {Laterally Interconnected Self-Organizing Maps in
                  Hand-Written Digit Recognition},
  volume =       8,
  year =         1995
}

@inproceedings{choi1995predictive,
  address =      {Denver, Colorado, USA},
  author =       {Choi, Samuel and Yeung, Dit-Yan},
  booktitle =    {Advances in Neural Information Processing Systems 8
                  (NIPS)},
  editor =       {D. Touretzky and M.C. Mozer and M. Hasselmo},
  month =        {November},
  note =
                  {\url{https://proceedings.neurips.cc/paper_files/paper/1995/file/4e2545f819e67f0615003dd7e04a6087-Paper.pdf}},
  publisher =    {MIT Press},
  series =       {Conference Track Proceedings},
  title =        {Predictive Q-Routing: A Memory-based Reinforcement
                  Learning Approach to Adaptive Traffic Control},
  volume =       8,
  year =         1995
}

@inproceedings{coelho1995parallel,
  address =      {Denver, Colorado, USA},
  author =       {Coelho, Jefferson and Sitaraman, R. and Grupen,
                  Roderic},
  booktitle =    {Advances in Neural Information Processing Systems 8
                  (NIPS)},
  editor =       {Touretzky, David and Mozer, Michael C. and Hasselmo,
                  Michael},
  month =        {November},
  note =
                  {\url{https://proceedings.neurips.cc/paper_files/paper/1995/file/0eec27c419d0fe24e53c90338cdc8bc6-Paper.pdf}},
  publisher =    {MIT Press},
  series =       {Conference Track Proceedings},
  title =        {Parallel Optimization of Motion Controllers via
                  Policy Iteration},
  volume =       8,
  year =         1995
}

@inproceedings{coenen1995dynamical,
  address =      {Denver, Colorado, USA},
  author =       {Coenen, Olivier and Sejnowski, Terrence J},
  booktitle =    {Advances in Neural Information Processing Systems 8
                  (NIPS)},
  editor =       {D. Touretzky and M.C. Mozer and M. Hasselmo},
  month =        {November},
  note =
                  {\url{https://proceedings.neurips.cc/paper_files/paper/1995/file/a34bacf839b923770b2c360eefa26748-Paper.pdf}},
  publisher =    {MIT Press},
  series =       {Conference Track Proceedings},
  title =        {A Dynamical Model of Context Dependencies for the
                  Vestibulo-Ocular Reflex},
  volume =       8,
  year =         1995
}

@inproceedings{coolen1995modern,
  address =      {Denver, Colorado, USA},
  author =       {Coolen, A.C.C. and Laughton, S. and Sherrington, D.},
  booktitle =    {Advances in Neural Information Processing Systems 8
                  (NIPS)},
  editor =       {D. Touretzky and M.C. Mozer and M. Hasselmo},
  month =        {November},
  note =
                  {\url{https://proceedings.neurips.cc/paper_files/paper/1995/file/58c54802a9fb9526cd0923353a34a7ae-Paper.pdf}},
  publisher =    {MIT Press},
  series =       {Conference Track Proceedings},
  title =        {Modern Analytic Techniques to Solve the Dynamics of
                  Recurrent Neural Networks},
  volume =       8,
  year =         1995
}

@inproceedings{craven1995extracting,
  address =      {Denver, Colorado, USA},
  author =       {Craven, Mark and Shavlik, Jude},
  booktitle =    {Advances in Neural Information Processing Systems 8
                  (NIPS)},
  editor =       {Touretzky, David and Mozer, Michael C. and Hasselmo,
                  Michael},
  month =        {November},
  note =
                  {\url{https://proceedings.neurips.cc/paper_files/paper/1995/file/45f31d16b1058d586fc3be7207b58053-Paper.pdf}},
  publisher =    {MIT Press},
  series =       {Conference Track Proceedings},
  title =        {Extracting Tree-Structured Representations of
                  Trained Networks},
  volume =       8,
  year =         1995
}

@inproceedings{crites1995improving,
  address =      {Denver, Colorado, USA},
  author =       {Crites, Robert and Barto, Andrew},
  booktitle =    {Advances in Neural Information Processing Systems 8
                  (NIPS)},
  editor =       {Touretzky, David and Mozer, Michael C. and Hasselmo,
                  Michael},
  month =        {November},
  note =
                  {\url{https://proceedings.neurips.cc/paper_files/paper/1995/file/390e982518a50e280d8e2b535462ec1f-Paper.pdf}},
  publisher =    {MIT Press},
  series =       {Conference Track Proceedings},
  title =        {Improving Elevator Performance Using Reinforcement
                  Learning},
  volume =       8,
  year =         1995
}

@inproceedings{darrell1995active,
  address =      {Denver, Colorado, USA},
  author =       {Darrell, Trevor and Pentland, Alex},
  booktitle =    {Advances in Neural Information Processing Systems 8
                  (NIPS)},
  editor =       {Touretzky, David and Mozer, Michael C. and Hasselmo,
                  Michael},
  month =        {November},
  note =
                  {\url{https://proceedings.neurips.cc/paper_files/paper/1995/file/43baa6762fa81bb43b39c62553b2970d-Paper.pdf}},
  publisher =    {MIT Press},
  series =       {Conference Track Proceedings},
  title =        {Active Gesture Recognition using Learned Visual
                  Attention},
  volume =       8,
  year =         1995
}

@inproceedings{dasgupta1995sample,
  address =      {Denver, Colorado, USA},
  author =       {DasGupta, Bhaskar and Sontag, Eduardo},
  booktitle =    {Advances in Neural Information Processing Systems 8
                  (NIPS)},
  editor =       {D. Touretzky and M.C. Mozer and M. Hasselmo},
  month =        {November},
  note =
                  {\url{https://proceedings.neurips.cc/paper_files/paper/1995/file/b9d487a30398d42ecff55c228ed5652b-Paper.pdf}},
  publisher =    {MIT Press},
  series =       {Conference Track Proceedings},
  title =        {Sample Complexity for Learning Recurrent Perceptron
                  Mappings},
  volume =       8,
  year =         1995
}

@inproceedings{dayan1995improving,
  address =      {Denver, Colorado, USA},
  author =       {Dayan, Peter and Singh, Satinder},
  booktitle =    {Advances in Neural Information Processing Systems 8
                  (NIPS)},
  editor =       {Touretzky, David and Mozer, Michael C. and Hasselmo,
                  Michael},
  month =        {November},
  note =
                  {\url{https://proceedings.neurips.cc/paper_files/paper/1995/file/208e43f0e45c4c78cafadb83d2888cb6-Paper.pdf}},
  publisher =    {MIT Press},
  series =       {Conference Track Proceedings},
  title =        {Improving Policies without Measuring Merits},
  volume =       8,
  year =         1995
}

@inproceedings{deweese1995optimization,
  address =      {Denver, Colorado, USA},
  author =       {DeWeese, Michael},
  booktitle =    {Advances in Neural Information Processing Systems 8
                  (NIPS)},
  editor =       {D. Touretzky and M.C. Mozer and M. Hasselmo},
  month =        {November},
  note =
                  {\url{https://proceedings.neurips.cc/paper_files/paper/1995/file/c6036a69be21cb660499b75718a3ef24-Paper.pdf}},
  publisher =    {MIT Press},
  series =       {Conference Track Proceedings},
  title =        {Optimization Principles for the Neural Code},
  volume =       8,
  year =         1995
}

@inproceedings{dodier1995geometry,
  address =      {Denver, Colorado, USA},
  author =       {Dodier, Robert},
  booktitle =    {Advances in Neural Information Processing Systems 8
                  (NIPS)},
  editor =       {D. Touretzky and M.C. Mozer and M. Hasselmo},
  month =        {November},
  note =
                  {\url{https://proceedings.neurips.cc/paper_files/paper/1995/file/a1d50185e7426cbb0acad1e6ca74b9aa-Paper.pdf}},
  publisher =    {MIT Press},
  series =       {Conference Track Proceedings},
  title =        {Geometry of Early Stopping in Linear Networks},
  volume =       8,
  year =         1995
}

@inproceedings{doya1995temporal,
  address =      {Denver, Colorado, USA},
  author =       {Doya, Kenji},
  booktitle =    {Advances in Neural Information Processing Systems 8
                  (NIPS)},
  editor =       {Touretzky, David and Mozer, Michael C. and Hasselmo,
                  Michael},
  month =        {November},
  note =
                  {\url{https://proceedings.neurips.cc/paper_files/paper/1995/file/1e1d184167ca7676cf665225e236a3d2-Paper.pdf}},
  publisher =    {MIT Press},
  series =       {Conference Track Proceedings},
  title =        {Temporal Difference Learning in Continuous Time and
                  Space},
  volume =       8,
  year =         1995
}

@inproceedings{drucker1995boosting,
  address =      {Denver, Colorado, USA},
  author =       {Drucker, Harris and Cortes, Corinna},
  booktitle =    {Advances in Neural Information Processing Systems 8
                  (NIPS)},
  editor =       {Touretzky, David and Mozer, Michael C. and Hasselmo,
                  Michael},
  month =        {November},
  note =
                  {\url{https://proceedings.neurips.cc/paper_files/paper/1995/file/4a08142c38dbe374195d41c04562d9f8-Paper.pdf}},
  publisher =    {MIT Press},
  series =       {Conference Track Proceedings},
  title =        {Boosting Decision Trees},
  volume =       8,
  year =         1995
}

@inproceedings{edwards1995analog,
  address =      {Denver, Colorado, USA},
  author =       {Edwards, R. and Cauwenberghs, Gert},
  booktitle =    {Advances in Neural Information Processing Systems 8
                  (NIPS)},
  editor =       {Touretzky, David and Mozer, Michael C. and Hasselmo,
                  Michael},
  month =        {November},
  note =
                  {\url{https://proceedings.neurips.cc/paper_files/paper/1995/file/1579779b98ce9edb98dd85606f2c119d-Paper.pdf}},
  publisher =    {MIT Press},
  series =       {Conference Track Proceedings},
  title =        {Analog VLSI Processor Implementing the Continuous
                  Wavelet Transform},
  volume =       8,
  year =         1995
}

@inproceedings{etiennecummings1995vlsi,
  address =      {Denver, Colorado, USA},
  author =       {Etienne-Cummings, Ralph and Van der Spiegel, Jan and
                  Mueller, Paul},
  booktitle =    {Advances in Neural Information Processing Systems 8
                  (NIPS)},
  editor =       {D. Touretzky and M.C. Mozer and M. Hasselmo},
  month =        {November},
  note =
                  {\url{https://proceedings.neurips.cc/paper_files/paper/1995/file/995e1fda4a2b5f55ef0df50868bf2a8f-Paper.pdf}},
  publisher =    {MIT Press},
  series =       {Conference Track Proceedings},
  title =        {VLSI Model of Primate Visual Smooth Pursuit},
  volume =       8,
  year =         1995
}

@inproceedings{ferguson1995high,
  address =      {Denver, Colorado, USA},
  author =       {Ferguson, Alistair and Sabisch, Theo and Kaye, Paul
                  and Dixon, Laurence and Bolouri, Hamid},
  booktitle =    {Advances in Neural Information Processing Systems 8
                  (NIPS)},
  editor =       {D. Touretzky and M.C. Mozer and M. Hasselmo},
  month =        {November},
  note =
                  {\url{https://proceedings.neurips.cc/paper_files/paper/1995/file/9f36407ead0629fc166f14dde7970f68-Paper.pdf}},
  publisher =    {MIT Press},
  series =       {Conference Track Proceedings},
  title =        {High-Speed Airborne Particle Monitoring Using
                  Artificial Neural Networks},
  volume =       8,
  year =         1995
}

@inproceedings{flake1995capacity,
  address =      {Denver, Colorado, USA},
  author =       {Flake, Gary},
  booktitle =    {Advances in Neural Information Processing Systems 8
                  (NIPS)},
  editor =       {Touretzky, David and Mozer, Michael C. and Hasselmo,
                  Michael},
  month =        {November},
  note =
                  {\url{https://proceedings.neurips.cc/paper_files/paper/1995/file/47a658229eb2368a99f1d032c8848542-Paper.pdf}},
  publisher =    {MIT Press},
  series =       {Conference Track Proceedings},
  title =        {The Capacity of a Bump},
  volume =       8,
  year =         1995
}

@inproceedings{frey1995does,
  address =      {Denver, Colorado, USA},
  author =       {Frey, Brendan J and Hinton, Geoffrey E and Dayan,
                  Peter},
  booktitle =    {Advances in Neural Information Processing Systems 8
                  (NIPS)},
  editor =       {D. Touretzky and M.C. Mozer and M. Hasselmo},
  month =        {November},
  note =
                  {\url{https://proceedings.neurips.cc/paper_files/paper/1995/file/55b1927fdafef39c48e5b73b5d61ea60-Paper.pdf}},
  publisher =    {MIT Press},
  series =       {Conference Track Proceedings},
  title =        {Does the Wake-sleep Algorithm Produce Good Density
                  Estimators?},
  volume =       8,
  year =         1995
}

@inproceedings{fry1995perception,
  address =      {Denver, Colorado, USA},
  author =       {Fry, Christopher},
  booktitle =    {Advances in Neural Information Processing Systems 8
                  (NIPS)},
  editor =       {D. Touretzky and M.C. Mozer and M. Hasselmo},
  month =        {November},
  note =
                  {\url{https://proceedings.neurips.cc/paper_files/paper/1995/file/fc2c7c47b918d0c2d792a719dfb602ef-Paper.pdf}},
  publisher =    {MIT Press},
  series =       {Conference Track Proceedings},
  title =        {How Perception Guides Production in Birdsong
                  Learning},
  volume =       8,
  year =         1995
}

@inproceedings{fukumizu1995active,
  address =      {Denver, Colorado, USA},
  author =       {Fukumizu, Kenji},
  booktitle =    {Advances in Neural Information Processing Systems 8
                  (NIPS)},
  editor =       {D. Touretzky and M.C. Mozer and M. Hasselmo},
  month =        {November},
  note =
                  {\url{https://proceedings.neurips.cc/paper_files/paper/1995/file/8248a99e81e752cb9b41da3fc43fbe7f-Paper.pdf}},
  publisher =    {MIT Press},
  series =       {Conference Track Proceedings},
  title =        {Active Learning in Multilayer Perceptrons},
  volume =       8,
  year =         1995
}

@inproceedings{ghahramani1995factorial,
  address =      {Denver, Colorado, USA},
  author =       {Ghahramani, Zoubin and Jordan, Michael},
  booktitle =    {Advances in Neural Information Processing Systems 8
                  (NIPS)},
  editor =       {Touretzky, David and Mozer, Michael C. and Hasselmo,
                  Michael},
  month =        {November},
  note =
                  {\url{https://proceedings.neurips.cc/paper_files/paper/1995/file/4588e674d3f0faf985047d4c3f13ed0d-Paper.pdf}},
  publisher =    {MIT Press},
  series =       {Conference Track Proceedings},
  title =        {Factorial Hidden Markov Models},
  volume =       8,
  year =         1995
}

@inproceedings{gold1995softassign,
  address =      {Denver, Colorado, USA},
  author =       {Gold, Steven and Rangarajan, Anand},
  booktitle =    {Advances in Neural Information Processing Systems 8
                  (NIPS)},
  editor =       {D. Touretzky and M.C. Mozer and M. Hasselmo},
  month =        {November},
  note =
                  {\url{https://proceedings.neurips.cc/paper_files/paper/1995/file/b1563a78ec59337587f6ab6397699afc-Paper.pdf}},
  publisher =    {MIT Press},
  series =       {Conference Track Proceedings},
  title =        {Softassign versus Softmax: Benchmarks in
                  Combinatorial Optimization},
  volume =       8,
  year =         1995
}

@inproceedings{goodhill1995optimizing,
  address =      {Denver, Colorado, USA},
  author =       {Goodhill, Geoffrey and Finch, Steven and Sejnowski,
                  Terrence J},
  booktitle =    {Advances in Neural Information Processing Systems 8
                  (NIPS)},
  editor =       {D. Touretzky and M.C. Mozer and M. Hasselmo},
  month =        {November},
  note =
                  {\url{https://proceedings.neurips.cc/paper_files/paper/1995/file/aace49c7d80767cffec0e513ae886df0-Paper.pdf}},
  publisher =    {MIT Press},
  series =       {Conference Track Proceedings},
  title =        {Optimizing Cortical Mappings},
  volume =       8,
  year =         1995
}

@inproceedings{gordon1995stable,
  address =      {Denver, Colorado, USA},
  author =       {Gordon, Geoffrey J},
  booktitle =    {Advances in Neural Information Processing Systems 8
                  (NIPS)},
  editor =       {D. Touretzky and M.C. Mozer and M. Hasselmo},
  month =        {November},
  note =
                  {\url{https://proceedings.neurips.cc/paper_files/paper/1995/file/fd06b8ea02fe5b1c2496fe1700e9d16c-Paper.pdf}},
  publisher =    {MIT Press},
  series =       {Conference Track Proceedings},
  title =        {Stable Fitted Reinforcement Learning},
  volume =       8,
  year =         1995
}

@inproceedings{gourley1995harmony,
  address =      {Denver, Colorado, USA},
  author =       {Gourley, René},
  booktitle =    {Advances in Neural Information Processing Systems 8
                  (NIPS)},
  editor =       {D. Touretzky and M.C. Mozer and M. Hasselmo},
  month =        {November},
  note =
                  {\url{https://proceedings.neurips.cc/paper_files/paper/1995/file/884d79963bd8bc0ae9b13a1aa71add73-Paper.pdf}},
  publisher =    {MIT Press},
  series =       {Conference Track Proceedings},
  title =        {Harmony Networks Do Not Work},
  volume =       8,
  year =         1995
}

@inproceedings{grunewald1995model,
  address =      {Denver, Colorado, USA},
  author =       {Grunewald, Alexander},
  booktitle =    {Advances in Neural Information Processing Systems 8
                  (NIPS)},
  editor =       {D. Touretzky and M.C. Mozer and M. Hasselmo},
  month =        {November},
  note =
                  {\url{https://proceedings.neurips.cc/paper_files/paper/1995/file/82b8a3434904411a9fdc43ca87cee70c-Paper.pdf}},
  publisher =    {MIT Press},
  series =       {Conference Track Proceedings},
  title =        {A model of transparent motion and non-transparent
                  motion aftereffects},
  volume =       8,
  year =         1995
}

@inproceedings{handzel1995geometry,
  address =      {Denver, Colorado, USA},
  author =       {Handzel, Amir and Flash, Tamar},
  booktitle =    {Advances in Neural Information Processing Systems 8
                  (NIPS)},
  editor =       {D. Touretzky and M.C. Mozer and M. Hasselmo},
  month =        {November},
  note =
                  {\url{https://proceedings.neurips.cc/paper_files/paper/1995/file/d736bb10d83a904aefc1d6ce93dc54b8-Paper.pdf}},
  publisher =    {MIT Press},
  series =       {Conference Track Proceedings},
  title =        {The Geometry of Eye Rotations and Listing's Law},
  volume =       8,
  year =         1995
}

@inproceedings{hasselmo1995cholinergic,
  address =      {Denver, Colorado, USA},
  author =       {Hasselmo, Michael and Cekic, Milos},
  booktitle =    {Advances in Neural Information Processing Systems 8
                  (NIPS)},
  editor =       {D. Touretzky and M.C. Mozer and M. Hasselmo},
  month =        {November},
  note =
                  {\url{https://proceedings.neurips.cc/paper_files/paper/1995/file/af21d0c97db2e27e13572cbf59eb343d-Paper.pdf}},
  publisher =    {MIT Press},
  series =       {Conference Track Proceedings},
  title =        {Cholinergic suppression of transmission may allow
                  combined associative memory function and
                  self-organization in the neocortex},
  volume =       8,
  year =         1995
}

@inproceedings{hastie1995discriminant,
  address =      {Denver, Colorado, USA},
  author =       {Hastie, Trevor and Tibshirani, Robert},
  booktitle =    {Advances in Neural Information Processing Systems 8
                  (NIPS)},
  editor =       {D. Touretzky and M.C. Mozer and M. Hasselmo},
  month =        {November},
  note =
                  {\url{https://proceedings.neurips.cc/paper_files/paper/1995/file/fe709c654eac84d5239d1a12a4f71877-Paper.pdf}},
  publisher =    {MIT Press},
  series =       {Conference Track Proceedings},
  title =        {Discriminant Adaptive Nearest Neighbor
                  Classification and Regression},
  volume =       8,
  year =         1995
}

@inproceedings{helmbold1995worst,
  address =      {Denver, Colorado, USA},
  author =       {Helmbold, David and Kivinen, Jyrki and Warmuth,
                  Manfred K. K},
  booktitle =    {Advances in Neural Information Processing Systems 8
                  (NIPS)},
  editor =       {D. Touretzky and M.C. Mozer and M. Hasselmo},
  month =        {November},
  note =
                  {\url{https://proceedings.neurips.cc/paper_files/paper/1995/file/d6723e7cd6735df68d1ce4c704c29a04-Paper.pdf}},
  publisher =    {MIT Press},
  series =       {Conference Track Proceedings},
  title =        {Worst-case Loss Bounds for Single Neurons},
  volume =       8,
  year =         1995
}

@inproceedings{hihi1995hierarchical,
  address =      {Denver, Colorado, USA},
  author =       {Hihi, Salah and Bengio, Yoshua},
  booktitle =    {Advances in Neural Information Processing Systems 8
                  (NIPS)},
  editor =       {D. Touretzky and M.C. Mozer and M. Hasselmo},
  month =        {November},
  note =
                  {\url{https://proceedings.neurips.cc/paper_files/paper/1995/file/c667d53acd899a97a85de0c201ba99be-Paper.pdf}},
  publisher =    {MIT Press},
  series =       {Conference Track Proceedings},
  title =        {Hierarchical Recurrent Neural Networks for Long-Term
                  Dependencies},
  volume =       8,
  year =         1995
}

@inproceedings{hinton1995using,
  address =      {Denver, Colorado, USA},
  author =       {Hinton, Geoffrey E and Revow, Michael},
  booktitle =    {Advances in Neural Information Processing Systems 8
                  (NIPS)},
  editor =       {D. Touretzky and M.C. Mozer and M. Hasselmo},
  month =        {November},
  note =
                  {\url{https://proceedings.neurips.cc/paper_files/paper/1995/file/a113c1ecd3cace2237256f4c712f61b5-Paper.pdf}},
  publisher =    {MIT Press},
  series =       {Conference Track Proceedings},
  title =        {Using Pairs of Data-Points to Define Splits for
                  Decision Trees},
  volume =       8,
  year =         1995
}

@inproceedings{hofmann1995discovering,
  address =      {Denver, Colorado, USA},
  author =       {Hofmann, Reimar and Tresp, Volker},
  booktitle =    {Advances in Neural Information Processing Systems 8
                  (NIPS)},
  editor =       {D. Touretzky and M.C. Mozer and M. Hasselmo},
  month =        {November},
  note =
                  {\url{https://proceedings.neurips.cc/paper_files/paper/1995/file/a5e0ff62be0b08456fc7f1e88812af3d-Paper.pdf}},
  publisher =    {MIT Press},
  series =       {Conference Track Proceedings},
  title =        {Discovering Structure in Continuous Variables Using
                  Bayesian Networks},
  volume =       8,
  year =         1995
}

@inproceedings{howse1995gradient,
  address =      {Denver, Colorado, USA},
  author =       {Howse, James and Abdallah, Chaouki and Heileman,
                  Gregory},
  booktitle =    {Advances in Neural Information Processing Systems 8
                  (NIPS)},
  editor =       {D. Touretzky and M.C. Mozer and M. Hasselmo},
  month =        {November},
  note =
                  {\url{https://proceedings.neurips.cc/paper_files/paper/1995/file/e17184bcb70dcf3942c54e0b537ffc6d-Paper.pdf}},
  publisher =    {MIT Press},
  series =       {Conference Track Proceedings},
  title =        {Gradient and Hamiltonian Dynamics Applied to
                  Learning in Neural Networks},
  volume =       8,
  year =         1995
}

@inproceedings{indiveri1995parallel,
  address =      {Denver, Colorado, USA},
  author =       {Indiveri, Giacomo and Kramer, Jörg and Koch,
                  Christof},
  booktitle =    {Advances in Neural Information Processing Systems 8
                  (NIPS)},
  editor =       {D. Touretzky and M.C. Mozer and M. Hasselmo},
  month =        {November},
  note =
                  {\url{https://proceedings.neurips.cc/paper_files/paper/1995/file/c21002f464c5fc5bee3b98ced83963b8-Paper.pdf}},
  publisher =    {MIT Press},
  series =       {Conference Track Proceedings},
  title =        {Parallel analog VLSI architectures for computation
                  of heading direction and time-to-contact},
  volume =       8,
  year =         1995
}

@inproceedings{jaakkola1995fast,
  address =      {Denver, Colorado, USA},
  author =       {Jaakkola, Tommi and Saul, Lawrence and Jordan,
                  Michael},
  booktitle =    {Advances in Neural Information Processing Systems 8
                  (NIPS)},
  editor =       {D. Touretzky and M.C. Mozer and M. Hasselmo},
  month =        {November},
  note =
                  {\url{https://proceedings.neurips.cc/paper_files/paper/1995/file/b59c67bf196a4758191e42f76670ceba-Paper.pdf}},
  publisher =    {MIT Press},
  series =       {Conference Track Proceedings},
  title =        {Fast Learning by Bounding Likelihoods in Sigmoid
                  Type Belief Networks},
  volume =       8,
  year =         1995
}

@inproceedings{jabri1995novel,
  address =      {Denver, Colorado, USA},
  author =       {Jabri, Marwan and Wang, Raymond},
  booktitle =    {Advances in Neural Information Processing Systems 8
                  (NIPS)},
  editor =       {Touretzky, David and Mozer, Michael C. and Hasselmo,
                  Michael},
  month =        {November},
  note =
                  {\url{https://proceedings.neurips.cc/paper_files/paper/1995/file/16e6a3326dd7d868cbc926602a61e4d0-Paper.pdf}},
  publisher =    {MIT Press},
  series =       {Conference Track Proceedings},
  title =        {A Novel Channel Selection System in Cochlear
                  Implants Using Artificial Neural Network},
  volume =       8,
  year =         1995
}

@inproceedings{jackson1995competence,
  address =      {Denver, Colorado, USA},
  author =       {Jackson, Geoffrey and Murray, Alan},
  booktitle =    {Advances in Neural Information Processing Systems 8
                  (NIPS)},
  editor =       {D. Touretzky and M.C. Mozer and M. Hasselmo},
  month =        {November},
  note =
                  {\url{https://proceedings.neurips.cc/paper_files/paper/1995/file/7c9d0b1f96aebd7b5eca8c3edaa19ebb-Paper.pdf}},
  publisher =    {MIT Press},
  series =       {Conference Track Proceedings},
  title =        {Competence Acquisition in an Autonomous Mobile Robot
                  using Hardware Neural Techniques},
  volume =       8,
  year =         1995
}

@inproceedings{jackson1995learning,
  address =      {Denver, Colorado, USA},
  author =       {Jackson, Jeffrey and Craven, Mark},
  booktitle =    {Advances in Neural Information Processing Systems 8
                  (NIPS)},
  editor =       {D. Touretzky and M.C. Mozer and M. Hasselmo},
  month =        {November},
  note =
                  {\url{https://proceedings.neurips.cc/paper_files/paper/1995/file/8a1e808b55fde9455cb3d8857ed88389-Paper.pdf}},
  publisher =    {MIT Press},
  series =       {Conference Track Proceedings},
  title =        {Learning Sparse Perceptrons},
  volume =       8,
  year =         1995
}

@inproceedings{joseph1995role,
  address =      {Denver, Colorado, USA},
  author =       {Joseph, Samuel and Willshaw, David},
  booktitle =    {Advances in Neural Information Processing Systems 8
                  (NIPS)},
  editor =       {D. Touretzky and M.C. Mozer and M. Hasselmo},
  month =        {November},
  note =
                  {\url{https://proceedings.neurips.cc/paper_files/paper/1995/file/8a3363abe792db2d8761d6403605aeb7-Paper.pdf}},
  publisher =    {MIT Press},
  series =       {Conference Track Proceedings},
  title =        {The Role of Activity in Synaptic Competition at the
                  Neuromuscular Junction},
  volume =       8,
  year =         1995
}

@inproceedings{juels1995stochastic,
  address =      {Denver, Colorado, USA},
  author =       {Juels, Ari and Wattenberg, Martin},
  booktitle =    {Advances in Neural Information Processing Systems 8
                  (NIPS)},
  editor =       {Touretzky, David and Mozer, Michael C. and Hasselmo,
                  Michael},
  month =        {November},
  note =
                  {\url{https://proceedings.neurips.cc/paper_files/paper/1995/file/36a1694bce9815b7e38a9dad05ad42e0-Paper.pdf}},
  publisher =    {MIT Press},
  series =       {Conference Track Proceedings},
  title =        {Stochastic Hillclimbing as a Baseline Method for
                  Evaluating Genetic Algorithms},
  volume =       8,
  year =         1995
}

@inproceedings{kadirkamanathan1995recursive,
  address =      {Denver, Colorado, USA},
  author =       {Kadirkamanathan, Visakan and Kadirkamanathan, Maha},
  booktitle =    {Advances in Neural Information Processing Systems 8
                  (NIPS)},
  editor =       {Touretzky, David and Mozer, Michael C. and Hasselmo,
                  Michael},
  month =        {November},
  note =
                  {\url{https://proceedings.neurips.cc/paper_files/paper/1995/file/3b712de48137572f3849aabd5666a4e3-Paper.pdf}},
  publisher =    {MIT Press},
  series =       {Conference Track Proceedings},
  title =        {Recursive Estimation of Dynamic Modular RBF
                  Networks},
  volume =       8,
  year =         1995
}

@inproceedings{kearns1995bound,
  address =      {Denver, Colorado, USA},
  author =       {Kearns, Michael},
  booktitle =    {Advances in Neural Information Processing Systems 8
                  (NIPS)},
  editor =       {D. Touretzky and M.C. Mozer and M. Hasselmo},
  month =        {November},
  note =
                  {\url{https://proceedings.neurips.cc/paper_files/paper/1995/file/dc58e3a306451c9d670adcd37004f48f-Paper.pdf}},
  publisher =    {MIT Press},
  series =       {Conference Track Proceedings},
  title =        {A Bound on the Error of Cross Validation Using the
                  Approximation and Estimation Rates, with
                  Consequences for the Training-Test Split},
  volume =       8,
  year =         1995
}

@inproceedings{kempter1995temporal,
  address =      {Denver, Colorado, USA},
  author =       {Kempter, Richard and Gerstner, Wulfram and van
                  Hemmen, J. and Wagner, Hermann},
  booktitle =    {Advances in Neural Information Processing Systems 8
                  (NIPS)},
  editor =       {D. Touretzky and M.C. Mozer and M. Hasselmo},
  month =        {November},
  note =
                  {\url{https://proceedings.neurips.cc/paper_files/paper/1995/file/a8240cb8235e9c493a0c30607586166c-Paper.pdf}},
  publisher =    {MIT Press},
  series =       {Conference Track Proceedings},
  title =        {Temporal coding in the sub-millisecond range: Model
                  of barn owl auditory pathway},
  volume =       8,
  year =         1995
}

@inproceedings{kershaw1995context,
  address =      {Denver, Colorado, USA},
  author =       {Kershaw, Dan and Robinson, Anthony and Hochberg,
                  Mike},
  booktitle =    {Advances in Neural Information Processing Systems 8
                  (NIPS)},
  editor =       {Touretzky, David and Mozer, Michael C. and Hasselmo,
                  Michael},
  month =        {November},
  note =
                  {\url{https://proceedings.neurips.cc/paper_files/paper/1995/file/27ed0fb950b856b06e1273989422e7d3-Paper.pdf}},
  publisher =    {MIT Press},
  series =       {Conference Track Proceedings},
  title =        {Context-Dependent Classes in a Hybrid Recurrent
                  Network-HMM Speech Recognition System},
  volume =       8,
  year =         1995
}

@inproceedings{koiran1995neural,
  address =      {Denver, Colorado, USA},
  author =       {Koiran, Pascal and Sontag, Eduardo},
  booktitle =    {Advances in Neural Information Processing Systems 8
                  (NIPS)},
  editor =       {Touretzky, David and Mozer, Michael C. and Hasselmo,
                  Michael},
  month =        {November},
  note =
                  {\url{https://proceedings.neurips.cc/paper_files/paper/1995/file/456ac9b0d15a8b7f1e71073221059886-Paper.pdf}},
  publisher =    {MIT Press},
  series =       {Conference Track Proceedings},
  title =        {Neural Networks with Quadratic VC Dimension},
  volume =       8,
  year =         1995
}

@inproceedings{konig1995remap,
  address =      {Denver, Colorado, USA},
  author =       {Konig, Yochai and Bourlard, Hervé and Morgan,
                  Nelson},
  booktitle =    {Advances in Neural Information Processing Systems 8
                  (NIPS)},
  editor =       {D. Touretzky and M.C. Mozer and M. Hasselmo},
  month =        {November},
  note =
                  {\url{https://proceedings.neurips.cc/paper_files/paper/1995/file/883e881bb4d22a7add958f2d6b052c9f-Paper.pdf}},
  publisher =    {MIT Press},
  series =       {Conference Track Proceedings},
  title =        {REMAP: Recursive Estimation and Maximization of A
                  Posteriori Probabilities - Application to
                  Transition-Based Connectionist Speech Recognition},
  volume =       8,
  year =         1995
}

@inproceedings{kowalczyk1995examples,
  address =      {Denver, Colorado, USA},
  author =       {Kowalczyk, Adam and Szymanski, Jacek and Bartlett,
                  Peter and Williamson, Robert C},
  booktitle =    {Advances in Neural Information Processing Systems 8
                  (NIPS)},
  editor =       {D. Touretzky and M.C. Mozer and M. Hasselmo},
  month =        {November},
  note =
                  {\url{https://proceedings.neurips.cc/paper_files/paper/1995/file/d91d1b4d82419de8a614abce9cc0e6d4-Paper.pdf}},
  publisher =    {MIT Press},
  series =       {Conference Track Proceedings},
  title =        {Examples of learning curves from a modified
                  VC-formalism},
  volume =       8,
  year =         1995
}

@inproceedings{kremer1995finite,
  address =      {Denver, Colorado, USA},
  author =       {Kremer, Stefan},
  booktitle =    {Advances in Neural Information Processing Systems 8
                  (NIPS)},
  editor =       {D. Touretzky and M.C. Mozer and M. Hasselmo},
  month =        {November},
  note =
                  {\url{https://proceedings.neurips.cc/paper_files/paper/1995/file/c6bff625bdb0393992c9d4db0c6bbe45-Paper.pdf}},
  publisher =    {MIT Press},
  series =       {Conference Track Proceedings},
  title =        {Finite State Automata that Recurrent
                  Cascade-Correlation Cannot Represent},
  volume =       8,
  year =         1995
}

@inproceedings{krogh1995prediction,
  address =      {Denver, Colorado, USA},
  author =       {Krogh, Anders and Riis, Soren},
  booktitle =    {Advances in Neural Information Processing Systems 8
                  (NIPS)},
  editor =       {D. Touretzky and M.C. Mozer and M. Hasselmo},
  month =        {November},
  note =
                  {\url{https://proceedings.neurips.cc/paper_files/paper/1995/file/818f4654ed39a1c147d1e51a00ffb4cb-Paper.pdf}},
  publisher =    {MIT Press},
  series =       {Conference Track Proceedings},
  title =        {Prediction of Beta Sheets in Proteins},
  volume =       8,
  year =         1995
}

@inproceedings{lawrence1995gamma,
  address =      {Denver, Colorado, USA},
  author =       {Lawrence, Steve and Tsoi, Ah and Back, Andrew},
  booktitle =    {Advances in Neural Information Processing Systems 8
                  (NIPS)},
  editor =       {Touretzky, David and Mozer, Michael C. and Hasselmo,
                  Michael},
  month =        {November},
  note =
                  {\url{https://proceedings.neurips.cc/paper_files/paper/1995/file/0768281a05da9f27df178b5c39a51263-Paper.pdf}},
  publisher =    {MIT Press},
  series =       {Conference Track Proceedings},
  title =        {The Gamma MLP for Speech Phoneme Recognition},
  volume =       8,
  year =         1995
}

@inproceedings{lazzaro1995silicon,
  address =      {Denver, Colorado, USA},
  author =       {Lazzaro, John and Wawrzynek, John},
  booktitle =    {Advances in Neural Information Processing Systems 8
                  (NIPS)},
  editor =       {Touretzky, David and Mozer, Michael C. and Hasselmo,
                  Michael},
  month =        {November},
  note =
                  {\url{https://proceedings.neurips.cc/paper_files/paper/1995/file/2cfd4560539f887a5e420412b370b361-Paper.pdf}},
  publisher =    {MIT Press},
  series =       {Conference Track Proceedings},
  title =        {Silicon Models for Auditory Scene Analysis},
  volume =       8,
  year =         1995
}

@inproceedings{lemarie1995handwritten,
  address =      {Denver, Colorado, USA},
  author =       {Lemarié, Bernard and Gilloux, Michel and Leroux,
                  Manuel},
  booktitle =    {Advances in Neural Information Processing Systems 8
                  (NIPS)},
  editor =       {D. Touretzky and M.C. Mozer and M. Hasselmo},
  month =        {November},
  note =
                  {\url{https://proceedings.neurips.cc/paper_files/paper/1995/file/c9f95a0a5af052bffce5c89917335f67-Paper.pdf}},
  publisher =    {MIT Press},
  series =       {Conference Track Proceedings},
  title =        {Handwritten Word Recognition using Contextual Hybrid
                  Radial Basis Function Network/Hidden Markov Models},
  volume =       8,
  year =         1995
}

@inproceedings{levin1995stock,
  address =      {Denver, Colorado, USA},
  author =       {Levin, Asriel},
  booktitle =    {Advances in Neural Information Processing Systems 8
                  (NIPS)},
  editor =       {D. Touretzky and M.C. Mozer and M. Hasselmo},
  month =        {November},
  note =
                  {\url{https://proceedings.neurips.cc/paper_files/paper/1995/file/d6ef5f7fa914c19931a55bb262ec879c-Paper.pdf}},
  publisher =    {MIT Press},
  series =       {Conference Track Proceedings},
  title =        {Stock Selection via Nonlinear Multi-Factor Models},
  volume =       8,
  year =         1995
}

@inproceedings{lin1995learning,
  address =      {Denver, Colorado, USA},
  author =       {Lin, Tsungnan and Horne, Bill and Tiñó, Peter and
                  Giles, C.},
  booktitle =    {Advances in Neural Information Processing Systems 8
                  (NIPS)},
  editor =       {D. Touretzky and M.C. Mozer and M. Hasselmo},
  month =        {November},
  note =
                  {\url{https://proceedings.neurips.cc/paper_files/paper/1995/file/f197002b9a0853eca5e046d9ca4663d5-Paper.pdf}},
  publisher =    {MIT Press},
  series =       {Conference Track Proceedings},
  title =        {Learning long-term dependencies is not as difficult
                  with NARX networks},
  volume =       8,
  year =         1995
}

@inproceedings{littmann1995visual,
  address =      {Denver, Colorado, USA},
  author =       {Littmann, Enno and Drees, Andrea and Ritter, Helge},
  booktitle =    {Advances in Neural Information Processing Systems 8
                  (NIPS)},
  editor =       {D. Touretzky and M.C. Mozer and M. Hasselmo},
  month =        {November},
  note =
                  {\url{https://proceedings.neurips.cc/paper_files/paper/1995/file/708f3cf8100d5e71834b1db77dfa15d6-Paper.pdf}},
  publisher =    {MIT Press},
  series =       {Conference Track Proceedings},
  title =        {Visual gesture-based robot guidance with a modular
                  neural system},
  volume =       8,
  year =         1995
}

@inproceedings{liu1995adaptive,
  address =      {Denver, Colorado, USA},
  author =       {Liu, Shih-Chii and Boahen, Kwabena},
  booktitle =    {Advances in Neural Information Processing Systems 8
                  (NIPS)},
  editor =       {D. Touretzky and M.C. Mozer and M. Hasselmo},
  month =        {November},
  note =
                  {\url{https://proceedings.neurips.cc/paper_files/paper/1995/file/53c04118df112c13a8c34b38343b9c10-Paper.pdf}},
  publisher =    {MIT Press},
  series =       {Conference Track Proceedings},
  title =        {Adaptive Retina with Center-Surround Receptive
                  Field},
  volume =       8,
  year =         1995
}

@inproceedings{maass1995on,
  address =      {Denver, Colorado, USA},
  author =       {Maass, Wolfgang},
  booktitle =    {Advances in Neural Information Processing Systems 8
                  (NIPS)},
  editor =       {Touretzky, David and Mozer, Michael C. and Hasselmo,
                  Michael},
  month =        {November},
  note =
                  {\url{https://proceedings.neurips.cc/paper_files/paper/1995/file/0c048b3a434e49e655c1247efb389cec-Paper.pdf}},
  publisher =    {MIT Press},
  series =       {Conference Track Proceedings},
  title =        {On the Computational Power of Noisy Spiking Neurons},
  volume =       8,
  year =         1995
}

@inproceedings{makeig1995independent,
  address =      {Denver, Colorado, USA},
  author =       {Makeig, Scott and Bell, Anthony and Jung, Tzyy-Ping
                  and Sejnowski, Terrence J},
  booktitle =    {Advances in Neural Information Processing Systems 8
                  (NIPS)},
  editor =       {D. Touretzky and M.C. Mozer and M. Hasselmo},
  month =        {November},
  note =
                  {\url{https://proceedings.neurips.cc/paper_files/paper/1995/file/754dda4b1ba34c6fa89716b85d68532b-Paper.pdf}},
  publisher =    {MIT Press},
  series =       {Conference Track Proceedings},
  title =        {Independent Component Analysis of
                  Electroencephalographic Data},
  volume =       8,
  year =         1995
}

@inproceedings{makeig1995using,
  address =      {Denver, Colorado, USA},
  author =       {Makeig, Scott and Jung, Tzyy-Ping and Sejnowski,
                  Terrence J},
  booktitle =    {Advances in Neural Information Processing Systems 8
                  (NIPS)},
  editor =       {D. Touretzky and M.C. Mozer and M. Hasselmo},
  month =        {November},
  note =
                  {\url{https://proceedings.neurips.cc/paper_files/paper/1995/file/a26398dca6f47b49876cbaffbc9954f9-Paper.pdf}},
  publisher =    {MIT Press},
  series =       {Conference Track Proceedings},
  title =        {Using Feedforward Neural Networks to Monitor
                  Alertness from Changes in EEG Correlation and
                  Coherence},
  volume =       8,
  year =         1995
}

@inproceedings{mansour1995implementation,
  address =      {Denver, Colorado, USA},
  author =       {Mansour, Yishay and Sahar, Sigal},
  booktitle =    {Advances in Neural Information Processing Systems 8
                  (NIPS)},
  editor =       {D. Touretzky and M.C. Mozer and M. Hasselmo},
  month =        {November},
  note =
                  {\url{https://proceedings.neurips.cc/paper_files/paper/1995/file/db576a7d2453575f29eab4bac787b919-Paper.pdf}},
  publisher =    {MIT Press},
  series =       {Conference Track Proceedings},
  title =        {Implementation Issues in the Fourier Transform
                  Algorithm},
  volume =       8,
  year =         1995
}

@inproceedings{marchand1995strong,
  address =      {Denver, Colorado, USA},
  author =       {Marchand, Mario and Hadjifaradji, Saeed},
  booktitle =    {Advances in Neural Information Processing Systems 8
                  (NIPS)},
  editor =       {D. Touretzky and M.C. Mozer and M. Hasselmo},
  month =        {November},
  note =
                  {\url{https://proceedings.neurips.cc/paper_files/paper/1995/file/df0aab058ce179e4f7ab135ed4e641a9-Paper.pdf}},
  publisher =    {MIT Press},
  series =       {Conference Track Proceedings},
  title =        {Strong Unimodality and Exact Learning of Constant
                  Depth μ-Perceptron Networks},
  volume =       8,
  year =         1995
}

@inproceedings{marshall1995learning,
  address =      {Denver, Colorado, USA},
  author =       {Marshall, Jonathan and Alley, Richard and Hubbard,
                  Robert},
  booktitle =    {Advances in Neural Information Processing Systems 8
                  (NIPS)},
  editor =       {Touretzky, David and Mozer, Michael C. and Hasselmo,
                  Michael},
  month =        {November},
  note =
                  {\url{https://proceedings.neurips.cc/paper_files/paper/1995/file/00e26af6ac3b1c1c49d7c3d79c60d000-Paper.pdf}},
  publisher =    {MIT Press},
  series =       {Conference Track Proceedings},
  title =        {Learning to Predict Visibility and Invisibility from
                  Occlusion Events},
  volume =       8,
  year =         1995
}

@inproceedings{martin1995human,
  address =      {Denver, Colorado, USA},
  author =       {Martin, Gale},
  booktitle =    {Advances in Neural Information Processing Systems 8
                  (NIPS)},
  editor =       {D. Touretzky and M.C. Mozer and M. Hasselmo},
  month =        {November},
  note =
                  {\url{https://proceedings.neurips.cc/paper_files/paper/1995/file/e58cc5ca94270acaceed13bc82dfedf7-Paper.pdf}},
  publisher =    {MIT Press},
  series =       {Conference Track Proceedings},
  title =        {Human Reading and the Curse of Dimensionality},
  volume =       8,
  year =         1995
}

@inproceedings{matsuoka1995primitive,
  address =      {Denver, Colorado, USA},
  author =       {Matsuoka, Yoky},
  booktitle =    {Advances in Neural Information Processing Systems 8
                  (NIPS)},
  editor =       {Touretzky, David and Mozer, Michael C. and Hasselmo,
                  Michael},
  month =        {November},
  note =
                  {\url{https://proceedings.neurips.cc/paper_files/paper/1995/file/2b38c2df6a49b97f706ec9148ce48d86-Paper.pdf}},
  publisher =    {MIT Press},
  series =       {Conference Track Proceedings},
  title =        {Primitive Manipulation Learning with Connectionism},
  volume =       8,
  year =         1995
}

@inproceedings{mccabe1995model,
  address =      {Denver, Colorado, USA},
  author =       {McCabe, Susan and Denham, Michael},
  booktitle =    {Advances in Neural Information Processing Systems 8
                  (NIPS)},
  editor =       {Touretzky, David and Mozer, Michael C. and Hasselmo,
                  Michael},
  month =        {November},
  note =
                  {\url{https://proceedings.neurips.cc/paper_files/paper/1995/file/24146db4eb48c718b84cae0a0799dcfc-Paper.pdf}},
  publisher =    {MIT Press},
  series =       {Conference Track Proceedings},
  title =        {A Model of Auditory Streaming},
  volume =       8,
  year =         1995
}

@inproceedings{meila1995learning,
  address =      {Denver, Colorado, USA},
  author =       {Meila, Marina and Jordan, Michael},
  booktitle =    {Advances in Neural Information Processing Systems 8
                  (NIPS)},
  editor =       {D. Touretzky and M.C. Mozer and M. Hasselmo},
  month =        {November},
  note =
                  {\url{https://proceedings.neurips.cc/paper_files/paper/1995/file/6c340f25839e6acdc73414517203f5f0-Paper.pdf}},
  publisher =    {MIT Press},
  series =       {Conference Track Proceedings},
  title =        {Learning Fine Motion by Markov Mixtures of Experts},
  volume =       8,
  year =         1995
}

@inproceedings{mel1995seemore,
  address =      {Denver, Colorado, USA},
  author =       {Mel, Bartlett},
  booktitle =    {Advances in Neural Information Processing Systems 8
                  (NIPS)},
  editor =       {D. Touretzky and M.C. Mozer and M. Hasselmo},
  month =        {November},
  note =
                  {\url{https://proceedings.neurips.cc/paper_files/paper/1995/file/a0e2a2c563d57df27213ede1ac4ac780-Paper.pdf}},
  publisher =    {MIT Press},
  series =       {Conference Track Proceedings},
  title =        {SEEMORE: A View-Based Approach to 3-D Object
                  Recognition Using Multiple Visual Cues},
  volume =       8,
  year =         1995
}

@inproceedings{meyerbase1995quadratic,
  address =      {Denver, Colorado, USA},
  author =       {Meyer-Bäse, Anke},
  booktitle =    {Advances in Neural Information Processing Systems 8
                  (NIPS)},
  editor =       {D. Touretzky and M.C. Mozer and M. Hasselmo},
  month =        {November},
  note =
                  {\url{https://proceedings.neurips.cc/paper_files/paper/1995/file/eddb904a6db773755d2857aacadb1cb0-Paper.pdf}},
  publisher =    {MIT Press},
  series =       {Conference Track Proceedings},
  title =        {Quadratic-Type Lyapunov Functions for Competitive
                  Neural Networks with Different Time-Scales},
  volume =       8,
  year =         1995
}

@inproceedings{miller1995information,
  address =      {Denver, Colorado, USA},
  author =       {Miller, David J and Rao, Ajit and Rose, Kenneth and
                  Gersho, Allen},
  booktitle =    {Advances in Neural Information Processing Systems 8
                  (NIPS)},
  editor =       {Touretzky, David and Mozer, Michael C. and Hasselmo,
                  Michael},
  month =        {November},
  note =
                  {\url{https://proceedings.neurips.cc/paper_files/paper/1995/file/38ca89564b2259401518960f7a06f94b-Paper.pdf}},
  publisher =    {MIT Press},
  series =       {Conference Track Proceedings},
  title =        {An Information-theoretic Learning Algorithm for
                  Neural Network Classification},
  volume =       8,
  year =         1995
}

@inproceedings{moore1995memory,
  address =      {Denver, Colorado, USA},
  author =       {Moore, Andrew and Schneider, Jeff},
  booktitle =    {Advances in Neural Information Processing Systems 8
                  (NIPS)},
  editor =       {D. Touretzky and M.C. Mozer and M. Hasselmo},
  month =        {November},
  note =
                  {\url{https://proceedings.neurips.cc/paper_files/paper/1995/file/c7635bfd99248a2cdef8249ef7bfbef4-Paper.pdf}},
  publisher =    {MIT Press},
  series =       {Conference Track Proceedings},
  title =        {Memory-based Stochastic Optimization},
  volume =       8,
  year =         1995
}

@inproceedings{nakahara1995dynamics,
  address =      {Denver, Colorado, USA},
  author =       {Nakahara, Hiroyuki and Doya, Kenji},
  booktitle =    {Advances in Neural Information Processing Systems 8
                  (NIPS)},
  editor =       {D. Touretzky and M.C. Mozer and M. Hasselmo},
  month =        {November},
  note =
                  {\url{https://proceedings.neurips.cc/paper_files/paper/1995/file/afdec7005cc9f14302cd0474fd0f3c96-Paper.pdf}},
  publisher =    {MIT Press},
  series =       {Conference Track Proceedings},
  title =        {Dynamics of Attention as Near Saddle-Node
                  Bifurcation Behavior},
  volume =       8,
  year =         1995
}

@inproceedings{neuneier1995optimal,
  address =      {Denver, Colorado, USA},
  author =       {Neuneier, Ralph},
  booktitle =    {Advances in Neural Information Processing Systems 8
                  (NIPS)},
  editor =       {Touretzky, David and Mozer, Michael C. and Hasselmo,
                  Michael},
  month =        {November},
  note =
                  {\url{https://proceedings.neurips.cc/paper_files/paper/1995/file/3a15c7d0bbe60300a39f76f8a5ba6896-Paper.pdf}},
  publisher =    {MIT Press},
  series =       {Conference Track Proceedings},
  title =        {Optimal Asset Allocation using Adaptive Dynamic
                  Programming},
  volume =       8,
  year =         1995
}

@inproceedings{niebur1995control,
  address =      {Denver, Colorado, USA},
  author =       {Niebur, Ernst and Koch, Christof},
  booktitle =    {Advances in Neural Information Processing Systems 8
                  (NIPS)},
  editor =       {D. Touretzky and M.C. Mozer and M. Hasselmo},
  month =        {November},
  note =
                  {\url{https://proceedings.neurips.cc/paper_files/paper/1995/file/e8b1cbd05f6e6a358a81dee52493dd06-Paper.pdf}},
  publisher =    {MIT Press},
  series =       {Conference Track Proceedings},
  title =        {Control of Selective Visual Attention: Modeling the
                  "Where" Pathway},
  volume =       8,
  year =         1995
}

@inproceedings{omohundro1995family,
  address =      {Denver, Colorado, USA},
  author =       {Omohundro, Stephen},
  booktitle =    {Advances in Neural Information Processing Systems 8
                  (NIPS)},
  editor =       {D. Touretzky and M.C. Mozer and M. Hasselmo},
  month =        {November},
  note =
                  {\url{https://proceedings.neurips.cc/paper_files/paper/1995/file/5055cbf43fac3f7e2336b27310f0b9ef-Paper.pdf}},
  publisher =    {MIT Press},
  series =       {Conference Track Proceedings},
  title =        {Family Discovery},
  volume =       8,
  year =         1995
}

@inproceedings{opitz1995generating,
  address =      {Denver, Colorado, USA},
  author =       {Opitz, David and Shavlik, Jude},
  booktitle =    {Advances in Neural Information Processing Systems 8
                  (NIPS)},
  editor =       {Touretzky, David and Mozer, Michael C. and Hasselmo,
                  Michael},
  month =        {November},
  note =
                  {\url{https://proceedings.neurips.cc/paper_files/paper/1995/file/1896a3bf730516dd643ba67b4c447d36-Paper.pdf}},
  publisher =    {MIT Press},
  series =       {Conference Track Proceedings},
  title =        {Generating Accurate and Diverse Members of a
                  Neural-Network Ensemble},
  volume =       8,
  year =         1995
}

@inproceedings{ormoneit1995improved,
  address =      {Denver, Colorado, USA},
  author =       {Ormoneit, Dirk and Tresp, Volker},
  booktitle =    {Advances in Neural Information Processing Systems 8
                  (NIPS)},
  editor =       {D. Touretzky and M.C. Mozer and M. Hasselmo},
  month =        {November},
  note =
                  {\url{https://proceedings.neurips.cc/paper_files/paper/1995/file/83fa5a432ae55c253d0e60dbfa716723-Paper.pdf}},
  publisher =    {MIT Press},
  series =       {Conference Track Proceedings},
  title =        {Improved Gaussian Mixture Density Estimates Using
                  Bayesian Penalty Terms and Network Averaging},
  volume =       8,
  year =         1995
}

@inproceedings{pappu1995framework,
  address =      {Denver, Colorado, USA},
  author =       {Pappu, Suguna and Gold, Steven and Rangarajan,
                  Anand},
  booktitle =    {Advances in Neural Information Processing Systems 8
                  (NIPS)},
  editor =       {D. Touretzky and M.C. Mozer and M. Hasselmo},
  month =        {November},
  note =
                  {\url{https://proceedings.neurips.cc/paper_files/paper/1995/file/c60d060b946d6dd6145dcbad5c4ccf6f-Paper.pdf}},
  publisher =    {MIT Press},
  series =       {Conference Track Proceedings},
  title =        {A Framework for Non-rigid Matching and
                  Correspondence},
  volume =       8,
  year =         1995
}

@inproceedings{parmanto1995improving,
  address =      {Denver, Colorado, USA},
  author =       {Parmanto, Bambang and Munro, Paul and Doyle, Howard},
  booktitle =    {Advances in Neural Information Processing Systems 8
                  (NIPS)},
  editor =       {Touretzky, David and Mozer, Michael C. and Hasselmo,
                  Michael},
  month =        {November},
  note =
                  {\url{https://proceedings.neurips.cc/paper_files/paper/1995/file/46072631582fc240dd2674a7d063b040-Paper.pdf}},
  publisher =    {MIT Press},
  series =       {Conference Track Proceedings},
  title =        {Improving Committee Diagnosis with Resampling
                  Techniques},
  volume =       8,
  year =         1995
}

@inproceedings{parra1995symplectic,
  address =      {Denver, Colorado, USA},
  author =       {Parra, Lucas},
  booktitle =    {Advances in Neural Information Processing Systems 8
                  (NIPS)},
  editor =       {D. Touretzky and M.C. Mozer and M. Hasselmo},
  month =        {November},
  note =
                  {\url{https://proceedings.neurips.cc/paper_files/paper/1995/file/731c83db8d2ff01bdc000083fd3c3740-Paper.pdf}},
  publisher =    {MIT Press},
  series =       {Conference Track Proceedings},
  title =        {Symplectic Nonlinear Component Analysis},
  volume =       8,
  year =         1995
}

@inproceedings{pedersen1995pruning,
  address =      {Denver, Colorado, USA},
  author =       {Pedersen, Morten and Hansen, Lars and Larsen, Jan},
  booktitle =    {Advances in Neural Information Processing Systems 8
                  (NIPS)},
  editor =       {Touretzky, David and Mozer, Michael C. and Hasselmo,
                  Michael},
  month =        {November},
  note =
                  {\url{https://proceedings.neurips.cc/paper_files/paper/1995/file/3473decccb0509fb264818a7512a8b9b-Paper.pdf}},
  publisher =    {MIT Press},
  series =       {Conference Track Proceedings},
  title =        {Pruning with generalization based weight saliencies:
                  λOBD, λOBS},
  volume =       8,
  year =         1995
}

@inproceedings{pessoa1995neural,
  address =      {Denver, Colorado, USA},
  author =       {Pessoa, Luiz and Ross, William},
  booktitle =    {Advances in Neural Information Processing Systems 8
                  (NIPS)},
  editor =       {D. Touretzky and M.C. Mozer and M. Hasselmo},
  month =        {November},
  note =
                  {\url{https://proceedings.neurips.cc/paper_files/paper/1995/file/53adaf494dc89ef7196d73636eb2451b-Paper.pdf}},
  publisher =    {MIT Press},
  series =       {Conference Track Proceedings},
  title =        {A Neural Network Model of 3-D Lightness Perception},
  volume =       8,
  year =         1995
}

@inproceedings{petersen1995reorganisation,
  address =      {Denver, Colorado, USA},
  author =       {Petersen, Rasmus and Taylor, John},
  booktitle =    {Advances in Neural Information Processing Systems 8
                  (NIPS)},
  editor =       {D. Touretzky and M.C. Mozer and M. Hasselmo},
  month =        {November},
  note =
                  {\url{https://proceedings.neurips.cc/paper_files/paper/1995/file/7fec306d1e665bc9c748b5d2b99a6e97-Paper.pdf}},
  publisher =    {MIT Press},
  series =       {Conference Track Proceedings},
  title =        {Reorganisation of Somatosensory Cortex after Tactile
                  Training},
  volume =       8,
  year =         1995
}

@inproceedings{petsche1995neural,
  address =      {Denver, Colorado, USA},
  author =       {Petsche, Thomas and Marcantonio, Angelo and Darken,
                  Christian and Hanson, Stephen and Kuhn, Gary and
                  Santoso, N.},
  booktitle =    {Advances in Neural Information Processing Systems 8
                  (NIPS)},
  editor =       {Touretzky, David and Mozer, Michael C. and Hasselmo,
                  Michael},
  month =        {November},
  note =
                  {\url{https://proceedings.neurips.cc/paper_files/paper/1995/file/062ddb6c727310e76b6200b7c71f63b5-Paper.pdf}},
  publisher =    {MIT Press},
  series =       {Conference Track Proceedings},
  title =        {A Neural Network Autoassociator for Induction Motor
                  Failure Prediction},
  volume =       8,
  year =         1995
}

@inproceedings{platt1995neural,
  address =      {Denver, Colorado, USA},
  author =       {Platt, John and Allen, Timothy},
  booktitle =    {Advances in Neural Information Processing Systems 8
                  (NIPS)},
  editor =       {Touretzky, David and Mozer, Michael C. and Hasselmo,
                  Michael},
  month =        {November},
  note =
                  {\url{https://proceedings.neurips.cc/paper_files/paper/1995/file/3eb71f6293a2a31f3569e10af6552658-Paper.pdf}},
  publisher =    {MIT Press},
  series =       {Conference Track Proceedings},
  title =        {A Neural Network Classifier for the I100 OCR Chip},
  volume =       8,
  year =         1995
}

@inproceedings{pouget1995model,
  address =      {Denver, Colorado, USA},
  author =       {Pouget, Alexandre and Sejnowski, Terrence J},
  booktitle =    {Advances in Neural Information Processing Systems 8
                  (NIPS)},
  editor =       {Touretzky, David and Mozer, Michael C. and Hasselmo,
                  Michael},
  month =        {November},
  note =
                  {\url{https://proceedings.neurips.cc/paper_files/paper/1995/file/1b0114c51cc532ed34e1954b5b9e4b58-Paper.pdf}},
  publisher =    {MIT Press},
  series =       {Conference Track Proceedings},
  title =        {A Model of Spatial Representations in Parietal
                  Cortex Explains Hemineglect},
  volume =       8,
  year =         1995
}

@inproceedings{rao1995modeling,
  address =      {Denver, Colorado, USA},
  author =       {Rao, Rajesh and Zelinsky, Gregory and Hayhoe, Mary
                  and Ballard, Dana},
  booktitle =    {Advances in Neural Information Processing Systems 8
                  (NIPS)},
  editor =       {Touretzky, David and Mozer, Michael C. and Hasselmo,
                  Michael},
  month =        {November},
  note =
                  {\url{https://proceedings.neurips.cc/paper_files/paper/1995/file/3fe78a8acf5fda99de95303940a2420c-Paper.pdf}},
  publisher =    {MIT Press},
  series =       {Conference Track Proceedings},
  title =        {Modeling Saccadic Targeting in Visual Search},
  volume =       8,
  year =         1995
}

@inproceedings{rasmussen1995practical,
  address =      {Denver, Colorado, USA},
  author =       {Rasmussen, Carl},
  booktitle =    {Advances in Neural Information Processing Systems 8
                  (NIPS)},
  editor =       {D. Touretzky and M.C. Mozer and M. Hasselmo},
  month =        {November},
  note =
                  {\url{https://proceedings.neurips.cc/paper_files/paper/1995/file/84d2004bf28a2095230e8e14993d398d-Paper.pdf}},
  publisher =    {MIT Press},
  series =       {Conference Track Proceedings},
  title =        {A Practical Monte Carlo Implementation of Bayesian
                  Learning},
  volume =       8,
  year =         1995
}

@inproceedings{rebotier1995explorations,
  address =      {Denver, Colorado, USA},
  author =       {Rebotier, Thomas and Elman, Jeffrey},
  booktitle =    {Advances in Neural Information Processing Systems 8
                  (NIPS)},
  editor =       {D. Touretzky and M.C. Mozer and M. Hasselmo},
  month =        {November},
  note =
                  {\url{https://proceedings.neurips.cc/paper_files/paper/1995/file/8ce6790cc6a94e65f17f908f462fae85-Paper.pdf}},
  publisher =    {MIT Press},
  series =       {Conference Track Proceedings},
  title =        {Explorations with the Dynamic Wave Model},
  volume =       8,
  year =         1995
}

@inproceedings{redish1995modeling,
  address =      {Denver, Colorado, USA},
  author =       {Redish, A. and Touretzky, David},
  booktitle =    {Advances in Neural Information Processing Systems 8
                  (NIPS)},
  editor =       {D. Touretzky and M.C. Mozer and M. Hasselmo},
  month =        {November},
  note =
                  {\url{https://proceedings.neurips.cc/paper_files/paper/1995/file/522a9ae9a99880d39e5daec35375e999-Paper.pdf}},
  publisher =    {MIT Press},
  series =       {Conference Track Proceedings},
  title =        {Modeling Interactions of the Rat's Place and Head
                  Direction Systems},
  volume =       8,
  year =         1995
}

@inproceedings{rehfuss1995model,
  address =      {Denver, Colorado, USA},
  author =       {Rehfuss, Steven and Hammerstrom, Dan},
  booktitle =    {Advances in Neural Information Processing Systems 8
                  (NIPS)},
  editor =       {Touretzky, David and Mozer, Michael C. and Hasselmo,
                  Michael},
  month =        {November},
  note =
                  {\url{https://proceedings.neurips.cc/paper_files/paper/1995/file/0f2c9a93eea6f38fabb3acb1c31488c6-Paper.pdf}},
  publisher =    {MIT Press},
  series =       {Conference Track Proceedings},
  title =        {Model Matching and SFMD Computation},
  volume =       8,
  year =         1995
}

@inproceedings{rowley1995human,
  address =      {Denver, Colorado, USA},
  author =       {Rowley, Henry and Baluja, Shumeet and Kanade, Takeo},
  booktitle =    {Advances in Neural Information Processing Systems 8
                  (NIPS)},
  editor =       {Touretzky, David and Mozer, Michael C. and Hasselmo,
                  Michael},
  month =        {November},
  note =
                  {\url{https://proceedings.neurips.cc/paper_files/paper/1995/file/2f29b6e3abc6ebdefb55456ea6ca5dc8-Paper.pdf}},
  publisher =    {MIT Press},
  series =       {Conference Track Proceedings},
  title =        {Human Face Detection in Visual Scenes},
  volume =       8,
  year =         1995
}

@inproceedings{ruger1995stable,
  address =      {Denver, Colorado, USA},
  author =       {Rüger, Stefan},
  booktitle =    {Advances in Neural Information Processing Systems 8
                  (NIPS)},
  editor =       {D. Touretzky and M.C. Mozer and M. Hasselmo},
  month =        {November},
  note =
                  {\url{https://proceedings.neurips.cc/paper_files/paper/1995/file/a89cf525e1d9f04d16ce31165e139a4b-Paper.pdf}},
  publisher =    {MIT Press},
  series =       {Conference Track Proceedings},
  title =        {Stable Dynamic Parameter Adaption},
  volume =       8,
  year =         1995
}

@inproceedings{saad1995dynamics,
  address =      {Denver, Colorado, USA},
  author =       {Saad, David and Solla, Sara},
  booktitle =    {Advances in Neural Information Processing Systems 8
                  (NIPS)},
  editor =       {D. Touretzky and M.C. Mozer and M. Hasselmo},
  month =        {November},
  note =
                  {\url{https://proceedings.neurips.cc/paper_files/paper/1995/file/a1519de5b5d44b31a01de013b9b51a80-Paper.pdf}},
  publisher =    {MIT Press},
  series =       {Conference Track Proceedings},
  title =        {Dynamics of On-Line Gradient Descent Learning for
                  Multilayer Neural Networks},
  volume =       8,
  year =         1995
}

@inproceedings{sabes1995reinforcement,
  address =      {Denver, Colorado, USA},
  author =       {Sabes, Philip N and Jordan, Michael},
  booktitle =    {Advances in Neural Information Processing Systems 8
                  (NIPS)},
  editor =       {D. Touretzky and M.C. Mozer and M. Hasselmo},
  month =        {November},
  note =
                  {\url{https://proceedings.neurips.cc/paper_files/paper/1995/file/9ac403da7947a183884c18a67d3aa8de-Paper.pdf}},
  publisher =    {MIT Press},
  series =       {Conference Track Proceedings},
  title =        {Reinforcement Learning by Probability Matching},
  volume =       8,
  year =         1995
}

@inproceedings{sato1995generalized,
  address =      {Denver, Colorado, USA},
  author =       {Sato, Atsushi and Yamada, Keiji},
  booktitle =    {Advances in Neural Information Processing Systems 8
                  (NIPS)},
  editor =       {D. Touretzky and M.C. Mozer and M. Hasselmo},
  month =        {November},
  note =
                  {\url{https://proceedings.neurips.cc/paper_files/paper/1995/file/9c3b1830513cc3b8fc4b76635d32e692-Paper.pdf}},
  publisher =    {MIT Press},
  series =       {Conference Track Proceedings},
  title =        {Generalized Learning Vector Quantization},
  volume =       8,
  year =         1995
}

@inproceedings{saul1995exploiting,
  address =      {Denver, Colorado, USA},
  author =       {Saul, Lawrence and Jordan, Michael},
  booktitle =    {Advances in Neural Information Processing Systems 8
                  (NIPS)},
  editor =       {Touretzky, David and Mozer, Michael C. and Hasselmo,
                  Michael},
  month =        {November},
  note =
                  {\url{https://proceedings.neurips.cc/paper_files/paper/1995/file/285f89b802bcb2651801455c86d78f2a-Paper.pdf}},
  publisher =    {MIT Press},
  series =       {Conference Track Proceedings},
  title =        {Exploiting Tractable Substructures in Intractable
                  Networks},
  volume =       8,
  year =         1995
}

@inproceedings{schaal1995from,
  address =      {Denver, Colorado, USA},
  author =       {Schaal, Stefan and Atkeson, Christopher},
  booktitle =    {Advances in Neural Information Processing Systems 8
                  (NIPS)},
  editor =       {D. Touretzky and M.C. Mozer and M. Hasselmo},
  month =        {November},
  note =
                  {\url{https://proceedings.neurips.cc/paper_files/paper/1995/file/b4d168b48157c623fbd095b4a565b5bb-Paper.pdf}},
  publisher =    {MIT Press},
  series =       {Conference Track Proceedings},
  title =        {From Isolation to Cooperation: An Alternative View
                  of a System of Experts},
  volume =       8,
  year =         1995
}

@inproceedings{schraudolph1995tempering,
  address =      {Denver, Colorado, USA},
  author =       {Schraudolph, Nicol and Sejnowski, Terrence J},
  booktitle =    {Advances in Neural Information Processing Systems 8
                  (NIPS)},
  editor =       {Touretzky, David and Mozer, Michael C. and Hasselmo,
                  Michael},
  month =        {November},
  note =
                  {\url{https://proceedings.neurips.cc/paper_files/paper/1995/file/1e6e0a04d20f50967c64dac2d639a577-Paper.pdf}},
  publisher =    {MIT Press},
  series =       {Conference Track Proceedings},
  title =        {Tempering Backpropagation Networks: Not All Weights
                  are Created Equal},
  volume =       8,
  year =         1995
}

@inproceedings{semenov1995some,
  address =      {Denver, Colorado, USA},
  author =       {Semenov, Serguei and Shuvalova, Irina},
  booktitle =    {Advances in Neural Information Processing Systems 8
                  (NIPS)},
  editor =       {Touretzky, David and Mozer, Michael C. and Hasselmo,
                  Michael},
  month =        {November},
  note =
                  {\url{https://proceedings.neurips.cc/paper_files/paper/1995/file/4a213d37242bdcad8e7300e202e7caa4-Paper.pdf}},
  publisher =    {MIT Press},
  series =       {Conference Track Proceedings},
  title =        {Some results on convergent unlearning algorithm},
  volume =       8,
  year =         1995
}

@inproceedings{senior1995forward,
  address =      {Denver, Colorado, USA},
  author =       {Senior, Andrew W and Robinson, Anthony},
  booktitle =    {Advances in Neural Information Processing Systems 8
                  (NIPS)},
  editor =       {D. Touretzky and M.C. Mozer and M. Hasselmo},
  month =        {November},
  note =
                  {\url{https://proceedings.neurips.cc/paper_files/paper/1995/file/4ca82782c5372a547c104929f03fe7a9-Paper.pdf}},
  publisher =    {MIT Press},
  series =       {Conference Track Proceedings},
  title =        {Forward-backward retraining of recurrent neural
                  networks},
  volume =       8,
  year =         1995
}

@inproceedings{shawetaylor1995generalisation,
  address =      {Denver, Colorado, USA},
  author =       {Shawe-Taylor, John and Zhao, Jieyu},
  booktitle =    {Advances in Neural Information Processing Systems 8
                  (NIPS)},
  editor =       {D. Touretzky and M.C. Mozer and M. Hasselmo},
  month =        {November},
  note =
                  {\url{https://proceedings.neurips.cc/paper_files/paper/1995/file/6e7d2da6d3953058db75714ac400b584-Paper.pdf}},
  publisher =    {MIT Press},
  series =       {Conference Track Proceedings},
  title =        {Generalisation of A Class of Continuous Neural
                  Networks},
  volume =       8,
  year =         1995
}

@inproceedings{shibata1995neuron,
  address =      {Denver, Colorado, USA},
  author =       {Shibata, Tadashi and Nakai, Tsutomu and Morimoto,
                  Tatsuo and Kaihara, Ryu and Yamashita, Takeo and
                  Ohmi, Tadahiro},
  booktitle =    {Advances in Neural Information Processing Systems 8
                  (NIPS)},
  editor =       {D. Touretzky and M.C. Mozer and M. Hasselmo},
  month =        {November},
  note =
                  {\url{https://proceedings.neurips.cc/paper_files/paper/1995/file/e515df0d202ae52fcebb14295743063b-Paper.pdf}},
  publisher =    {MIT Press},
  series =       {Conference Track Proceedings},
  title =        {Neuron-MOS Temporal Winner Search Hardware for
                  Fully-Parallel Data Processing},
  volume =       8,
  year =         1995
}

@inproceedings{shustorovich1995kodak,
  address =      {Denver, Colorado, USA},
  author =       {Shustorovich, Alexander and Thrasher, Christopher
                  W.},
  booktitle =    {Advances in Neural Information Processing Systems 8
                  (NIPS)},
  editor =       {D. Touretzky and M.C. Mozer and M. Hasselmo},
  month =        {November},
  note =
                  {\url{https://proceedings.neurips.cc/paper_files/paper/1995/file/4da04049a062f5adfe81b67dd755cecc-Paper.pdf}},
  publisher =    {MIT Press},
  series =       {Conference Track Proceedings},
  title =        {KODAK lMAGELINK™OCR Alphanumeric Handprint Module},
  volume =       8,
  year =         1995
}

@inproceedings{singer1995adaptive,
  address =      {Denver, Colorado, USA},
  author =       {Singer, Yoram},
  booktitle =    {Advances in Neural Information Processing Systems 8
                  (NIPS)},
  editor =       {D. Touretzky and M.C. Mozer and M. Hasselmo},
  month =        {November},
  note =
                  {\url{https://proceedings.neurips.cc/paper_files/paper/1995/file/a0160709701140704575d499c997b6ca-Paper.pdf}},
  publisher =    {MIT Press},
  series =       {Conference Track Proceedings},
  title =        {Adaptive Mixture of Probabilistic Transducers},
  volume =       8,
  year =         1995
}

@inproceedings{smith1995onset,
  address =      {Denver, Colorado, USA},
  author =       {Smith, Leslie},
  booktitle =    {Advances in Neural Information Processing Systems 8
                  (NIPS)},
  editor =       {Touretzky, David and Mozer, Michael C. and Hasselmo,
                  Michael},
  month =        {November},
  note =
                  {\url{https://proceedings.neurips.cc/paper_files/paper/1995/file/021bbc7ee20b71134d53e20206bd6feb-Paper.pdf}},
  publisher =    {MIT Press},
  series =       {Conference Track Proceedings},
  title =        {Onset-based Sound Segmentation},
  volume =       8,
  year =         1995
}

@inproceedings{snapp1995estimating,
  address =      {Denver, Colorado, USA},
  author =       {Snapp, Robert and Xu, Tong},
  booktitle =    {Advances in Neural Information Processing Systems 8
                  (NIPS)},
  editor =       {Touretzky, David and Mozer, Michael C. and Hasselmo,
                  Michael},
  month =        {November},
  note =
                  {\url{https://proceedings.neurips.cc/paper_files/paper/1995/file/2290a7385ed77cc5592dc2153229f082-Paper.pdf}},
  publisher =    {MIT Press},
  series =       {Conference Track Proceedings},
  title =        {Estimating the Bayes Risk from Sample Data},
  volume =       8,
  year =         1995
}

@inproceedings{softky1995unsupervised,
  address =      {Denver, Colorado, USA},
  author =       {Softky, William},
  booktitle =    {Advances in Neural Information Processing Systems 8
                  (NIPS)},
  editor =       {D. Touretzky and M.C. Mozer and M. Hasselmo},
  month =        {November},
  note =
                  {\url{https://proceedings.neurips.cc/paper_files/paper/1995/file/e5e63da79fcd2bebbd7cb8bf1c1d0274-Paper.pdf}},
  publisher =    {MIT Press},
  series =       {Conference Track Proceedings},
  title =        {Unsupervised Pixel-prediction},
  volume =       8,
  year =         1995
}

@inproceedings{sollich1995learning,
  address =      {Denver, Colorado, USA},
  author =       {Sollich, Peter and Krogh, Anders},
  booktitle =    {Advances in Neural Information Processing Systems 8
                  (NIPS)},
  editor =       {Touretzky, David and Mozer, Michael C. and Hasselmo,
                  Michael},
  month =        {November},
  note =
                  {\url{https://proceedings.neurips.cc/paper_files/paper/1995/file/1019c8091693ef5c5f55970346633f92-Paper.pdf}},
  publisher =    {MIT Press},
  series =       {Conference Track Proceedings},
  title =        {Learning with ensembles: How overfitting can be
                  useful},
  volume =       8,
  year =         1995
}

@inproceedings{stevens1995information,
  address =      {Denver, Colorado, USA},
  author =       {Stevens, Charles and Zador, Anthony},
  booktitle =    {Advances in Neural Information Processing Systems 8
                  (NIPS)},
  editor =       {D. Touretzky and M.C. Mozer and M. Hasselmo},
  month =        {November},
  note =
                  {\url{https://proceedings.neurips.cc/paper_files/paper/1995/file/fd2c5e4680d9a01dba3aada5ece22270-Paper.pdf}},
  publisher =    {MIT Press},
  series =       {Conference Track Proceedings},
  title =        {Information through a Spiking Neuron},
  volume =       8,
  year =         1995
}

@inproceedings{stevens1995is,
  address =      {Denver, Colorado, USA},
  author =       {Stevens, Charles and Zador, Anthony},
  booktitle =    {Advances in Neural Information Processing Systems 8
                  (NIPS)},
  editor =       {D. Touretzky and M.C. Mozer and M. Hasselmo},
  month =        {November},
  note =
                  {\url{https://proceedings.neurips.cc/paper_files/paper/1995/file/d8700cbd38cc9f30cecb34f0c195b137-Paper.pdf}},
  publisher =    {MIT Press},
  series =       {Conference Track Proceedings},
  title =        {When is an Integrate-and-fire Neuron like a Poisson
                  Neuron?},
  volume =       8,
  year =         1995
}

@inproceedings{stone1995beating,
  address =      {Denver, Colorado, USA},
  author =       {Stone, Peter and Veloso, Manuela},
  booktitle =    {Advances in Neural Information Processing Systems 8
                  (NIPS)},
  editor =       {Touretzky, David and Mozer, Michael C. and Hasselmo,
                  Michael},
  month =        {November},
  note =
                  {\url{https://proceedings.neurips.cc/paper_files/paper/1995/file/03f544613917945245041ea1581df0c2-Paper.pdf}},
  publisher =    {MIT Press},
  series =       {Conference Track Proceedings},
  title =        {Beating a Defender in Robotic Soccer: Memory-Based
                  Learning of a Continuous Function},
  volume =       8,
  year =         1995
}

@inproceedings{sutton1995generalization,
  address =      {Denver, Colorado, USA},
  author =       {Sutton, Richard S},
  booktitle =    {Advances in Neural Information Processing Systems 8
                  (NIPS)},
  editor =       {D. Touretzky and M.C. Mozer and M. Hasselmo},
  month =        {November},
  note =
                  {\url{https://proceedings.neurips.cc/paper_files/paper/1995/file/8f1d43620bc6bb580df6e80b0dc05c48-Paper.pdf}},
  publisher =    {MIT Press},
  series =       {Conference Track Proceedings},
  title =        {Generalization in Reinforcement Learning: Successful
                  Examples Using Sparse Coarse Coding},
  volume =       8,
  year =         1995
}

@inproceedings{tani1995dynamical,
  address =      {Denver, Colorado, USA},
  author =       {Tani, Jun and Fukumura, Naohiro},
  booktitle =    {Advances in Neural Information Processing Systems 8
                  (NIPS)},
  editor =       {D. Touretzky and M.C. Mozer and M. Hasselmo},
  month =        {November},
  note =
                  {\url{https://proceedings.neurips.cc/paper_files/paper/1995/file/c3e0c62ee91db8dc7382bde7419bb573-Paper.pdf}},
  publisher =    {MIT Press},
  series =       {Conference Track Proceedings},
  title =        {A Dynamical Systems Approach for a Learnable
                  Autonomous Robot},
  volume =       8,
  year =         1995
}

@inproceedings{tenenbaum1995learning,
  address =      {Denver, Colorado, USA},
  author =       {Tenenbaum, Joshua},
  booktitle =    {Advances in Neural Information Processing Systems 8
                  (NIPS)},
  editor =       {D. Touretzky and M.C. Mozer and M. Hasselmo},
  month =        {November},
  note =
                  {\url{https://proceedings.neurips.cc/paper_files/paper/1995/file/f4dd765c12f2ef67f98f3558c282a9cd-Paper.pdf}},
  publisher =    {MIT Press},
  series =       {Conference Track Proceedings},
  title =        {Learning the Structure of Similarity},
  volume =       8,
  year =         1995
}

@inproceedings{thrun1995is,
  address =      {Denver, Colorado, USA},
  author =       {Thrun, Sebastian},
  booktitle =    {Advances in Neural Information Processing Systems 8
                  (NIPS)},
  editor =       {D. Touretzky and M.C. Mozer and M. Hasselmo},
  month =        {November},
  note =
                  {\url{https://proceedings.neurips.cc/paper_files/paper/1995/file/bdb106a0560c4e46ccc488ef010af787-Paper.pdf}},
  publisher =    {MIT Press},
  series =       {Conference Track Proceedings},
  title =        {Is Learning The n-th Thing Any Easier Than Learning
                  The First?},
  volume =       8,
  year =         1995
}

@inproceedings{towell1995using,
  address =      {Denver, Colorado, USA},
  author =       {Towell, Geoffrey},
  booktitle =    {Advances in Neural Information Processing Systems 8
                  (NIPS)},
  editor =       {D. Touretzky and M.C. Mozer and M. Hasselmo},
  month =        {November},
  note =
                  {\url{https://proceedings.neurips.cc/paper_files/paper/1995/file/db2b4182156b2f1f817860ac9f409ad7-Paper.pdf}},
  publisher =    {MIT Press},
  series =       {Conference Track Proceedings},
  title =        {Using Unlabeled Data for Supervised Learning},
  volume =       8,
  year =         1995
}

@inproceedings{tsioutsias1995multiscale,
  address =      {Denver, Colorado, USA},
  author =       {Tsioutsias, Dimitris and Mjolsness, Eric},
  booktitle =    {Advances in Neural Information Processing Systems 8
                  (NIPS)},
  editor =       {D. Touretzky and M.C. Mozer and M. Hasselmo},
  month =        {November},
  note =
                  {\url{https://proceedings.neurips.cc/paper_files/paper/1995/file/93d65641ff3f1586614cf2c1ad240b6c-Paper.pdf}},
  publisher =    {MIT Press},
  series =       {Conference Track Proceedings},
  title =        {A Multiscale Attentional Framework for Relaxation
                  Neural Networks},
  volume =       8,
  year =         1995
}

@inproceedings{van1995improved,
  address =      {Denver, Colorado, USA},
  author =       {van Schaik, André and Fragnière, Eric and Vittoz,
                  Eric},
  booktitle =    {Advances in Neural Information Processing Systems 8
                  (NIPS)},
  editor =       {Touretzky, David and Mozer, Michael C. and Hasselmo,
                  Michael},
  month =        {November},
  note =
                  {\url{https://proceedings.neurips.cc/paper_files/paper/1995/file/0a0a0c8aaa00ade50f74a3f0ca981ed7-Paper.pdf}},
  publisher =    {MIT Press},
  series =       {Conference Track Proceedings},
  title =        {Improved Silicon Cochlea using Compatible Lateral
                  Bipolar Transistors},
  volume =       8,
  year =         1995
}

@inproceedings{van1995stable,
  address =      {Denver, Colorado, USA},
  author =       {Van Roy, Benjamin and Tsitsiklis, John},
  booktitle =    {Advances in Neural Information Processing Systems 8
                  (NIPS)},
  editor =       {D. Touretzky and M.C. Mozer and M. Hasselmo},
  month =        {November},
  note =
                  {\url{https://proceedings.neurips.cc/paper_files/paper/1995/file/6d70cb65d15211726dcce4c0e971e21c-Paper.pdf}},
  publisher =    {MIT Press},
  series =       {Conference Track Proceedings},
  title =        {Stable Linear Approximations to Dynamic Programming
                  for Stochastic Control Problems with Local
                  Transitions},
  volume =       8,
  year =         1995
}

@inproceedings{viola1995empirical,
  address =      {Denver, Colorado, USA},
  author =       {Viola, Paul and Schraudolph, Nicol and Sejnowski,
                  Terrence J},
  booktitle =    {Advances in Neural Information Processing Systems 8
                  (NIPS)},
  editor =       {D. Touretzky and M.C. Mozer and M. Hasselmo},
  month =        {November},
  note =
                  {\url{https://proceedings.neurips.cc/paper_files/paper/1995/file/537d9b6c927223c796cac288cced29df-Paper.pdf}},
  publisher =    {MIT Press},
  series =       {Conference Track Proceedings},
  title =        {Empirical Entropy Manipulation for Real-World
                  Problems},
  volume =       8,
  year =         1995
}

@inproceedings{walter1995investment,
  address =      {Denver, Colorado, USA},
  author =       {Walter, Jörg and Ritter, Helge},
  booktitle =    {Advances in Neural Information Processing Systems 8
                  (NIPS)},
  editor =       {D. Touretzky and M.C. Mozer and M. Hasselmo},
  month =        {November},
  note =
                  {\url{https://proceedings.neurips.cc/paper_files/paper/1995/file/f7f580e11d00a75814d2ded41fe8e8fe-Paper.pdf}},
  publisher =    {MIT Press},
  series =       {Conference Track Proceedings},
  title =        {Investment Learning with Hierarchical PSOMs},
  volume =       8,
  year =         1995
}

@inproceedings{wang1995absence,
  address =      {Denver, Colorado, USA},
  author =       {Wang, Xin and Jagota, Arun and Botelho, Fernanda and
                  Garzon, Max},
  booktitle =    {Advances in Neural Information Processing Systems 8
                  (NIPS)},
  editor =       {D. Touretzky and M.C. Mozer and M. Hasselmo},
  month =        {November},
  note =
                  {\url{https://proceedings.neurips.cc/paper_files/paper/1995/file/8b4066554730ddfaa0266346bdc1b202-Paper.pdf}},
  publisher =    {MIT Press},
  series =       {Conference Track Proceedings},
  title =        {Absence of Cycles in Symmetric Neural Networks},
  volume =       8,
  year =         1995
}

@inproceedings{waterhouse1995bayesian,
  address =      {Denver, Colorado, USA},
  author =       {Waterhouse, Steve and MacKay, David and Robinson,
                  Anthony},
  booktitle =    {Advances in Neural Information Processing Systems 8
                  (NIPS)},
  editor =       {D. Touretzky and M.C. Mozer and M. Hasselmo},
  month =        {November},
  note =
                  {\url{https://proceedings.neurips.cc/paper_files/paper/1995/file/9da187a7a191431db943a9a5a6fec6f4-Paper.pdf}},
  publisher =    {MIT Press},
  series =       {Conference Track Proceedings},
  title =        {Bayesian Methods for Mixtures of Experts},
  volume =       8,
  year =         1995
}

@inproceedings{waterhouse1995constructive,
  address =      {Denver, Colorado, USA},
  author =       {Waterhouse, Steve and Robinson, Anthony},
  booktitle =    {Advances in Neural Information Processing Systems 8
                  (NIPS)},
  editor =       {D. Touretzky and M.C. Mozer and M. Hasselmo},
  month =        {November},
  note =
                  {\url{https://proceedings.neurips.cc/paper_files/paper/1995/file/a3fb4fbf9a6f9cf09166aa9c20cbc1ad-Paper.pdf}},
  publisher =    {MIT Press},
  series =       {Conference Track Proceedings},
  title =        {Constructive Algorithms for Hierarchical Mixtures of
                  Experts},
  volume =       8,
  year =         1995
}

@inproceedings{wawrzynek1995spert,
  address =      {Denver, Colorado, USA},
  author =       {Wawrzynek, John and Asanovic, Krste and Kingsbury,
                  Brian and Beck, James and Johnson, David and Morgan,
                  Nelson},
  booktitle =    {Advances in Neural Information Processing Systems 8
                  (NIPS)},
  editor =       {Touretzky, David and Mozer, Michael C. and Hasselmo,
                  Michael},
  month =        {November},
  note =
                  {\url{https://proceedings.neurips.cc/paper_files/paper/1995/file/31857b449c407203749ae32dd0e7d64a-Paper.pdf}},
  publisher =    {MIT Press},
  series =       {Conference Track Proceedings},
  title =        {SPERT-II: A Vector Microprocessor System and its
                  Application to Large Problems in Backpropagation
                  Training},
  volume =       8,
  year =         1995
}

@inproceedings{west1995adaptive,
  address =      {Denver, Colorado, USA},
  author =       {West, Ansgar and Saad, David},
  booktitle =    {Advances in Neural Information Processing Systems 8
                  (NIPS)},
  editor =       {D. Touretzky and M.C. Mozer and M. Hasselmo},
  month =        {November},
  note =
                  {\url{https://proceedings.neurips.cc/paper_files/paper/1995/file/e22312179bf43e61576081a2f250f845-Paper.pdf}},
  publisher =    {MIT Press},
  series =       {Conference Track Proceedings},
  title =        {Adaptive Back-Propagation in On-Line Learning of
                  Multilayer Networks},
  volume =       8,
  year =         1995
}

@inproceedings{williams1995gaussian,
  address =      {Denver, Colorado, USA},
  author =       {Williams, Christopher and Rasmussen, Carl},
  booktitle =    {Advances in Neural Information Processing Systems 8
                  (NIPS)},
  editor =       {D. Touretzky and M.C. Mozer and M. Hasselmo},
  month =        {November},
  note =
                  {\url{https://proceedings.neurips.cc/paper_files/paper/1995/file/7cce53cf90577442771720a370c3c723-Paper.pdf}},
  publisher =    {MIT Press},
  series =       {Conference Track Proceedings},
  title =        {Gaussian Processes for Regression},
  volume =       8,
  year =         1995
}

@inproceedings{wu1995smoothing,
  address =      {Denver, Colorado, USA},
  author =       {Wu, Lizhong and Moody, John},
  booktitle =    {Advances in Neural Information Processing Systems 8
                  (NIPS)},
  editor =       {D. Touretzky and M.C. Mozer and M. Hasselmo},
  month =        {November},
  note =
                  {\url{https://proceedings.neurips.cc/paper_files/paper/1995/file/8597a6cfa74defcbde3047c891d78f90-Paper.pdf}},
  publisher =    {MIT Press},
  series =       {Conference Track Proceedings},
  title =        {A Smoothing Regularizer for Recurrent Neural
                  Networks},
  volume =       8,
  year =         1995
}

@inproceedings{xu1995unified,
  address =      {Denver, Colorado, USA},
  author =       {Xu, Lei},
  booktitle =    {Advances in Neural Information Processing Systems 8
                  (NIPS)},
  editor =       {D. Touretzky and M.C. Mozer and M. Hasselmo},
  month =        {November},
  note =
                  {\url{https://proceedings.neurips.cc/paper_files/paper/1995/file/a2137a2ae8e39b5002a3f8909ecb88fe-Paper.pdf}},
  publisher =    {MIT Press},
  series =       {Conference Track Proceedings},
  title =        {A Unified Learning Scheme: Bayesian-Kullback
                  Ying-Yang Machine},
  volume =       8,
  year =         1995
}

@inproceedings{yasui1995plasticity,
  address =      {Denver, Colorado, USA},
  author =       {Yasui, S. and Furukawa, T. and Yamada, M. and Saito,
                  T.},
  booktitle =    {Advances in Neural Information Processing Systems 8
                  (NIPS)},
  editor =       {Touretzky, David and Mozer, Michael C. and Hasselmo,
                  Michael},
  month =        {November},
  note =
                  {\url{https://proceedings.neurips.cc/paper_files/paper/1995/file/41bfd20a38bb1b0bec75acf0845530a7-Paper.pdf}},
  publisher =    {MIT Press},
  series =       {Conference Track Proceedings},
  title =        {Plasticity of Center-Surround Opponent Receptive
                  Fields in Real and Artificial Neural Systems of
                  Vision},
  volume =       8,
  year =         1995
}

@inproceedings{yu1995neural,
  address =      {Denver, Colorado, USA},
  author =       {Yu, Ssu-Hsin and Annaswamy, Anuradha},
  booktitle =    {Advances in Neural Information Processing Systems 8
                  (NIPS)},
  editor =       {D. Touretzky and M.C. Mozer and M. Hasselmo},
  month =        {November},
  note =
                  {\url{https://proceedings.neurips.cc/paper_files/paper/1995/file/b9141aff1412dc76340b3822d9ea6c72-Paper.pdf}},
  publisher =    {MIT Press},
  series =       {Conference Track Proceedings},
  title =        {Neural Control for Nonlinear Dynamic Systems},
  volume =       8,
  year =         1995
}

@inproceedings{zhang1995high,
  address =      {Denver, Colorado, USA},
  author =       {Zhang, Wei and Dietterich, Thomas},
  booktitle =    {Advances in Neural Information Processing Systems 8
                  (NIPS)},
  editor =       {D. Touretzky and M.C. Mozer and M. Hasselmo},
  month =        {November},
  note =
                  {\url{https://proceedings.neurips.cc/paper_files/paper/1995/file/4f16c818875d9fcb6867c7bdc89be7eb-Paper.pdf}},
  publisher =    {MIT Press},
  series =       {Conference Track Proceedings},
  title =        {High-Performance Job-Shop Scheduling With A
                  Time-Delay TD(λ) Network},
  volume =       8,
  year =         1995
}
