@inproceedings{abramowicz1996orientation,
  address =      {Denver, Colorado, USA},
  author =       {Abramowicz, H. and Horn, D. and Naftaly, Ury and
                  Sahar-Pikielny, Carmit},
  booktitle =    {Advances in Neural Information Processing Systems 9
                  (NIPS)},
  editor =       {M.C. Mozer and M. Jordan and T. Petsche},
  month =        {December},
  note =
                  {\url{https://proceedings.neurips.cc/paper_files/paper/1996/file/2a50e9c2d6b89b95bcb416d6857f8b45-Paper.pdf}},
  openalex =     {W2133301185},
  publisher =    {MIT Press},
  series =       {Conference Track Proceedings},
  title =        {An Orientation Selective Neural Network for Pattern
                  Identification in Particle Detectors},
  volume =       9,
  year =         1996
}

@inproceedings{amari1996neural,
  address =      {Denver, Colorado, USA},
  author =       {Amari, Shun-ichi},
  booktitle =    {Advances in Neural Information Processing Systems 9
                  (NIPS)},
  editor =       {M.C. Mozer and M. Jordan and T. Petsche},
  month =        {December},
  note =
                  {\url{https://proceedings.neurips.cc/paper_files/paper/1996/file/39e4973ba3321b80f37d9b55f63ed8b8-Paper.pdf}},
  publisher =    {MIT Press},
  series =       {Conference Track Proceedings},
  title =        {Neural Learning in Structured Parameter Spaces -
                  Natural Riemannian Gradient},
  volume =       9,
  year =         1996
}

@inproceedings{attias1996temporal,
  address =      {Denver, Colorado, USA},
  author =       {Attias, Hagai and Schreiner, Christoph E.},
  booktitle =    {Advances in Neural Information Processing Systems 9
                  (NIPS)},
  editor =       {M.C. Mozer and M. Jordan and T. Petsche},
  month =        {December},
  note =
                  {\url{https://proceedings.neurips.cc/paper_files/paper/1996/file/dc4c44f624d600aa568390f1f1104aa0-Paper.pdf}},
  openalex =     {W2131757759},
  publisher =    {MIT Press},
  series =       {Conference Track Proceedings},
  title =        {Temporal Low-Order Statistics of Natural Sounds},
  volume =       9,
  year =         1996
}

@inproceedings{bair1996reconstructing,
  address =      {Denver, Colorado, USA},
  author =       {Bair, Wyeth and Cavanaugh, James R. and Movshon,
                  J. Anthony},
  booktitle =    {Advances in Neural Information Processing Systems 9
                  (NIPS)},
  editor =       {M.C. Mozer and M. Jordan and T. Petsche},
  month =        {December},
  note =
                  {\url{https://proceedings.neurips.cc/paper_files/paper/1996/file/2df45244f09369e16ea3f9117ca45157-Paper.pdf}},
  openalex =     {W2154476188},
  publisher =    {MIT Press},
  series =       {Conference Track Proceedings},
  title =        {Reconstructing Stimulus Velocity from Neuronal
                  Responses in Area MT},
  volume =       9,
  year =         1996
}

@inproceedings{baluja1996genetic,
  address =      {Denver, Colorado, USA},
  author =       {Baluja, Shumeet},
  booktitle =    {Advances in Neural Information Processing Systems 9
                  (NIPS)},
  editor =       {M.C. Mozer and M. Jordan and T. Petsche},
  month =        {December},
  note =
                  {\url{https://proceedings.neurips.cc/paper_files/paper/1996/file/e6d8545daa42d5ced125a4bf747b3688-Paper.pdf}},
  openalex =     {W2147610016},
  publisher =    {MIT Press},
  series =       {Conference Track Proceedings},
  title =        {Genetic Algorithms and Explicit Search Statistics},
  volume =       9,
  year =         1996
}

@inproceedings{baram1996consistent,
  address =      {Denver, Colorado, USA},
  author =       {Baram, Yoram},
  booktitle =    {Advances in Neural Information Processing Systems 9
                  (NIPS)},
  editor =       {Mozer, M.C. and Jordan, M. and Petsche, T.},
  month =        {December},
  note =
                  {\url{https://proceedings.neurips.cc/paper_files/paper/1996/file/7bb060764a818184ebb1cc0d43d382aa-Paper.pdf}},
  openalex =     {W2145887795},
  publisher =    {MIT Press},
  series =       {Conference Track Proceedings},
  title =        {Consistent Classification, Firm and Soft},
  volume =       9,
  year =         1996
}

@inproceedings{barber1996bayesian,
  address =      {Denver, Colorado, USA},
  author =       {Barber, David and Bishop, Christopher},
  booktitle =    {Advances in Neural Information Processing Systems 9
                  (NIPS)},
  editor =       {Mozer, M.C. and Jordan, M. and Petsche, T.},
  month =        {December},
  note =
                  {\url{https://proceedings.neurips.cc/paper_files/paper/1996/file/7810ccd41bf26faaa2c4e1f20db70a71-Paper.pdf}},
  publisher =    {MIT Press},
  series =       {Conference Track Proceedings},
  title =        {Bayesian Model Comparison by Monte Carlo Chaining},
  volume =       9,
  year =         1996
}

@inproceedings{barber1996gaussian,
  address =      {Denver, Colorado, USA},
  author =       {Barber, David and Williams, Christopher K. I.},
  booktitle =    {Advances in Neural Information Processing Systems 9
                  (NIPS)},
  editor =       {M.C. Mozer and M. Jordan and T. Petsche},
  month =        {December},
  note =
                  {\url{https://proceedings.neurips.cc/paper_files/paper/1996/file/e53a0a2978c28872a4505bdb51db06dc-Paper.pdf}},
  openalex =     {W2118460912},
  publisher =    {MIT Press},
  series =       {Conference Track Proceedings},
  title =        {Gaussian Processes for Bayesian Classification via
                  Hybrid Monte Carlo},
  volume =       9,
  year =         1996
}

@inproceedings{bartlett1996for,
  address =      {Denver, Colorado, USA},
  author =       {Bartlett, Peter L.},
  booktitle =    {Advances in Neural Information Processing Systems 9
                  (NIPS)},
  editor =       {M.C. Mozer and M. Jordan and T. Petsche},
  month =        {December},
  note =
                  {\url{https://proceedings.neurips.cc/paper_files/paper/1996/file/fb2fcd534b0ff3bbed73cc51df620323-Paper.pdf}},
  openalex =     {W2128882956},
  publisher =    {MIT Press},
  series =       {Conference Track Proceedings},
  title =        {For Valid Generalization the Size of the Weights is
                  More Important than the Size of the Network},
  volume =       9,
  year =         1996
}

@inproceedings{bartlett1996viewpoint,
  address =      {Denver, Colorado, USA},
  author =       {Bartlett, Marian and Sejnowski, Terrence J},
  booktitle =    {Advances in Neural Information Processing Systems 9
                  (NIPS)},
  editor =       {M.C. Mozer and M. Jordan and T. Petsche},
  month =        {December},
  note =
                  {\url{https://proceedings.neurips.cc/paper_files/paper/1996/file/3210ddbeaa16948a702b6049b8d9a202-Paper.pdf}},
  publisher =    {MIT Press},
  series =       {Conference Track Proceedings},
  title =        {Viewpoint Invariant Face Recognition using
                  Independent Component Analysis and Attractor
                  Networks},
  volume =       9,
  year =         1996
}

@inproceedings{becker1996learning,
  address =      {Denver, Colorado, USA},
  author =       {Becker, Suzanna},
  booktitle =    {Advances in Neural Information Processing Systems 9
                  (NIPS)},
  editor =       {Mozer, M.C. and Jordan, M. and Petsche, T.},
  month =        {December},
  note =
                  {\url{https://proceedings.neurips.cc/paper_files/paper/1996/file/8e2cfdc275761edc592f73a076197c33-Paper.pdf}},
  openalex =     {W2127954488},
  publisher =    {MIT Press},
  series =       {Conference Track Proceedings},
  title =        {Learning Temporally Persistent Hierarchical
                  Representations},
  volume =       9,
  year =         1996
}

@inproceedings{bell1996edges,
  address =      {Denver, Colorado, USA},
  author =       {Bell, Anthony J. and Sejnowski, Terrence J.},
  booktitle =    {Advances in Neural Information Processing Systems 9
                  (NIPS)},
  editor =       {M.C. Mozer and M. Jordan and T. Petsche},
  month =        {December},
  note =
                  {\url{https://proceedings.neurips.cc/paper_files/paper/1996/file/f9be311e65d81a9ad8150a60844bb94c-Paper.pdf}},
  openalex =     {W2134031929},
  publisher =    {MIT Press},
  series =       {Conference Track Proceedings},
  title =        {Edges are the 'Independent Components' of Natural
                  Scenes.},
  volume =       9,
  year =         1996
}

@inproceedings{bienenstock1996compositionality,
  address =      {Denver, Colorado, USA},
  author =       {Bienenstock, Elie and Geman, Stuart and Potter,
                  Daniel},
  booktitle =    {Advances in Neural Information Processing Systems 9
                  (NIPS)},
  editor =       {M.C. Mozer and M. Jordan and T. Petsche},
  month =        {December},
  note =
                  {\url{https://proceedings.neurips.cc/paper_files/paper/1996/file/17fafe5f6ce2f1904eb09d2e80a4cbf6-Paper.pdf}},
  openalex =     {W2165657641},
  publisher =    {MIT Press},
  series =       {Conference Track Proceedings},
  title =        {Compositionality, MDL Priors, and Object
                  Recognition},
  volume =       9,
  year =         1996
}

@inproceedings{bishop1996gtm,
  address =      {Denver, Colorado, USA},
  author =       {Bishop, Christopher and Svens√©n, Markus and
                  Williams, Christopher},
  booktitle =    {Advances in Neural Information Processing Systems 9
                  (NIPS)},
  editor =       {M.C. Mozer and M. Jordan and T. Petsche},
  month =        {December},
  note =
                  {\url{https://proceedings.neurips.cc/paper_files/paper/1996/file/4e4e53aa080247bc31d0eb4e7aeb07a0-Paper.pdf}},
  publisher =    {MIT Press},
  series =       {Conference Track Proceedings},
  title =        {GTM: A Principled Alternative to the Self-Organizing
                  Map},
  volume =       9,
  year =         1996
}

@inproceedings{bishop1996regression,
  address =      {Denver, Colorado, USA},
  author =       {Bishop, Christopher and Quazaz, Cazhaow},
  booktitle =    {Advances in Neural Information Processing Systems 9
                  (NIPS)},
  editor =       {M.C. Mozer and M. Jordan and T. Petsche},
  month =        {December},
  note =
                  {\url{https://proceedings.neurips.cc/paper_files/paper/1996/file/b20bb95ab626d93fd976af958fbc61ba-Paper.pdf}},
  publisher =    {MIT Press},
  series =       {Conference Track Proceedings},
  title =        {Regression with Input-Dependent Noise: A Bayesian
                  Treatment},
  volume =       9,
  year =         1996
}

@inproceedings{blake1996condensation,
  address =      {Denver, Colorado, USA},
  author =       {Blake, Andrew and Isard, Michael},
  booktitle =    {Advances in Neural Information Processing Systems 9
                  (NIPS)},
  editor =       {M.C. Mozer and M. Jordan and T. Petsche},
  month =        {December},
  note =
                  {\url{https://proceedings.neurips.cc/paper_files/paper/1996/file/0829424ffa0d3a2547b6c9622c77de03-Paper.pdf}},
  openalex =     {W2110049245},
  publisher =    {MIT Press},
  series =       {Conference Track Proceedings},
  title =        {The CONDENSATION Algorithm - Conditional Density
                  Propagation and Applications to Visual Tracking},
  volume =       9,
  year =         1996
}

@inproceedings{bos1996dynamics,
  address =      {Denver, Colorado, USA},
  author =       {B√∂s, Siegfried and Opper, Manfred},
  booktitle =    {Advances in Neural Information Processing Systems 9
                  (NIPS)},
  editor =       {M.C. Mozer and M. Jordan and T. Petsche},
  month =        {December},
  note =
                  {\url{https://proceedings.neurips.cc/paper_files/paper/1996/file/25df35de87aa441b88f22a6c2a830a17-Paper.pdf}},
  openalex =     {W2166193626},
  publisher =    {MIT Press},
  series =       {Conference Track Proceedings},
  title =        {Dynamics of Training},
  volume =       9,
  year =         1996
}

@inproceedings{bradley1996clustering,
  address =      {Denver, Colorado, USA},
  author =       {Bradley, Paul S. and Mangasarian, O. L. and Street,
                  W. Nick},
  booktitle =    {Advances in Neural Information Processing Systems 9
                  (NIPS)},
  editor =       {M.C. Mozer and M. Jordan and T. Petsche},
  month =        {December},
  note =
                  {\url{https://proceedings.neurips.cc/paper_files/paper/1996/file/f4573fc71c731d5c362f0d7860945b88-Paper.pdf}},
  openalex =     {W2105535594},
  publisher =    {MIT Press},
  series =       {Conference Track Proceedings},
  title =        {Clustering via Concave Minimization},
  volume =       9,
  year =         1996
}

@inproceedings{bregler1996learning,
  address =      {Denver, Colorado, USA},
  author =       {Bregler, Christoph and Malik, Jitendra},
  booktitle =    {Advances in Neural Information Processing Systems 9
                  (NIPS)},
  editor =       {M.C. Mozer and M. Jordan and T. Petsche},
  month =        {December},
  note =
                  {\url{https://proceedings.neurips.cc/paper_files/paper/1996/file/43cca4b3de2097b9558efefd0ecc3588-Paper.pdf}},
  openalex =     {W2167050501},
  publisher =    {MIT Press},
  series =       {Conference Track Proceedings},
  title =        {Learning Appearance Based Models: Mixtures of Second
                  Moment Experts},
  volume =       9,
  year =         1996
}

@inproceedings{bricolo19963d,
  address =      {Denver, Colorado, USA},
  author =       {Bricolo, Emanuela and Poggio, Tomaso and Logothetis,
                  Nikos K.},
  booktitle =    {Advances in Neural Information Processing Systems 9
                  (NIPS)},
  editor =       {M.C. Mozer and M. Jordan and T. Petsche},
  month =        {December},
  note =
                  {\url{https://proceedings.neurips.cc/paper_files/paper/1996/file/2812e5cf6d8f21d69c91dddeefb792a7-Paper.pdf}},
  openalex =     {W2162200008},
  publisher =    {MIT Press},
  series =       {Conference Track Proceedings},
  title =        {3D Object Recognition: A Model of View-Tuned
                  Neurons},
  volume =       9,
  year =         1996
}

@inproceedings{brightwell1996multilayer,
  address =      {Denver, Colorado, USA},
  author =       {Brightwell, Graham and Kenyon, Claire and
                  Paugam‚ÄêMoisy, H√©l√®ne},
  booktitle =    {Advances in Neural Information Processing Systems 9
                  (NIPS)},
  editor =       {M.C. Mozer and M. Jordan and T. Petsche},
  month =        {December},
  note =
                  {\url{https://proceedings.neurips.cc/paper_files/paper/1996/file/b3ba8f1bee1238a2f37603d90b58898d-Paper.pdf}},
  openalex =     {W2147491311},
  publisher =    {MIT Press},
  series =       {Conference Track Proceedings},
  title =        {Multilayer Neural Networks: One or Two Hidden
                  Layers?},
  volume =       9,
  year =         1996
}

@inproceedings{brown1996adaptive,
  address =      {Denver, Colorado, USA},
  author =       {Brown, Timothy X.},
  booktitle =    {Advances in Neural Information Processing Systems 9
                  (NIPS)},
  editor =       {M.C. Mozer and M. Jordan and T. Petsche},
  month =        {December},
  note =
                  {\url{https://proceedings.neurips.cc/paper_files/paper/1996/file/b51a15f382ac914391a58850ab343b00-Paper.pdf}},
  openalex =     {W2102288158},
  publisher =    {MIT Press},
  series =       {Conference Track Proceedings},
  title =        {Adaptive Access Control Applied to Ethernet Data},
  volume =       9,
  year =         1996
}

@inproceedings{burges1996improving,
  address =      {Denver, Colorado, USA},
  author =       {Burges, Christopher J. C. and Sch√∂lkopf, Bernhard},
  booktitle =    {Advances in Neural Information Processing Systems 9
                  (NIPS)},
  editor =       {M.C. Mozer and M. Jordan and T. Petsche},
  month =        {December},
  note =
                  {\url{https://proceedings.neurips.cc/paper_files/paper/1996/file/b495ce63ede0f4efc9eec62cb947c162-Paper.pdf}},
  openalex =     {W2104867159},
  publisher =    {MIT Press},
  series =       {Conference Track Proceedings},
  title =        {Improving the Accuracy and Speed of Support Vector
                  Machines},
  volume =       9,
  year =         1996
}

@inproceedings{burgess1996estimating,
  address =      {Denver, Colorado, USA},
  author =       {Burgess, Andrew N.},
  booktitle =    {Advances in Neural Information Processing Systems 9
                  (NIPS)},
  editor =       {M.C. Mozer and M. Jordan and T. Petsche},
  month =        {December},
  note =
                  {\url{https://proceedings.neurips.cc/paper_files/paper/1996/file/c70daf247944fe3add32218f914c75a6-Paper.pdf}},
  openalex =     {W2118527271},
  publisher =    {MIT Press},
  series =       {Conference Track Proceedings},
  title =        {Estimating Equivalent Kernels for Neural Networks: A
                  Data Perturbation Approach},
  volume =       9,
  year =         1996
}

@inproceedings{caruana1996promoting,
  address =      {Denver, Colorado, USA},
  author =       {Caruana, Rich and de, Virginia R.},
  booktitle =    {Advances in Neural Information Processing Systems 9
                  (NIPS)},
  editor =       {Mozer, M.C. and Jordan, M. and Petsche, T.},
  month =        {December},
  note =
                  {\url{https://proceedings.neurips.cc/paper_files/paper/1996/file/6c14da109e294d1e8155be8aa4b1ce8e-Paper.pdf}},
  openalex =     {W2117482391},
  publisher =    {MIT Press},
  series =       {Conference Track Proceedings},
  title =        {Promoting Poor Features to Supervisors: Some Inputs
                  Work Better as Outputs},
  volume =       9,
  year =         1996
}

@inproceedings{chatterjee1996self,
  address =      {Denver, Colorado, USA},
  author =       {Chatterjee, Chanchal and Roychowdhury, Vwani},
  booktitle =    {Advances in Neural Information Processing Systems 9
                  (NIPS)},
  editor =       {M.C. Mozer and M. Jordan and T. Petsche},
  month =        {December},
  note =
                  {\url{https://proceedings.neurips.cc/paper_files/paper/1996/file/f7cade80b7cc92b991cf4d2806d6bd78-Paper.pdf}},
  openalex =     {W2167894557},
  publisher =    {MIT Press},
  series =       {Conference Track Proceedings},
  title =        {Self-Organizing and Adaptive Algorithms for
                  Generalized Eigen-Decomposition},
  volume =       9,
  year =         1996
}

@inproceedings{clouse1996representation,
  address =      {Denver, Colorado, USA},
  author =       {Clouse, Daniel and Giles, C. Lee and Horne, Bill
                  G. and Cottrell, Garrison W.},
  booktitle =    {Advances in Neural Information Processing Systems 9
                  (NIPS)},
  editor =       {M.C. Mozer and M. Jordan and T. Petsche},
  month =        {December},
  note =
                  {\url{https://proceedings.neurips.cc/paper_files/paper/1996/file/bb04af0f7ecaee4aae62035497da1387-Paper.pdf}},
  openalex =     {W2120358166},
  publisher =    {MIT Press},
  series =       {Conference Track Proceedings},
  title =        {Representation and Induction of Finite State
                  Machines using Time-Delay Neural Networks},
  volume =       9,
  year =         1996
}

@inproceedings{coetzee1996488,
  address =      {Denver, Colorado, USA},
  author =       {Coetzee, Frans and Stonick, V.L.},
  booktitle =    {Advances in Neural Information Processing Systems 9
                  (NIPS)},
  editor =       {Mozer, M.C. and Jordan, M. and Petsche, T.},
  month =        {December},
  note =
                  {\url{https://proceedings.neurips.cc/paper_files/paper/1996/file/a51fb975227d6640e4fe47854476d133-Paper.pdf}},
  openalex =     {W2152703617},
  publisher =    {MIT Press},
  series =       {Conference Track Proceedings},
  title =        {488 Solutions to the XOR Problem},
  volume =       9,
  year =         1996
}

@inproceedings{cohn1996minimizing,
  address =      {Denver, Colorado, USA},
  author =       {Cohn, David},
  booktitle =    {Advances in Neural Information Processing Systems 9
                  (NIPS)},
  editor =       {M.C. Mozer and M. Jordan and T. Petsche},
  month =        {December},
  note =
                  {\url{https://proceedings.neurips.cc/paper_files/paper/1996/file/0e9fa1f3e9e66792401a6972d477dcc3-Paper.pdf}},
  openalex =     {W2150568880},
  publisher =    {MIT Press},
  series =       {Conference Track Proceedings},
  title =        {Minimizing Statistical Bias with Queries.},
  volume =       9,
  year =         1996
}

@inproceedings{cohn1996predicting,
  address =      {Denver, Colorado, USA},
  author =       {Cohn, David and Singh, Satinder},
  booktitle =    {Advances in Neural Information Processing Systems 9
                  (NIPS)},
  editor =       {M.C. Mozer and M. Jordan and T. Petsche},
  month =        {December},
  note =
                  {\url{https://proceedings.neurips.cc/paper_files/paper/1996/file/a9078e8653368c9c291ae2f8b74012e7-Paper.pdf}},
  openalex =     {W2168396813},
  publisher =    {MIT Press},
  series =       {Conference Track Proceedings},
  title =        {Predicting Lifetimes in Dynamically Allocated
                  Memory},
  volume =       9,
  year =         1996
}

@inproceedings{davies1996multidimensional,
  address =      {Denver, Colorado, USA},
  author =       {Davies, Scott},
  booktitle =    {Advances in Neural Information Processing Systems 9
                  (NIPS)},
  editor =       {M.C. Mozer and M. Jordan and T. Petsche},
  month =        {December},
  note =
                  {\url{https://proceedings.neurips.cc/paper_files/paper/1996/file/310ce61c90f3a46e340ee8257bc70e93-Paper.pdf}},
  openalex =     {W2145756561},
  publisher =    {MIT Press},
  series =       {Conference Track Proceedings},
  title =        {Multidimensional Triangulation and Interpolation for
                  Reinforcement Learning},
  volume =       9,
  year =         1996
}

@inproceedings{dayan1996hierarchical,
  address =      {Denver, Colorado, USA},
  author =       {Dayan, Peter},
  booktitle =    {Advances in Neural Information Processing Systems 9
                  (NIPS)},
  editor =       {M.C. Mozer and M. Jordan and T. Petsche},
  month =        {December},
  note =
                  {\url{https://proceedings.neurips.cc/paper_files/paper/1996/file/d759175de8ea5b1d9a2660e45554894f-Paper.pdf}},
  openalex =     {W2142843614},
  publisher =    {MIT Press},
  series =       {Conference Track Proceedings},
  title =        {A Hierarchical Model of Visual Rivalry},
  volume =       9,
  year =         1996
}

@inproceedings{de1996mimic,
  address =      {Denver, Colorado, USA},
  author =       {Bonet, Jeremy S. De and Isbell, Charles L. and
                  Viola, Paul},
  booktitle =    {Advances in Neural Information Processing Systems 9
                  (NIPS)},
  editor =       {M.C. Mozer and M. Jordan and T. Petsche},
  month =        {December},
  note =
                  {\url{https://proceedings.neurips.cc/paper_files/paper/1996/file/4c22bd444899d3b6047a10b20a2f26db-Paper.pdf}},
  openalex =     {W2166603077},
  publisher =    {MIT Press},
  series =       {Conference Track Proceedings},
  title =        {MIMIC: Finding Optima by Estimating Probability
                  Densities},
  volume =       9,
  year =         1996
}

@inproceedings{dimitrov1996spatial,
  address =      {Denver, Colorado, USA},
  author =       {Dimitrov, Alexander and Cowan, Jack D.},
  booktitle =    {Advances in Neural Information Processing Systems 9
                  (NIPS)},
  editor =       {Mozer, M.C. and Jordan, M. and Petsche, T.},
  month =        {December},
  note =
                  {\url{https://proceedings.neurips.cc/paper_files/paper/1996/file/5caf41d62364d5b41a893adc1a9dd5d4-Paper.pdf}},
  openalex =     {W2151465996},
  publisher =    {MIT Press},
  series =       {Conference Track Proceedings},
  title =        {Spatial Decorrelation in Orientation Tuned Cortical
                  Cells},
  volume =       9,
  year =         1996
}

@inproceedings{dong1996spatiotemporal,
  address =      {Denver, Colorado, USA},
  author =       {Dong, Dawei},
  booktitle =    {Advances in Neural Information Processing Systems 9
                  (NIPS)},
  editor =       {M.C. Mozer and M. Jordan and T. Petsche},
  month =        {December},
  note =
                  {\url{https://proceedings.neurips.cc/paper_files/paper/1996/file/c44e503833b64e9f27197a484f4257c0-Paper.pdf}},
  openalex =     {W2123734708},
  publisher =    {MIT Press},
  series =       {Conference Track Proceedings},
  title =        {Spatiotemporal Coupling and Scaling of Natural
                  Images and Human Visual Sensitivities},
  volume =       9,
  year =         1996
}

@inproceedings{doya1996efficient,
  address =      {Denver, Colorado, USA},
  author =       {Doya, Kenji},
  booktitle =    {Advances in Neural Information Processing Systems 9
                  (NIPS)},
  editor =       {M.C. Mozer and M. Jordan and T. Petsche},
  month =        {December},
  note =
                  {\url{https://proceedings.neurips.cc/paper_files/paper/1996/file/eb86d510361fc23b59f18c1bc9802cc6-Paper.pdf}},
  openalex =     {W2098607794},
  publisher =    {MIT Press},
  series =       {Conference Track Proceedings},
  title =        {Efficient Nonlinear Control with Actor-Tutor
                  Architecture},
  volume =       9,
  year =         1996
}

@inproceedings{drucker1996support,
  address =      {Denver, Colorado, USA},
  author =       {Drucker, Harris and Burges, Christopher J. C. and
                  Kaufman, Linda and Smola, Alex and Vapnik, Vladimir},
  booktitle =    {Advances in Neural Information Processing Systems 9
                  (NIPS)},
  editor =       {M.C. Mozer and M. Jordan and T. Petsche},
  month =        {December},
  note =
                  {\url{https://proceedings.neurips.cc/paper_files/paper/1996/file/d38901788c533e8286cb6400b40b386d-Paper.pdf}},
  openalex =     {W2137226992},
  publisher =    {MIT Press},
  series =       {Conference Track Proceedings},
  title =        {Support Vector Regression Machines},
  volume =       9,
  year =         1996
}

@inproceedings{duff1996local,
  address =      {Denver, Colorado, USA},
  author =       {Duff, Michael O. and Barto, Andrew G.},
  booktitle =    {Advances in Neural Information Processing Systems 9
                  (NIPS)},
  editor =       {M.C. Mozer and M. Jordan and T. Petsche},
  month =        {December},
  note =
                  {\url{https://proceedings.neurips.cc/paper_files/paper/1996/file/4122cb13c7a474c1976c9706ae36521d-Paper.pdf}},
  openalex =     {W2116686327},
  publisher =    {MIT Press},
  series =       {Conference Track Proceedings},
  title =        {Local Bandit Approximation for Optimal Learning
                  Problems},
  volume =       9,
  year =         1996
}

@inproceedings{dunmur1996on,
  address =      {Denver, Colorado, USA},
  author =       {Dunmur, A. P. and Titterington, D. M.},
  booktitle =    {Advances in Neural Information Processing Systems 9
                  (NIPS)},
  editor =       {M.C. Mozer and M. Jordan and T. Petsche},
  month =        {December},
  note =
                  {\url{https://proceedings.neurips.cc/paper_files/paper/1996/file/3f67fd97162d20e6fe27748b5b372509-Paper.pdf}},
  openalex =     {W2172110455},
  publisher =    {MIT Press},
  series =       {Conference Track Proceedings},
  title =        {On a Modification to the Mean Field EM Algorithm in
                  Factorial Learning},
  volume =       9,
  year =         1996
}

@inproceedings{elisseeff1996size,
  address =      {Denver, Colorado, USA},
  author =       {Elisseeff, Andr√© and Paugam‚ÄêMoisy, H√©l√®ne},
  booktitle =    {Advances in Neural Information Processing Systems 9
                  (NIPS)},
  editor =       {M.C. Mozer and M. Jordan and T. Petsche},
  month =        {December},
  note =
                  {\url{https://proceedings.neurips.cc/paper_files/paper/1996/file/d282ef263719ab842e05382dc235f69e-Paper.pdf}},
  openalex =     {W2096632339},
  publisher =    {MIT Press},
  series =       {Conference Track Proceedings},
  title =        {Size of Multilayer Networks for Exact Learning:
                  Analytic Approach},
  volume =       9,
  year =         1996
}

@inproceedings{etiennecummings1996vlsi,
  address =      {Denver, Colorado, USA},
  author =       {Etienne‚ÄêCummings, Ralph and Spiegel, Jan Van der and
                  Takahashi, Naomi and Apsel, Alyssa and M√ºeller,
                  Paul},
  booktitle =    {Advances in Neural Information Processing Systems 9
                  (NIPS)},
  editor =       {M.C. Mozer and M. Jordan and T. Petsche},
  month =        {December},
  note =
                  {\url{https://proceedings.neurips.cc/paper_files/paper/1996/file/4079016d940210b4ae9ae7d41c4a2065-Paper.pdf}},
  openalex =     {W2153606892},
  publisher =    {MIT Press},
  series =       {Conference Track Proceedings},
  title =        {VLSI Implementation of Cortical Visual Motion
                  Detection Using an Analog Neural Computer},
  volume =       9,
  year =         1996
}

@inproceedings{ferree1996neural,
  address =      {Denver, Colorado, USA},
  author =       {Ferr√©e, Thomas C. and Marcotte, Ben A. and Lockery,
                  Shawn R.},
  booktitle =    {Advances in Neural Information Processing Systems 9
                  (NIPS)},
  editor =       {M.C. Mozer and M. Jordan and T. Petsche},
  month =        {December},
  note =
                  {\url{https://proceedings.neurips.cc/paper_files/paper/1996/file/4d2e7bd33c475784381a64e43e50922f-Paper.pdf}},
  openalex =     {W2122030211},
  publisher =    {MIT Press},
  series =       {Conference Track Proceedings},
  title =        {Neural Network Models of Chemotaxis in the Nematode
                  Caenorhabditis Elegans},
  volume =       9,
  year =         1996
}

@inproceedings{finch1996softening,
  address =      {Denver, Colorado, USA},
  author =       {Finch, Andrew and Wilson, Richard C. and Hancock,
                  Edwin R.},
  booktitle =    {Advances in Neural Information Processing Systems 9
                  (NIPS)},
  editor =       {Mozer, M.C. and Jordan, M. and Petsche, T.},
  month =        {December},
  note =
                  {\url{https://proceedings.neurips.cc/paper_files/paper/1996/file/a0872cc5b5ca4cc25076f3d868e1bdf8-Paper.pdf}},
  openalex =     {W2151321874},
  publisher =    {MIT Press},
  series =       {Conference Track Proceedings},
  title =        {Softening Discrete Relaxation},
  volume =       9,
  year =         1996
}

@inproceedings{flexer1996limitations,
  address =      {Denver, Colorado, USA},
  author =       {Flexer, Arthur},
  booktitle =    {Advances in Neural Information Processing Systems 9
                  (NIPS)},
  editor =       {M.C. Mozer and M. Jordan and T. Petsche},
  month =        {December},
  note =
                  {\url{https://proceedings.neurips.cc/paper_files/paper/1996/file/dc87c13749315c7217cdc4ac692e704c-Paper.pdf}},
  openalex =     {W2109950258},
  publisher =    {MIT Press},
  series =       {Conference Track Proceedings},
  title =        {Limitations of Self-organizing Maps for Vector
                  Quantization and Multidimensional Scaling},
  volume =       9,
  year =         1996
}

@inproceedings{frey1996continuous,
  address =      {Denver, Colorado, USA},
  author =       {Frey, Brendan J.},
  booktitle =    {Advances in Neural Information Processing Systems 9
                  (NIPS)},
  editor =       {M.C. Mozer and M. Jordan and T. Petsche},
  month =        {December},
  note =
                  {\url{https://proceedings.neurips.cc/paper_files/paper/1996/file/17326d10d511828f6b34fa6d751739e2-Paper.pdf}},
  openalex =     {W2105659727},
  publisher =    {MIT Press},
  series =       {Conference Track Proceedings},
  title =        {Continuous Sigmoidal Belief Networks Trained using
                  Slice Sampling},
  volume =       9,
  year =         1996
}

@inproceedings{fritsch1996adaptively,
  address =      {Denver, Colorado, USA},
  author =       {Fritsch, J√ºrgen and Finke, Michael and Waibel, Alex},
  booktitle =    {Advances in Neural Information Processing Systems 9
                  (NIPS)},
  editor =       {Mozer, M.C. and Jordan, M. and Petsche, T.},
  month =        {December},
  note =
                  {\url{https://proceedings.neurips.cc/paper_files/paper/1996/file/995665640dc319973d3173a74a03860c-Paper.pdf}},
  openalex =     {W2097138116},
  publisher =    {MIT Press},
  series =       {Conference Track Proceedings},
  title =        {Adaptively Growing Hierarchical Mixtures of Experts},
  volume =       9,
  year =         1996
}

@inproceedings{gabbiani1996extraction,
  address =      {Denver, Colorado, USA},
  author =       {Gabbiani, Fabrizio and Metzner, Walter and Wessel,
                  Ralf and Koch, Christof},
  booktitle =    {Advances in Neural Information Processing Systems 9
                  (NIPS)},
  editor =       {M.C. Mozer and M. Jordan and T. Petsche},
  month =        {December},
  note =
                  {\url{https://proceedings.neurips.cc/paper_files/paper/1996/file/3a029f04d76d32e79367c4b3255dda4d-Paper.pdf}},
  publisher =    {MIT Press},
  series =       {Conference Track Proceedings},
  title =        {Extraction of Temporal Features in the
                  Electrosensory System of Weakly Electric Fish},
  volume =       9,
  year =         1996
}

@inproceedings{ghosn1996multi,
  address =      {Denver, Colorado, USA},
  author =       {Ghosn, Joumana and Bengio, Yoshua},
  booktitle =    {Advances in Neural Information Processing Systems 9
                  (NIPS)},
  editor =       {M.C. Mozer and M. Jordan and T. Petsche},
  month =        {December},
  note =
                  {\url{https://proceedings.neurips.cc/paper_files/paper/1996/file/1d72310edc006dadf2190caad5802983-Paper.pdf}},
  openalex =     {W2144807460},
  publisher =    {MIT Press},
  series =       {Conference Track Proceedings},
  title =        {Multi-Task Learning for Stock Selection},
  volume =       9,
  year =         1996
}

@inproceedings{gray1996dynamic,
  address =      {Denver, Colorado, USA},
  author =       {Gray, Michael S. and Movellan, Javier R. and
                  Sejnowski, Terrence J.},
  booktitle =    {Advances in Neural Information Processing Systems 9
                  (NIPS)},
  editor =       {Mozer, M.C. and Jordan, M. and Petsche, T.},
  month =        {December},
  note =
                  {\url{https://proceedings.neurips.cc/paper_files/paper/1996/file/84438b7aae55a0638073ef798e50b4ef-Paper.pdf}},
  openalex =     {W2118258383},
  publisher =    {MIT Press},
  series =       {Conference Track Proceedings},
  title =        {Dynamic Features for Visual Speechreading: A
                  Systematic Comparison},
  volume =       9,
  year =         1996
}

@inproceedings{gray1996selective,
  address =      {Denver, Colorado, USA},
  author =       {Gray, Michael S. and Pouget, Alexandre and Zemel,
                  Richard S. and Nowlan, Steven J. and Sejnowski,
                  Terrence J.},
  booktitle =    {Advances in Neural Information Processing Systems 9
                  (NIPS)},
  editor =       {Mozer, M.C. and Jordan, M. and Petsche, T.},
  month =        {December},
  note =
                  {\url{https://proceedings.neurips.cc/paper_files/paper/1996/file/a01610228fe998f515a72dd730294d87-Paper.pdf}},
  openalex =     {W2127525521},
  publisher =    {MIT Press},
  series =       {Conference Track Proceedings},
  title =        {Selective Integration: A Model for Disparity
                  Estimation},
  volume =       9,
  year =         1996
}

@inproceedings{grossberg1996artex,
  address =      {Denver, Colorado, USA},
  author =       {Grossberg, Stephen and Williamson, James R.},
  booktitle =    {Advances in Neural Information Processing Systems 9
                  (NIPS)},
  editor =       {M.C. Mozer and M. Jordan and T. Petsche},
  month =        {December},
  note =
                  {\url{https://proceedings.neurips.cc/paper_files/paper/1996/file/01e9565cecc4e989123f9620c1d09c09-Paper.pdf}},
  openalex =     {W2153683700},
  publisher =    {MIT Press},
  series =       {Conference Track Proceedings},
  title =        {ARTEX: A Self-organizing Architecture for
                  Classifying Image Regions},
  volume =       9,
  year =         1996
}

@inproceedings{haefliger1996spike,
  address =      {Denver, Colorado, USA},
  author =       {H√§fliger, Philipp and Mahowald, Misha and Watts,
                  Lloyd},
  booktitle =    {Advances in Neural Information Processing Systems 9
                  (NIPS)},
  editor =       {M.C. Mozer and M. Jordan and T. Petsche},
  month =        {December},
  note =
                  {\url{https://proceedings.neurips.cc/paper_files/paper/1996/file/dc960c46c38bd16e953d97cdeefdbc68-Paper.pdf}},
  openalex =     {W2108043710},
  publisher =    {MIT Press},
  series =       {Conference Track Proceedings},
  title =        {A Spike Based Learning Neuron in Analog VLSI},
  volume =       9,
  year =         1996
}

@inproceedings{halkjaer1996effect,
  address =      {Denver, Colorado, USA},
  author =       {Halkj√¶r, S√∏ren and Winther, Ole},
  booktitle =    {Advances in Neural Information Processing Systems 9
                  (NIPS)},
  editor =       {Mozer, M.C. and Jordan, M. and Petsche, T.},
  month =        {December},
  note =
                  {\url{https://proceedings.neurips.cc/paper_files/paper/1996/file/884ce4bb65d328ecb03c598409e2b168-Paper.pdf}},
  openalex =     {W2098688960},
  publisher =    {MIT Press},
  series =       {Conference Track Proceedings},
  title =        {The Effect of Correlated Input Data on the Dynamics
                  of Learning},
  volume =       9,
  year =         1996
}

@inproceedings{hansen1996reinforcement,
  address =      {Denver, Colorado, USA},
  author =       {Hansen, Eric A. and Barto, Andrew G. and
                  Zilberstein, Shlomo},
  booktitle =    {Advances in Neural Information Processing Systems 9
                  (NIPS)},
  editor =       {M.C. Mozer and M. Jordan and T. Petsche},
  month =        {December},
  note =
                  {\url{https://proceedings.neurips.cc/paper_files/paper/1996/file/ab1a4d0dd4d48a2ba1077c4494791306-Paper.pdf}},
  openalex =     {W2162137442},
  publisher =    {MIT Press},
  series =       {Conference Track Proceedings},
  title =        {Reinforcement Learning for Mixed Open-loop and
                  Closed-loop Control},
  volume =       9,
  year =         1996
}

@inproceedings{harris1996analog,
  address =      {Denver, Colorado, USA},
  author =       {Harris, John G. and Chiang, Yu-Ming},
  booktitle =    {Advances in Neural Information Processing Systems 9
                  (NIPS)},
  editor =       {M.C. Mozer and M. Jordan and T. Petsche},
  month =        {December},
  note =
                  {\url{https://proceedings.neurips.cc/paper_files/paper/1996/file/2ba8698b79439589fdd2b0f7218d8b07-Paper.pdf}},
  openalex =     {W2169231356},
  publisher =    {MIT Press},
  series =       {Conference Track Proceedings},
  title =        {An Analog Implementation of the Constant Average
                  Statistics Constraint For Sensor Calibration},
  volume =       9,
  year =         1996
}

@inproceedings{heskes1996balancing,
  address =      {Denver, Colorado, USA},
  author =       {Heskes, Tom},
  booktitle =    {Advances in Neural Information Processing Systems 9
                  (NIPS)},
  editor =       {M.C. Mozer and M. Jordan and T. Petsche},
  month =        {December},
  note =
                  {\url{https://proceedings.neurips.cc/paper_files/paper/1996/file/f47330643ae134ca204bf6b2481fec47-Paper.pdf}},
  openalex =     {W2096193168},
  publisher =    {MIT Press},
  series =       {Conference Track Proceedings},
  title =        {Balancing Between Bagging and Bumping},
  volume =       9,
  year =         1996
}

@inproceedings{heskes1996practical,
  address =      {Denver, Colorado, USA},
  author =       {Heskes, Tom},
  booktitle =    {Advances in Neural Information Processing Systems 9
                  (NIPS)},
  editor =       {Mozer, M.C. and Jordan, M. and Petsche, T.},
  month =        {December},
  note =
                  {\url{https://proceedings.neurips.cc/paper_files/paper/1996/file/7940ab47468396569a906f75ff3f20ef-Paper.pdf}},
  openalex =     {W2115299933},
  publisher =    {MIT Press},
  series =       {Conference Track Proceedings},
  title =        {Practical Confidence and Prediction Intervals},
  volume =       9,
  year =         1996
}

@inproceedings{hochreiter1996lstm,
  address =      {Denver, Colorado, USA},
  author =       {Hochreiter, Sepp and Schmidhuber, J√ºrgen},
  booktitle =    {Advances in Neural Information Processing Systems 9
                  (NIPS)},
  editor =       {Mozer, M.C. and Jordan, M. and Petsche, T.},
  month =        {December},
  note =
                  {\url{https://proceedings.neurips.cc/paper_files/paper/1996/file/a4d2f0d23dcc84ce983ff9157f8b7f88-Paper.pdf}},
  openalex =     {W2136939460},
  publisher =    {MIT Press},
  series =       {Conference Track Proceedings},
  title =        {LSTM can Solve Hard Long Time Lag Problems},
  volume =       9,
  year =         1996
}

@inproceedings{horiuchi1996analog,
  address =      {Denver, Colorado, USA},
  author =       {Horiuchi, Timothy K. and Morris, Tonia G. and Koch,
                  Christof and DeWeerth, Stephen P.},
  booktitle =    {Advances in Neural Information Processing Systems 9
                  (NIPS)},
  editor =       {M.C. Mozer and M. Jordan and T. Petsche},
  month =        {December},
  note =
                  {\url{https://proceedings.neurips.cc/paper_files/paper/1996/file/c0a271bc0ecb776a094786474322cb82-Paper.pdf}},
  openalex =     {W2149010506},
  publisher =    {MIT Press},
  series =       {Conference Track Proceedings},
  title =        {Analog VLSI Circuits for Attention-Based, Visual
                  Tracking},
  volume =       9,
  year =         1996
}

@inproceedings{hyvarinen1996one,
  address =      {Denver, Colorado, USA},
  author =       {Hyv√§rinen, Aapo and Oja, Erkki},
  booktitle =    {Advances in Neural Information Processing Systems 9
                  (NIPS)},
  editor =       {M.C. Mozer and M. Jordan and T. Petsche},
  month =        {December},
  note =
                  {\url{https://proceedings.neurips.cc/paper_files/paper/1996/file/dfd7468ac613286cdbb40872c8ef3b06-Paper.pdf}},
  openalex =     {W2108373649},
  publisher =    {MIT Press},
  series =       {Conference Track Proceedings},
  title =        {One-unit Learning Rules for Independent Component
                  Analysis},
  volume =       9,
  year =         1996
}

@inproceedings{iizuka1996dynamically,
  address =      {Denver, Colorado, USA},
  author =       {Iizuka, Kunihiko and Miyamoto, Masayuki and Matsui,
                  Hirofumi},
  booktitle =    {Advances in Neural Information Processing Systems 9
                  (NIPS)},
  editor =       {M.C. Mozer and M. Jordan and T. Petsche},
  month =        {December},
  note =
                  {\url{https://proceedings.neurips.cc/paper_files/paper/1996/file/d94e18a8adb4cc0f623f7a83b1ac75b4-Paper.pdf}},
  openalex =     {W2095785485},
  publisher =    {MIT Press},
  series =       {Conference Track Proceedings},
  title =        {Dynamically Adaptable CMOS Winner-Take-All Neural
                  Network},
  volume =       9,
  year =         1996
}

@inproceedings{jaakkola1996recursive,
  address =      {Denver, Colorado, USA},
  author =       {Jaakkola, Tommi and Jordan, Michael I.},
  booktitle =    {Advances in Neural Information Processing Systems 9
                  (NIPS)},
  editor =       {M.C. Mozer and M. Jordan and T. Petsche},
  month =        {December},
  note =
                  {\url{https://proceedings.neurips.cc/paper_files/paper/1996/file/f3f1b7fc5a8779a9e618e1f23a7b7860-Paper.pdf}},
  openalex =     {W2133231442},
  publisher =    {MIT Press},
  series =       {Conference Track Proceedings},
  title =        {Recursive Algorithms for Approximating Probabilities
                  in Graphical Models},
  volume =       9,
  year =         1996
}

@inproceedings{ji1996combinations,
  address =      {Denver, Colorado, USA},
  author =       {Ji, Chuanyi and Ma, Sheng},
  booktitle =    {Advances in Neural Information Processing Systems 9
                  (NIPS)},
  editor =       {M.C. Mozer and M. Jordan and T. Petsche},
  month =        {December},
  note =
                  {\url{https://proceedings.neurips.cc/paper_files/paper/1996/file/3546ab441e56fa333f8b44b610d95691-Paper.pdf}},
  openalex =     {W2119103742},
  publisher =    {MIT Press},
  series =       {Conference Track Proceedings},
  title =        {Combinations of weak classifiers},
  volume =       9,
  year =         1996
}

@inproceedings{jordan1996hidden,
  address =      {Denver, Colorado, USA},
  author =       {Jordan, Michael I. and Ghahramani, Zoubin and Saul,
                  Lawrence K.},
  booktitle =    {Advances in Neural Information Processing Systems 9
                  (NIPS)},
  editor =       {Mozer, M.C. and Jordan, M. and Petsche, T.},
  month =        {December},
  note =
                  {\url{https://proceedings.neurips.cc/paper_files/paper/1996/file/6c8dba7d0df1c4a79dd07646be9a26c8-Paper.pdf}},
  openalex =     {W2145211911},
  publisher =    {MIT Press},
  series =       {Conference Track Proceedings},
  title =        {Hidden Markov Decision Trees},
  volume =       9,
  year =         1996
}

@inproceedings{kamimura1996unification,
  address =      {Denver, Colorado, USA},
  author =       {Kamimura, Ryotaro},
  booktitle =    {Advances in Neural Information Processing Systems 9
                  (NIPS)},
  editor =       {M.C. Mozer and M. Jordan and T. Petsche},
  month =        {December},
  note =
                  {\url{https://proceedings.neurips.cc/paper_files/paper/1996/file/1cecc7a77928ca8133fa24680a88d2f9-Paper.pdf}},
  openalex =     {W2121723556},
  publisher =    {MIT Press},
  series =       {Conference Track Proceedings},
  title =        {Unification of Information Maximization and
                  Minimization},
  volume =       9,
  year =         1996
}

@inproceedings{kang1996statistical,
  address =      {Denver, Colorado, USA},
  author =       {Kang, Kukjin and Oh, Jong‚ÄìHoon},
  booktitle =    {Advances in Neural Information Processing Systems 9
                  (NIPS)},
  editor =       {Mozer, M.C. and Jordan, M. and Petsche, T.},
  month =        {December},
  note =
                  {\url{https://proceedings.neurips.cc/paper_files/paper/1996/file/a7d8ae4569120b5bec12e7b6e9648b86-Paper.pdf}},
  openalex =     {W2146067011},
  publisher =    {MIT Press},
  series =       {Conference Track Proceedings},
  title =        {Statistical Mechanics of the Mixture of Experts},
  volume =       9,
  year =         1996
}

@inproceedings{kowalczyk1996mlp,
  address =      {Denver, Colorado, USA},
  author =       {Kowalczyk, Adam and Ferr√°, Herman},
  booktitle =    {Advances in Neural Information Processing Systems 9
                  (NIPS)},
  editor =       {M.C. Mozer and M. Jordan and T. Petsche},
  month =        {December},
  note =
                  {\url{https://proceedings.neurips.cc/paper_files/paper/1996/file/2715518c875999308842e3455eda2fe3-Paper.pdf}},
  openalex =     {W2106870773},
  publisher =    {MIT Press},
  series =       {Conference Track Proceedings},
  title =        {MLP Can Provably Generalize Much Better than
                  VC-bounds Indicate},
  volume =       9,
  year =         1996
}

@inproceedings{kruger1996adaptive,
  address =      {Denver, Colorado, USA},
  author =       {Kruger, W. and Hasler, Paul and Minch, Bradley and
                  Koch, Christof},
  booktitle =    {Advances in Neural Information Processing Systems 9
                  (NIPS)},
  editor =       {M.C. Mozer and M. Jordan and T. Petsche},
  month =        {December},
  note =
                  {\url{https://proceedings.neurips.cc/paper_files/paper/1996/file/b571ecea16a9824023ee1af16897a582-Paper.pdf}},
  publisher =    {MIT Press},
  series =       {Conference Track Proceedings},
  title =        {An Adaptive WTA using Floating Gate Technology},
  volume =       9,
  year =         1996
}

@inproceedings{krzyzak1996radial,
  address =      {Denver, Colorado, USA},
  author =       {Krzy≈ºak, Adam and Linder, Tam√°s},
  booktitle =    {Advances in Neural Information Processing Systems 9
                  (NIPS)},
  editor =       {Mozer, M.C. and Jordan, M. and Petsche, T.},
  month =        {December},
  note =
                  {\url{https://proceedings.neurips.cc/paper_files/paper/1996/file/97af4fb322bb5c8973ade16764156bed-Paper.pdf}},
  openalex =     {W2122515683},
  publisher =    {MIT Press},
  series =       {Conference Track Proceedings},
  title =        {Radial basis function networks and complexity
                  regularization in function learning},
  volume =       9,
  year =         1996
}

@inproceedings{lazzaro1996micropower,
  address =      {Denver, Colorado, USA},
  author =       {Lazzaro, John and Wawrzynek, John and Lippmann,
                  Richard P.},
  booktitle =    {Advances in Neural Information Processing Systems 9
                  (NIPS)},
  editor =       {M.C. Mozer and M. Jordan and T. Petsche},
  month =        {December},
  note =
                  {\url{https://proceedings.neurips.cc/paper_files/paper/1996/file/144a3f71a03ab7c4f46f9656608efdb2-Paper.pdf}},
  openalex =     {W2142696641},
  publisher =    {MIT Press},
  series =       {Conference Track Proceedings},
  title =        {A Micropower Analog VLSI HMM State Decoder for
                  Wordspotting},
  volume =       9,
  year =         1996
}

@inproceedings{lee1996blind,
  address =      {Denver, Colorado, USA},
  author =       {Lee, Te-Won and Bell, Anthony and Lambert, Russell},
  booktitle =    {Advances in Neural Information Processing Systems 9
                  (NIPS)},
  editor =       {Mozer, M.C. and Jordan, M. and Petsche, T.},
  month =        {December},
  note =
                  {\url{https://proceedings.neurips.cc/paper_files/paper/1996/file/9996535e07258a7bbfd8b132435c5962-Paper.pdf}},
  publisher =    {MIT Press},
  series =       {Conference Track Proceedings},
  title =        {Blind Separation of Delayed and Convolved Sources},
  volume =       9,
  year =         1996
}

@inproceedings{lee1996unsupervised,
  address =      {Denver, Colorado, USA},
  author =       {Lee, Daniel D. and Seung, H. Sebastian},
  booktitle =    {Advances in Neural Information Processing Systems 9
                  (NIPS)},
  editor =       {M.C. Mozer and M. Jordan and T. Petsche},
  month =        {December},
  note =
                  {\url{https://proceedings.neurips.cc/paper_files/paper/1996/file/2de5d16682c3c35007e4e92982f1a2ba-Paper.pdf}},
  openalex =     {W2148365208},
  publisher =    {MIT Press},
  series =       {Conference Track Proceedings},
  title =        {Unsupervised Learning by Convex and Conic Coding},
  volume =       9,
  year =         1996
}

@inproceedings{leisch1996arc,
  address =      {Denver, Colorado, USA},
  author =       {Leisch, Friedrich and Hornik, Kurt},
  booktitle =    {Advances in Neural Information Processing Systems 9
                  (NIPS)},
  editor =       {M.C. Mozer and M. Jordan and T. Petsche},
  month =        {December},
  note =
                  {\url{https://proceedings.neurips.cc/paper_files/paper/1996/file/c54e7837e0cd0ced286cb5995327d1ab-Paper.pdf}},
  openalex =     {W2170407887},
  publisher =    {MIT Press},
  series =       {Conference Track Proceedings},
  title =        {ARC-LH: A New Adaptive Resampling Algorithm for
                  Improving ANN Classifiers},
  volume =       9,
  year =         1996
}

@inproceedings{leite1996contour,
  address =      {Denver, Colorado, USA},
  author =       {Leite, Jos√© and Hancock, Edwin},
  booktitle =    {Advances in Neural Information Processing Systems 9
                  (NIPS)},
  editor =       {Mozer, M.C. and Jordan, M. and Petsche, T.},
  month =        {December},
  note =
                  {\url{https://proceedings.neurips.cc/paper_files/paper/1996/file/71f6278d140af599e06ad9bf1ba03cb0-Paper.pdf}},
  publisher =    {MIT Press},
  series =       {Conference Track Proceedings},
  title =        {Contour Organisation with the EM Algorithm},
  volume =       9,
  year =         1996
}

@inproceedings{lewicki1996bayesian,
  address =      {Denver, Colorado, USA},
  author =       {Lewicki, Michael S. and Sejnowski, Terrence J.},
  booktitle =    {Advances in Neural Information Processing Systems 9
                  (NIPS)},
  editor =       {Mozer, M.C. and Jordan, M. and Petsche, T.},
  month =        {December},
  note =
                  {\url{https://proceedings.neurips.cc/paper_files/paper/1996/file/7c82fab8c8f89124e2ce92984e04fb40-Paper.pdf}},
  openalex =     {W2129759359},
  publisher =    {MIT Press},
  series =       {Conference Track Proceedings},
  title =        {Bayesian Unsupervised Learning of Higher Order
                  Structure},
  volume =       9,
  year =         1996
}

@inproceedings{li1996neural,
  address =      {Denver, Colorado, USA},
  author =       {Zhaoping, Li},
  booktitle =    {Advances in Neural Information Processing Systems 9
                  (NIPS)},
  editor =       {M.C. Mozer and M. Jordan and T. Petsche},
  month =        {December},
  note =
                  {\url{https://proceedings.neurips.cc/paper_files/paper/1996/file/2c89109d42178de8a367c0228f169bf8-Paper.pdf}},
  openalex =     {W2134394617},
  publisher =    {MIT Press},
  series =       {Conference Track Proceedings},
  title =        {A Neural Model of Contour Integration in the Primary
                  Visual Cortex},
  volume =       9,
  year =         1996
}

@inproceedings{lin1996source,
  address =      {Denver, Colorado, USA},
  author =       {Lin, Juan and Cowan, Jack and Grier, David},
  booktitle =    {Advances in Neural Information Processing Systems 9
                  (NIPS)},
  editor =       {M.C. Mozer and M. Jordan and T. Petsche},
  month =        {December},
  note =
                  {\url{https://proceedings.neurips.cc/paper_files/paper/1996/file/160c88652d47d0be60bfbfed25111412-Paper.pdf}},
  publisher =    {MIT Press},
  series =       {Conference Track Proceedings},
  title =        {Source Separation and Density Estimation by Faithful
                  Equivariant SOM},
  volume =       9,
  year =         1996
}

@inproceedings{littlestone1996apobayesian,
  address =      {Denver, Colorado, USA},
  author =       {Littlestone, Nick and Mesterharm, Chris},
  booktitle =    {Advances in Neural Information Processing Systems 9
                  (NIPS)},
  editor =       {Mozer, M.C. and Jordan, M. and Petsche, T.},
  month =        {December},
  note =
                  {\url{https://proceedings.neurips.cc/paper_files/paper/1996/file/a42a596fc71e17828440030074d15e74-Paper.pdf}},
  openalex =     {W2162953025},
  publisher =    {MIT Press},
  series =       {Conference Track Proceedings},
  title =        {An Apobayesian Relative of Winnow},
  volume =       9,
  year =         1996
}

@inproceedings{lowe1996neuroscale,
  address =      {Denver, Colorado, USA},
  author =       {Lowe, David and Tipping, Michael E.},
  booktitle =    {Advances in Neural Information Processing Systems 9
                  (NIPS)},
  editor =       {M.C. Mozer and M. Jordan and T. Petsche},
  month =        {December},
  note =
                  {\url{https://proceedings.neurips.cc/paper_files/paper/1996/file/4671aeaf49c792689533b00664a5c3ef-Paper.pdf}},
  openalex =     {W2140130790},
  publisher =    {MIT Press},
  series =       {Conference Track Proceedings},
  title =        {NeuroScale: Novel Topographic Feature Extraction
                  using RBF Networks},
  volume =       9,
  year =         1996
}

@inproceedings{maass1996noisy,
  address =      {Denver, Colorado, USA},
  author =       {Maass, Wolfgang},
  booktitle =    {Advances in Neural Information Processing Systems 9
                  (NIPS)},
  editor =       {M.C. Mozer and M. Jordan and T. Petsche},
  month =        {December},
  note =
                  {\url{https://proceedings.neurips.cc/paper_files/paper/1996/file/f93882cbd8fc7fb794c1011d63be6fb6-Paper.pdf}},
  openalex =     {W2169074879},
  publisher =    {MIT Press},
  series =       {Conference Track Proceedings},
  title =        {Noisy Spiking Neurons with Temporal Coding have more
                  Computational Power than Sigmoidal Neurons},
  volume =       9,
  year =         1996
}

@inproceedings{maass1996on,
  address =      {Denver, Colorado, USA},
  author =       {Maass, Wolfgang and Orponen, Pekka},
  booktitle =    {Advances in Neural Information Processing Systems 9
                  (NIPS)},
  editor =       {M.C. Mozer and M. Jordan and T. Petsche},
  month =        {December},
  note =
                  {\url{https://proceedings.neurips.cc/paper_files/paper/1996/file/33ceb07bf4eeb3da587e268d663aba1a-Paper.pdf}},
  openalex =     {W2065771184},
  publisher =    {MIT Press},
  series =       {Conference Track Proceedings},
  title =        {On the Effect of Analog Noise in Discrete-Time
                  Analog Computations},
  volume =       9,
  year =         1996
}

@inproceedings{martignon1996learning,
  address =      {Denver, Colorado, USA},
  author =       {Martignon, Laura and Laskey, Kathryn and Deco,
                  Gustavo and Vaadia, Eilon},
  booktitle =    {Advances in Neural Information Processing Systems 9
                  (NIPS)},
  editor =       {M.C. Mozer and M. Jordan and T. Petsche},
  month =        {December},
  note =
                  {\url{https://proceedings.neurips.cc/paper_files/paper/1996/file/e702e51da2c0f5be4dd354bb3e295d37-Paper.pdf}},
  publisher =    {MIT Press},
  series =       {Conference Track Proceedings},
  title =        {Learning Exact Patterns of Quasi-synchronization
                  among Spiking Neurons from Data on Multi-unit
                  Recordings},
  volume =       9,
  year =         1996
}

@inproceedings{mathieson1996ordered,
  address =      {Denver, Colorado, USA},
  author =       {Mathieson, Mark},
  booktitle =    {Advances in Neural Information Processing Systems 9
                  (NIPS)},
  editor =       {M.C. Mozer and M. Jordan and T. Petsche},
  month =        {December},
  note =
                  {\url{https://proceedings.neurips.cc/paper_files/paper/1996/file/1c65cef3dfd1e00c0b03923a1c591db4-Paper.pdf}},
  openalex =     {W2165486401},
  publisher =    {MIT Press},
  series =       {Conference Track Proceedings},
  title =        {Ordered Classes and Incomplete Examples in
                  Classification},
  volume =       9,
  year =         1996
}

@inproceedings{meila1996triangulation,
  address =      {Denver, Colorado, USA},
  author =       {MeilƒÉ, Marina and Jordan, Michael I.},
  booktitle =    {Advances in Neural Information Processing Systems 9
                  (NIPS)},
  editor =       {Mozer, M.C. and Jordan, M. and Petsche, T.},
  month =        {December},
  note =
                  {\url{https://proceedings.neurips.cc/paper_files/paper/1996/file/76cf99d3614e23eabab16fb27e944bf9-Paper.pdf}},
  openalex =     {W2160557065},
  publisher =    {MIT Press},
  series =       {Conference Track Proceedings},
  title =        {Triangulation by Continuous Embedding},
  volume =       9,
  year =         1996
}

@inproceedings{mel1996complex,
  address =      {Denver, Colorado, USA},
  author =       {Mel, Bartlett W. and Ruderman, Daniel and Archie,
                  Kevin A.},
  booktitle =    {Advances in Neural Information Processing Systems 9
                  (NIPS)},
  editor =       {Mozer, M.C. and Jordan, M. and Petsche, T.},
  month =        {December},
  note =
                  {\url{https://proceedings.neurips.cc/paper_files/paper/1996/file/7e7e69ea3384874304911625ac34321c-Paper.pdf}},
  openalex =     {W2131303571},
  publisher =    {MIT Press},
  series =       {Conference Track Proceedings},
  title =        {Complex-Cell Responses Derived from Center-Surround
                  Inputs: The Surprising Power of Intradendritic
                  Computation},
  volume =       9,
  year =         1996
}

@inproceedings{merz1996combining,
  address =      {Denver, Colorado, USA},
  author =       {Merz, Christopher J. and Pazzani, Michael J.},
  booktitle =    {Advances in Neural Information Processing Systems 9
                  (NIPS)},
  editor =       {Mozer, M.C. and Jordan, M. and Petsche, T.},
  month =        {December},
  note =
                  {\url{https://proceedings.neurips.cc/paper_files/paper/1996/file/7501e5d4da87ac39d782741cd794002d-Paper.pdf}},
  openalex =     {W2101693728},
  publisher =    {MIT Press},
  series =       {Conference Track Proceedings},
  title =        {Combining Neural Network Regression Estimates with
                  Regularized Linear Weights},
  volume =       9,
  year =         1996
}

@inproceedings{miller1996mixture,
  address =      {Denver, Colorado, USA},
  author =       {Miller, David J. and Uyar, Hasan S.},
  booktitle =    {Advances in Neural Information Processing Systems 9
                  (NIPS)},
  editor =       {Mozer, M.C. and Jordan, M. and Petsche, T.},
  month =        {December},
  note =
                  {\url{https://proceedings.neurips.cc/paper_files/paper/1996/file/a58149d355f02887dfbe55ebb2b64ba3-Paper.pdf}},
  openalex =     {W2137054688},
  publisher =    {MIT Press},
  series =       {Conference Track Proceedings},
  title =        {A Mixture of Experts Classifier with Learning Based
                  on Both Labelled and Unlabelled Data},
  volume =       9,
  year =         1996
}

@inproceedings{monti1996learning,
  address =      {Denver, Colorado, USA},
  author =       {Monti, Stefano and Cooper, Gregory F.},
  booktitle =    {Advances in Neural Information Processing Systems 9
                  (NIPS)},
  editor =       {M.C. Mozer and M. Jordan and T. Petsche},
  month =        {December},
  note =
                  {\url{https://proceedings.neurips.cc/paper_files/paper/1996/file/285ab9448d2751ee57ece7f762c39095-Paper.pdf}},
  openalex =     {W2097296535},
  publisher =    {MIT Press},
  series =       {Conference Track Proceedings},
  title =        {Learning Bayesian Belief Networks with Neural
                  Network Estimators},
  volume =       9,
  year =         1996
}

@inproceedings{moody1996smoothing,
  address =      {Denver, Colorado, USA},
  author =       {Moody, John and R√∂gnvaldsson, Thorsteinn},
  booktitle =    {Advances in Neural Information Processing Systems 9
                  (NIPS)},
  editor =       {Mozer, M.C. and Jordan, M. and Petsche, T.},
  month =        {December},
  note =
                  {\url{https://proceedings.neurips.cc/paper_files/paper/1996/file/50905d7b2216bfeccb5b41016357176b-Paper.pdf}},
  openalex =     {W2125416644},
  publisher =    {MIT Press},
  series =       {Conference Track Proceedings},
  title =        {Smoothing Regularizers for Projective Basis Function
                  Networks},
  volume =       9,
  year =         1996
}

@inproceedings{mozer1996neurothermostat,
  address =      {Denver, Colorado, USA},
  author =       {Mozer, Michael C. and Vidmar, Lucky and Dodier,
                  Robert H.},
  booktitle =    {Advances in Neural Information Processing Systems 9
                  (NIPS)},
  editor =       {Mozer, M.C. and Jordan, M. and Petsche, T.},
  month =        {December},
  note =
                  {\url{https://proceedings.neurips.cc/paper_files/paper/1996/file/a0833c8a1817526ac555f8d67727caf6-Paper.pdf}},
  openalex =     {W2147051918},
  publisher =    {MIT Press},
  series =       {Conference Track Proceedings},
  title =        {The Neurothermostat: Predictive Optimal Control of
                  Residential Heating Systems},
  volume =       9,
  year =         1996
}

@inproceedings{mundel1996visual,
  address =      {Denver, Colorado, USA},
  author =       {Mundel, Trevor and Dimitrov, Alexander and Cowan,
                  Jack D.},
  booktitle =    {Advances in Neural Information Processing Systems 9
                  (NIPS)},
  editor =       {Mozer, M.C. and Jordan, M. and Petsche, T.},
  month =        {December},
  note =
                  {\url{https://proceedings.neurips.cc/paper_files/paper/1996/file/fe2d010308a6b3799a3d9c728ee74244-Paper.pdf}},
  openalex =     {W2127746315},
  publisher =    {MIT Press},
  series =       {Conference Track Proceedings},
  title =        {Visual Cortex Circuitry and Orientation Tuning},
  volume =       9,
  year =         1996
}

@inproceedings{munro1996competition,
  address =      {Denver, Colorado, USA},
  author =       {Munro, Paul and Parmanto, Bambang},
  booktitle =    {Advances in Neural Information Processing Systems 9
                  (NIPS)},
  editor =       {Mozer, M.C. and Jordan, M. and Petsche, T.},
  month =        {December},
  note =
                  {\url{https://proceedings.neurips.cc/paper_files/paper/1996/file/9adeb82fffb5444e81fa0ce8ad8afe7a-Paper.pdf}},
  openalex =     {W2168040522},
  publisher =    {MIT Press},
  series =       {Conference Track Proceedings},
  title =        {Competition Among Networks Improves Committee
                  Performance},
  volume =       9,
  year =         1996
}

@inproceedings{murata1996adaptive,
  address =      {Denver, Colorado, USA},
  author =       {Murata, Noboru and M√ºller, Klaus-Robert and Ziehe,
                  Andreas and Amari, Shun-ichi},
  booktitle =    {Advances in Neural Information Processing Systems 9
                  (NIPS)},
  editor =       {M.C. Mozer and M. Jordan and T. Petsche},
  month =        {December},
  note =
                  {\url{https://proceedings.neurips.cc/paper_files/paper/1996/file/0e095e054ee94774d6a496099eb1cf6a-Paper.pdf}},
  publisher =    {MIT Press},
  series =       {Conference Track Proceedings},
  title =        {Adaptive On-line Learning in Changing Environments},
  volume =       9,
  year =         1996
}

@inproceedings{niranjan1996sequential,
  address =      {Denver, Colorado, USA},
  author =       {Niranjan, Mahesan},
  booktitle =    {Advances in Neural Information Processing Systems 9
                  (NIPS)},
  editor =       {Mozer, M.C. and Jordan, M. and Petsche, T.},
  month =        {December},
  note =
                  {\url{https://proceedings.neurips.cc/paper_files/paper/1996/file/5eac43aceba42c8757b54003a58277b5-Paper.pdf}},
  openalex =     {W2158352727},
  publisher =    {MIT Press},
  series =       {Conference Track Proceedings},
  title =        {Sequential Tracking in Pricing Financial Options
                  using Model Based and Neural Network Approaches},
  volume =       9,
  year =         1996
}

@inproceedings{opper1996mean,
  address =      {Denver, Colorado, USA},
  author =       {Opper, Manfred and Winther, Ole},
  booktitle =    {Advances in Neural Information Processing Systems 9
                  (NIPS)},
  editor =       {M.C. Mozer and M. Jordan and T. Petsche},
  month =        {December},
  note =
                  {\url{https://proceedings.neurips.cc/paper_files/paper/1996/file/193002e668758ea9762904da1a22337c-Paper.pdf}},
  openalex =     {W2151200696},
  publisher =    {MIT Press},
  series =       {Conference Track Proceedings},
  title =        {A Mean Field Algorithm for Bayes Learning in Large
                  Feed-forward Neural Networks},
  volume =       9,
  year =         1996
}

@inproceedings{orr1996removing,
  address =      {Denver, Colorado, USA},
  author =       {Orr, Genevieve},
  booktitle =    {Advances in Neural Information Processing Systems 9
                  (NIPS)},
  editor =       {M.C. Mozer and M. Jordan and T. Petsche},
  month =        {December},
  note =
                  {\url{https://proceedings.neurips.cc/paper_files/paper/1996/file/cd758e8f59dfdf06a852adad277986ca-Paper.pdf}},
  openalex =     {W2104054119},
  publisher =    {MIT Press},
  series =       {Conference Track Proceedings},
  title =        {Removing Noise in On-Line Search using Adaptive
                  Batch Sizes},
  volume =       9,
  year =         1996
}

@inproceedings{orr1996using,
  address =      {Denver, Colorado, USA},
  author =       {Orr, Genevieve and Leen, Todd},
  booktitle =    {Advances in Neural Information Processing Systems 9
                  (NIPS)},
  editor =       {M.C. Mozer and M. Jordan and T. Petsche},
  month =        {December},
  note =
                  {\url{https://proceedings.neurips.cc/paper_files/paper/1996/file/c4851e8e264415c4094e4e85b0baa7cc-Paper.pdf}},
  publisher =    {MIT Press},
  series =       {Conference Track Proceedings},
  title =        {Using Curvature Information for Fast Stochastic
                  Search},
  volume =       9,
  year =         1996
}

@inproceedings{padgett1996representing,
  address =      {Denver, Colorado, USA},
  author =       {Padgett, Curtis and Cottrell, Garrison W.},
  booktitle =    {Advances in Neural Information Processing Systems 9
                  (NIPS)},
  editor =       {Mozer, M.C. and Jordan, M. and Petsche, T.},
  month =        {December},
  note =
                  {\url{https://proceedings.neurips.cc/paper_files/paper/1996/file/6eb6e75fddec0218351dc5c0c8464104-Paper.pdf}},
  openalex =     {W2116836390},
  publisher =    {MIT Press},
  series =       {Conference Track Proceedings},
  title =        {Representing Face Images for Emotion Classification},
  volume =       9,
  year =         1996
}

@inproceedings{papka1996text,
  address =      {Denver, Colorado, USA},
  author =       {Papka, Ron and Callan, James P. and Barto, Andrew
                  G.},
  booktitle =    {Advances in Neural Information Processing Systems 9
                  (NIPS)},
  editor =       {M.C. Mozer and M. Jordan and T. Petsche},
  month =        {December},
  note =
                  {\url{https://proceedings.neurips.cc/paper_files/paper/1996/file/2b6d65b9a9445c4271ab9076ead5605a-Paper.pdf}},
  openalex =     {W2097879972},
  publisher =    {MIT Press},
  series =       {Conference Track Proceedings},
  title =        {Text-Based Information Retrieval Using Exponentiated
                  Gradient Descent},
  volume =       9,
  year =         1996
}

@inproceedings{parberry1996are,
  address =      {Denver, Colorado, USA},
  author =       {Parberry, Ian and Tseng, Hung-Li},
  booktitle =    {Advances in Neural Information Processing Systems 9
                  (NIPS)},
  editor =       {Mozer, M.C. and Jordan, M. and Petsche, T.},
  month =        {December},
  note =
                  {\url{https://proceedings.neurips.cc/paper_files/paper/1996/file/68a83eeb494a308fe5295da69428a507-Paper.pdf}},
  openalex =     {W2115241551},
  publisher =    {MIT Press},
  series =       {Conference Track Proceedings},
  title =        {Are Hopfield Networks Faster than Conventional
                  Computers},
  volume =       9,
  year =         1996
}

@inproceedings{pareigis1996multi,
  address =      {Denver, Colorado, USA},
  author =       {Pareigis, Stephan},
  booktitle =    {Advances in Neural Information Processing Systems 9
                  (NIPS)},
  editor =       {M.C. Mozer and M. Jordan and T. Petsche},
  month =        {December},
  note =
                  {\url{https://proceedings.neurips.cc/paper_files/paper/1996/file/f91e24dfe80012e2a7984afa4480a6d6-Paper.pdf}},
  openalex =     {W2128777402},
  publisher =    {MIT Press},
  series =       {Conference Track Proceedings},
  title =        {Multi-Grid Methods for Reinforcement Learning in
                  Controlled Diffusion Processes},
  volume =       9,
  year =         1996
}

@inproceedings{pawelzik1996orientation,
  address =      {Denver, Colorado, USA},
  author =       {Pawelzik, Klaus and Ernst, Udo and Wolf, Fred and
                  Geisel, Theo},
  booktitle =    {Advances in Neural Information Processing Systems 9
                  (NIPS)},
  editor =       {Mozer, M.C. and Jordan, M. and Petsche, T.},
  month =        {December},
  note =
                  {\url{https://proceedings.neurips.cc/paper_files/paper/1996/file/fe51510c80bfd6e5d78a164cd5b1f688-Paper.pdf}},
  openalex =     {W2109983170},
  publisher =    {MIT Press},
  series =       {Conference Track Proceedings},
  title =        {Orientation Contrast Sensitivity from Long-range
                  Interactions in Visual Cortex},
  volume =       9,
  year =         1996
}

@inproceedings{pearlmutter1996maximum,
  address =      {Denver, Colorado, USA},
  author =       {Pearlmutter, Barak A. and Parra, Lucas C.},
  booktitle =    {Advances in Neural Information Processing Systems 9
                  (NIPS)},
  editor =       {M.C. Mozer and M. Jordan and T. Petsche},
  month =        {December},
  note =
                  {\url{https://proceedings.neurips.cc/paper_files/paper/1996/file/dabd8d2ce74e782c65a973ef76fd540b-Paper.pdf}},
  openalex =     {W2125941613},
  publisher =    {MIT Press},
  series =       {Conference Track Proceedings},
  title =        {Maximum Likelihood Blind Source Separation: A
                  Context-Sensitive Generalization of ICA},
  volume =       9,
  year =         1996
}

@inproceedings{peper1996hebb,
  address =      {Denver, Colorado, USA},
  author =       {Peper, Ferdinand and Noda, Hideki},
  booktitle =    {Advances in Neural Information Processing Systems 9
                  (NIPS)},
  editor =       {M.C. Mozer and M. Jordan and T. Petsche},
  month =        {December},
  note =
                  {\url{https://proceedings.neurips.cc/paper_files/paper/1996/file/0188e8b8b014829e2fa0f430f0a95961-Paper.pdf}},
  openalex =     {W2125377350},
  publisher =    {MIT Press},
  series =       {Conference Track Proceedings},
  title =        {Hebb Learning of Features based on their Information
                  Content},
  volume =       9,
  year =         1996
}

@inproceedings{pineda1996bangs,
  address =      {Denver, Colorado, USA},
  author =       {Pineda, Fernando J. and Cauwenberghs, Gert and
                  Edwards, R.T.},
  booktitle =    {Advances in Neural Information Processing Systems 9
                  (NIPS)},
  editor =       {Mozer, M.C. and Jordan, M. and Petsche, T.},
  month =        {December},
  note =
                  {\url{https://proceedings.neurips.cc/paper_files/paper/1996/file/52292e0c763fd027c6eba6b8f494d2eb-Paper.pdf}},
  openalex =     {W2117603471},
  publisher =    {MIT Press},
  series =       {Conference Track Proceedings},
  title =        {Bangs, Clicks, Snaps, Thuds and Whacks: An
                  Architecture for Acoustic Transient Processing},
  volume =       9,
  year =         1996
}

@inproceedings{plate1996comparison,
  address =      {Denver, Colorado, USA},
  author =       {Plate, Tony and Band, Pierre and Bert, Joel and
                  Grace, John},
  booktitle =    {Advances in Neural Information Processing Systems 9
                  (NIPS)},
  editor =       {Mozer, M.C. and Jordan, M. and Petsche, T.},
  month =        {December},
  note =
                  {\url{https://proceedings.neurips.cc/paper_files/paper/1996/file/a284df1155ec3e67286080500df36a9a-Paper.pdf}},
  publisher =    {MIT Press},
  series =       {Conference Track Proceedings},
  title =        {A Comparison between Neural Networks and other
                  Statistical Techniques for Modeling the Relationship
                  between Tobacco and Alcohol and Cancer},
  volume =       9,
  year =         1996
}

@inproceedings{platt1996constructive,
  address =      {Denver, Colorado, USA},
  author =       {Platt, John and Matic, Nada},
  booktitle =    {Advances in Neural Information Processing Systems 9
                  (NIPS)},
  editor =       {M.C. Mozer and M. Jordan and T. Petsche},
  month =        {December},
  note =
                  {\url{https://proceedings.neurips.cc/paper_files/paper/1996/file/26588e932c7ccfa1df309280702fe1b5-Paper.pdf}},
  openalex =     {W2118980686},
  publisher =    {MIT Press},
  series =       {Conference Track Proceedings},
  title =        {A Constructive RBF Network for Writer Adaptation},
  volume =       9,
  year =         1996
}

@inproceedings{pollack1996did,
  address =      {Denver, Colorado, USA},
  author =       {Pollack, Jordan and Blair, Alan},
  booktitle =    {Advances in Neural Information Processing Systems 9
                  (NIPS)},
  editor =       {M.C. Mozer and M. Jordan and T. Petsche},
  month =        {December},
  note =
                  {\url{https://proceedings.neurips.cc/paper_files/paper/1996/file/459a4ddcb586f24efd9395aa7662bc7c-Paper.pdf}},
  openalex =     {W2112836703},
  publisher =    {MIT Press},
  series =       {Conference Track Proceedings},
  title =        {Why did TD-Gammon Work?},
  volume =       9,
  year =         1996
}

@inproceedings{pouget1996statistically,
  address =      {Denver, Colorado, USA},
  author =       {Pouget, Alexandre and Zhang, Kechen},
  booktitle =    {Advances in Neural Information Processing Systems 9
                  (NIPS)},
  editor =       {M.C. Mozer and M. Jordan and T. Petsche},
  month =        {December},
  note =
                  {\url{https://proceedings.neurips.cc/paper_files/paper/1996/file/f29b38f160f87ae86df31cee1982066f-Paper.pdf}},
  openalex =     {W2146661091},
  publisher =    {MIT Press},
  series =       {Conference Track Proceedings},
  title =        {Statistically Efficient Estimations Using Cortical
                  Lateral Connections},
  volume =       9,
  year =         1996
}

@inproceedings{rangarajan1996convergence,
  address =      {Denver, Colorado, USA},
  author =       {Rangarajan, Anand and Yuille, Alan and Gold, Steven
                  and Mjolsness, Eric},
  booktitle =    {Advances in Neural Information Processing Systems 9
                  (NIPS)},
  editor =       {M.C. Mozer and M. Jordan and T. Petsche},
  month =        {December},
  note =
                  {\url{https://proceedings.neurips.cc/paper_files/paper/1996/file/c8ba76c279269b1c6bc8a07e38e78fa4-Paper.pdf}},
  openalex =     {W2127078870},
  publisher =    {MIT Press},
  series =       {Conference Track Proceedings},
  title =        {A Convergence Proof for the Softassign Quadratic
                  Assignment Algorithm},
  volume =       9,
  year =         1996
}

@inproceedings{riesenhuber1996neural,
  address =      {Denver, Colorado, USA},
  author =       {Riesenhuber, Maximilian and Dayan, Peter},
  booktitle =    {Advances in Neural Information Processing Systems 9
                  (NIPS)},
  editor =       {Mozer, M.C. and Jordan, M. and Petsche, T.},
  month =        {December},
  note =
                  {\url{https://proceedings.neurips.cc/paper_files/paper/1996/file/7bccfde7714a1ebadf06c5f4cea752c1-Paper.pdf}},
  openalex =     {W2161251272},
  publisher =    {MIT Press},
  series =       {Conference Track Proceedings},
  title =        {Neural Models for Part-Whole Hierarchies},
  volume =       9,
  year =         1996
}

@inproceedings{rigoll1996new,
  address =      {Denver, Colorado, USA},
  author =       {Rigoll, Gerhard and Neukirchen, Christoph},
  booktitle =    {Advances in Neural Information Processing Systems 9
                  (NIPS)},
  editor =       {Mozer, M.C. and Jordan, M. and Petsche, T.},
  month =        {December},
  note =
                  {\url{https://proceedings.neurips.cc/paper_files/paper/1996/file/9a3d458322d70046f63dfd8b0153ece4-Paper.pdf}},
  openalex =     {W2146915677},
  publisher =    {MIT Press},
  series =       {Conference Track Proceedings},
  title =        {A New Approach to Hybrid HMM/ANN Speech Recognition
                  using Mutual Information Neural Networks},
  volume =       9,
  year =         1996
}

@inproceedings{robel1996neural,
  address =      {Denver, Colorado, USA},
  author =       {R√∂bel, Alex},
  booktitle =    {Advances in Neural Information Processing Systems 9
                  (NIPS)},
  editor =       {M.C. Mozer and M. Jordan and T. Petsche},
  month =        {December},
  note =
                  {\url{https://proceedings.neurips.cc/paper_files/paper/1996/file/fb60d411a5c5b72b2e7d3527cfc84fd0-Paper.pdf}},
  openalex =     {W2161335528},
  publisher =    {MIT Press},
  series =       {Conference Track Proceedings},
  title =        {Neural Network Modeling of Speech and Music Signals},
  volume =       9,
  year =         1996
}

@inproceedings{rohwer1996generalisation,
  address =      {Denver, Colorado, USA},
  author =       {Rohwer, Richard and Morciniec, Micha≈Ç},
  booktitle =    {Advances in Neural Information Processing Systems 9
                  (NIPS)},
  editor =       {M.C. Mozer and M. Jordan and T. Petsche},
  month =        {December},
  note =
                  {\url{https://proceedings.neurips.cc/paper_files/paper/1996/file/b24d516bb65a5a58079f0f3526c87c57-Paper.pdf}},
  openalex =     {W2155242866},
  publisher =    {MIT Press},
  series =       {Conference Track Proceedings},
  title =        {The Generalisation Cost of RAMnets},
  volume =       9,
  year =         1996
}

@inproceedings{saad1996learning,
  address =      {Denver, Colorado, USA},
  author =       {Saad, David and Solla, Sara A.},
  booktitle =    {Advances in Neural Information Processing Systems 9
                  (NIPS)},
  editor =       {M.C. Mozer and M. Jordan and T. Petsche},
  month =        {December},
  note =
                  {\url{https://proceedings.neurips.cc/paper_files/paper/1996/file/e1d5be1c7f2f456670de3d53c7b54f4a-Paper.pdf}},
  openalex =     {W2155568373},
  publisher =    {MIT Press},
  series =       {Conference Track Proceedings},
  title =        {Learning with Noise and Regularizers in Multilayer
                  Neural Networks},
  volume =       9,
  year =         1996
}

@inproceedings{sabatini1996architectural,
  address =      {Denver, Colorado, USA},
  author =       {Sabatini, Silvio P. and Solari, Fabio and Bisio,
                  Giacomo M.},
  booktitle =    {Advances in Neural Information Processing Systems 9
                  (NIPS)},
  editor =       {Mozer, M.C. and Jordan, M. and Petsche, T.},
  month =        {December},
  note =
                  {\url{https://proceedings.neurips.cc/paper_files/paper/1996/file/7d771e0e8f3633ab54856925ecdefc5d-Paper.pdf}},
  openalex =     {W2124822809},
  publisher =    {MIT Press},
  series =       {Conference Track Proceedings},
  title =        {An Architectural Mechanism for Direction-tuned
                  Cortical Simple Cells: The Role of Mutual
                  Inhibition},
  volume =       9,
  year =         1996
}

@inproceedings{saito1996second,
  address =      {Denver, Colorado, USA},
  author =       {Saito, Kazumi and Nakano, Ryohei},
  booktitle =    {Advances in Neural Information Processing Systems 9
                  (NIPS)},
  editor =       {Mozer, M.C. and Jordan, M. and Petsche, T.},
  month =        {December},
  note =
                  {\url{https://proceedings.neurips.cc/paper_files/paper/1996/file/82c2559140b95ccda9c6ca4a8b981f1e-Paper.pdf}},
  openalex =     {W2138747680},
  publisher =    {MIT Press},
  series =       {Conference Track Proceedings},
  title =        {Second-Order Learning Algorithm with Squared Penalty
                  Term},
  volume =       9,
  year =         1996
}

@inproceedings{saul1996variational,
  address =      {Denver, Colorado, USA},
  author =       {Saul, Lawrence K. and Jordan, Michael I.},
  booktitle =    {Advances in Neural Information Processing Systems 9
                  (NIPS)},
  editor =       {M.C. Mozer and M. Jordan and T. Petsche},
  month =        {December},
  note =
                  {\url{https://proceedings.neurips.cc/paper_files/paper/1996/file/018b59ce1fd616d874afad0f44ba338d-Paper.pdf}},
  openalex =     {W2123911885},
  publisher =    {MIT Press},
  series =       {Conference Track Proceedings},
  title =        {A Variational Principle for Model-based Morphing},
  volume =       9,
  year =         1996
}

@inproceedings{schaal1996learning,
  address =      {Denver, Colorado, USA},
  author =       {P√°stor, Peter and Hoffmann, H. and Asfour, Tamim and
                  Schaal, Stefan},
  booktitle =    {Advances in Neural Information Processing Systems 9
                  (NIPS)},
  editor =       {Mozer, M.C. and Jordan, M. and Petsche, T.},
  month =        {December},
  note =
                  {\url{https://proceedings.neurips.cc/paper_files/paper/1996/file/68d13cf26c4b4f4f932e3eff990093ba-Paper.pdf}},
  openalex =     {W2161395589},
  publisher =    {MIT Press},
  series =       {Conference Track Proceedings},
  title =        {Learning and generalization of motor skills by
                  learning from demonstration},
  volume =       9,
  year =         1996
}

@inproceedings{schneider1996exploiting,
  address =      {Denver, Colorado, USA},
  author =       {Schneider, Jeff},
  booktitle =    {Advances in Neural Information Processing Systems 9
                  (NIPS)},
  editor =       {Mozer, M.C. and Jordan, M. and Petsche, T.},
  month =        {December},
  note =
                  {\url{https://proceedings.neurips.cc/paper_files/paper/1996/file/93fb9d4b16aa750c7475b6d601c35c2c-Paper.pdf}},
  openalex =     {W2139769245},
  publisher =    {MIT Press},
  series =       {Conference Track Proceedings},
  title =        {Exploiting Model Uncertainty Estimates for Safe
                  Dynamic Control Learning},
  volume =       9,
  year =         1996
}

@inproceedings{sill1996monotonicity,
  address =      {Denver, Colorado, USA},
  author =       {Sill, Joseph and Abu‚ÄêMostafa, Yaser S.},
  booktitle =    {Advances in Neural Information Processing Systems 9
                  (NIPS)},
  editor =       {M.C. Mozer and M. Jordan and T. Petsche},
  month =        {December},
  note =
                  {\url{https://proceedings.neurips.cc/paper_files/paper/1996/file/c850371fda6892fbfd1c5a5b457e5777-Paper.pdf}},
  openalex =     {W2293457282},
  publisher =    {MIT Press},
  series =       {Conference Track Proceedings},
  title =        {Monotonicity Hints},
  volume =       9,
  year =         1996
}

@inproceedings{singer1996training,
  address =      {Denver, Colorado, USA},
  author =       {Singer, Yoram and Warmuth, Manfred K.},
  booktitle =    {Advances in Neural Information Processing Systems 9
                  (NIPS)},
  editor =       {Mozer, M.C. and Jordan, M. and Petsche, T.},
  month =        {December},
  note =
                  {\url{https://proceedings.neurips.cc/paper_files/paper/1996/file/7eb3c8be3d411e8ebfab08eba5f49632-Paper.pdf}},
  openalex =     {W2164715647},
  publisher =    {MIT Press},
  series =       {Conference Track Proceedings},
  title =        {Training Algorithms for Hidden Markov Models using
                  Entropy Based Distance Functions},
  volume =       9,
  year =         1996
}

@inproceedings{singh1996analytical,
  address =      {Denver, Colorado, USA},
  author =       {Singh, Satinder and Dayan, Peter},
  booktitle =    {Advances in Neural Information Processing Systems 9
                  (NIPS)},
  editor =       {M.C. Mozer and M. Jordan and T. Petsche},
  month =        {December},
  note =
                  {\url{https://proceedings.neurips.cc/paper_files/paper/1996/file/242c100dc94f871b6d7215b868a875f8-Paper.pdf}},
  publisher =    {MIT Press},
  series =       {Conference Track Proceedings},
  title =        {Analytical Mean Squared Error Curves in Temporal
                  Difference Learning},
  volume =       9,
  year =         1996
}

@inproceedings{singh1996reinforcement,
  address =      {Denver, Colorado, USA},
  author =       {Singh, Satinder and Bertsekas, Dimitri P.},
  booktitle =    {Advances in Neural Information Processing Systems 9
                  (NIPS)},
  editor =       {M.C. Mozer and M. Jordan and T. Petsche},
  month =        {December},
  note =
                  {\url{https://proceedings.neurips.cc/paper_files/paper/1996/file/3948ead63a9f2944218de038d8934305-Paper.pdf}},
  openalex =     {W2169022337},
  publisher =    {MIT Press},
  series =       {Conference Track Proceedings},
  title =        {Reinforcement Learning for Dynamic Channel
                  Allocation in Cellular Telephone Systems},
  volume =       9,
  year =         1996
}

@inproceedings{smyth1996clustering,
  address =      {Denver, Colorado, USA},
  author =       {Smyth, Padhraic},
  booktitle =    {Advances in Neural Information Processing Systems 9
                  (NIPS)},
  editor =       {Mozer, M.C. and Jordan, M. and Petsche, T.},
  month =        {December},
  note =
                  {\url{https://proceedings.neurips.cc/paper_files/paper/1996/file/6a61d423d02a1c56250dc23ae7ff12f3-Paper.pdf}},
  openalex =     {W2132875213},
  publisher =    {MIT Press},
  series =       {Conference Track Proceedings},
  title =        {Clustering Sequences with Hidden Markov Models},
  volume =       9,
  year =         1996
}

@inproceedings{sollich1996online,
  address =      {Denver, Colorado, USA},
  author =       {Sollich, Peter and Barber, David},
  booktitle =    {Advances in Neural Information Processing Systems 9
                  (NIPS)},
  editor =       {M.C. Mozer and M. Jordan and T. Petsche},
  month =        {December},
  note =
                  {\url{https://proceedings.neurips.cc/paper_files/paper/1996/file/c1e39d912d21c91dce811d6da9929ae8-Paper.pdf}},
  openalex =     {W2109428726},
  publisher =    {MIT Press},
  series =       {Conference Track Proceedings},
  title =        {Online Learning from Finite Training Sets: An
                  Analytical Case Study},
  volume =       9,
  year =         1996
}

@inproceedings{sona1996constructive,
  address =      {Denver, Colorado, USA},
  author =       {Sona, Diego and Sperduti, Alessandro and Starita,
                  Antonina},
  booktitle =    {Advances in Neural Information Processing Systems 9
                  (NIPS)},
  editor =       {Mozer, M.C. and Jordan, M. and Petsche, T.},
  month =        {December},
  note =
                  {\url{https://proceedings.neurips.cc/paper_files/paper/1996/file/81dc9bdb52d04dc20036dbd8313ed055-Paper.pdf}},
  openalex =     {W2141871293},
  publisher =    {MIT Press},
  series =       {Conference Track Proceedings},
  title =        {A Constructive Learning Algorithm for Discriminant
                  Tangent Models},
  volume =       9,
  year =         1996
}

@inproceedings{stahlberger1996fast,
  address =      {Denver, Colorado, USA},
  author =       {Stahlberger, Achim and Riedmiller, Martin},
  booktitle =    {Advances in Neural Information Processing Systems 9
                  (NIPS)},
  editor =       {M.C. Mozer and M. Jordan and T. Petsche},
  month =        {December},
  note =
                  {\url{https://proceedings.neurips.cc/paper_files/paper/1996/file/e034fb6b66aacc1d48f445ddfb08da98-Paper.pdf}},
  openalex =     {W2098016524},
  publisher =    {MIT Press},
  series =       {Conference Track Proceedings},
  title =        {Fast Network Pruning and Feature Extraction by using
                  the Unit-OBS Algorithm},
  volume =       9,
  year =         1996
}

@inproceedings{stensmo1996learning,
  address =      {Denver, Colorado, USA},
  author =       {Stensmo, Magnus and Sejnowski, Terrence J.},
  booktitle =    {Advances in Neural Information Processing Systems 9
                  (NIPS)},
  editor =       {Mozer, M.C. and Jordan, M. and Petsche, T.},
  month =        {December},
  note =
                  {\url{https://proceedings.neurips.cc/paper_files/paper/1996/file/5680522b8e2bb01943234bce7bf84534-Paper.pdf}},
  openalex =     {W2165119135},
  publisher =    {MIT Press},
  series =       {Conference Track Proceedings},
  title =        {Learning Decision Theoretic Utilities through
                  Reinforcement Learning},
  volume =       9,
  year =         1996
}

@inproceedings{tang1996cholinergic,
  address =      {Denver, Colorado, USA},
  author =       {Tang, Akaysha C. and Bartels, Andreas and Sejnowski,
                  Terrence J.},
  booktitle =    {Advances in Neural Information Processing Systems 9
                  (NIPS)},
  editor =       {M.C. Mozer and M. Jordan and T. Petsche},
  month =        {December},
  note =
                  {\url{https://proceedings.neurips.cc/paper_files/paper/1996/file/1ee3dfcd8a0645a25a35977997223d22-Paper.pdf}},
  openalex =     {W2151037517},
  publisher =    {MIT Press},
  series =       {Conference Track Proceedings},
  title =        {Cholinergic Modulation Preserves Spike Timing Under
                  Physiologically Realistic Fluctuating Input},
  volume =       9,
  year =         1996
}

@inproceedings{tenenbaum1996separating,
  address =      {Denver, Colorado, USA},
  author =       {Tenenbaum, Joshua B. and Freeman, William T.},
  booktitle =    {Advances in Neural Information Processing Systems 9
                  (NIPS)},
  editor =       {Mozer, M.C. and Jordan, M. and Petsche, T.},
  month =        {December},
  note =
                  {\url{https://proceedings.neurips.cc/paper_files/paper/1996/file/70222949cc0db89ab32c9969754d4758-Paper.pdf}},
  openalex =     {W2170653751},
  publisher =    {MIT Press},
  series =       {Conference Track Proceedings},
  title =        {Separating Style and Content with Bilinear Models},
  volume =       9,
  year =         1996
}

@inproceedings{tesauro1996on,
  address =      {Denver, Colorado, USA},
  author =       {Tesauro, Gerald and Galperin, Gregory R.},
  booktitle =    {Advances in Neural Information Processing Systems 9
                  (NIPS)},
  editor =       {Mozer, M.C. and Jordan, M. and Petsche, T.},
  month =        {December},
  note =
                  {\url{https://proceedings.neurips.cc/paper_files/paper/1996/file/996009f2374006606f4c0b0fda878af1-Paper.pdf}},
  openalex =     {W2135997697},
  publisher =    {MIT Press},
  series =       {Conference Track Proceedings},
  title =        {On-line Policy Improvement using Monte-Carlo Search},
  volume =       9,
  year =         1996
}

@inproceedings{thorpe1996rapid,
  address =      {Denver, Colorado, USA},
  author =       {Thorpe, Simon J. and Gautrais, Jacques},
  booktitle =    {Advances in Neural Information Processing Systems 9
                  (NIPS)},
  editor =       {M.C. Mozer and M. Jordan and T. Petsche},
  month =        {December},
  note =
                  {\url{https://proceedings.neurips.cc/paper_files/paper/1996/file/fd5c905bcd8c3348ad1b35d7231ee2b1-Paper.pdf}},
  openalex =     {W2155789201},
  publisher =    {MIT Press},
  series =       {Conference Track Proceedings},
  title =        {Rapid Visual Processing using Spike Asynchrony},
  volume =       9,
  year =         1996
}

@inproceedings{todorov1996model,
  address =      {Denver, Colorado, USA},
  author =       {Todorov, Emanuel and Siapas, Athanassios G. and
                  Somers, David C.},
  booktitle =    {Advances in Neural Information Processing Systems 9
                  (NIPS)},
  editor =       {M.C. Mozer and M. Jordan and T. Petsche},
  month =        {December},
  note =
                  {\url{https://proceedings.neurips.cc/paper_files/paper/1996/file/3bf55bbad370a8fcad1d09b005e278c2-Paper.pdf}},
  openalex =     {W2133713135},
  publisher =    {MIT Press},
  series =       {Conference Track Proceedings},
  title =        {A Model of Recurrent Interactions in Primary Visual
                  Cortex},
  volume =       9,
  year =         1996
}

@inproceedings{tresp1996early,
  address =      {Denver, Colorado, USA},
  author =       {Tresp, Volker and Neuneier, Ralph and Zimmermann,
                  Hans-Georg},
  booktitle =    {Advances in Neural Information Processing Systems 9
                  (NIPS)},
  editor =       {M.C. Mozer and M. Jordan and T. Petsche},
  month =        {December},
  note =
                  {\url{https://proceedings.neurips.cc/paper_files/paper/1996/file/2ac2406e835bd49c70469acae337d292-Paper.pdf}},
  openalex =     {W2172139732},
  publisher =    {MIT Press},
  series =       {Conference Track Proceedings},
  title =        {Early Brain Damage},
  volume =       9,
  year =         1996
}

@inproceedings{tsitsiklis1996analysis,
  address =      {Denver, Colorado, USA},
  author =       {Tsitsiklis, John N. and Roy, Benjamin Van},
  booktitle =    {Advances in Neural Information Processing Systems 9
                  (NIPS)},
  editor =       {M.C. Mozer and M. Jordan and T. Petsche},
  month =        {December},
  note =
                  {\url{https://proceedings.neurips.cc/paper_files/paper/1996/file/e00406144c1e7e35240afed70f34166a-Paper.pdf}},
  openalex =     {W2139418546},
  publisher =    {MIT Press},
  series =       {Conference Track Proceedings},
  title =        {An analysis of temporal-difference learning with
                  function approximation},
  volume =       9,
  year =         1996
}

@inproceedings{tsitsiklis1996approximate,
  address =      {Denver, Colorado, USA},
  author =       {Tsitsiklis, John N. and Roy, Benjamin Van},
  booktitle =    {Advances in Neural Information Processing Systems 9
                  (NIPS)},
  editor =       {M.C. Mozer and M. Jordan and T. Petsche},
  month =        {December},
  note =
                  {\url{https://proceedings.neurips.cc/paper_files/paper/1996/file/286674e3082feb7e5afb92777e48821f-Paper.pdf}},
  openalex =     {W2145182198},
  publisher =    {MIT Press},
  series =       {Conference Track Proceedings},
  title =        {Approximate Solutions to Optimal Stopping Problems},
  volume =       9,
  year =         1996
}

@inproceedings{tumer1996spectroscopic,
  address =      {Denver, Colorado, USA},
  author =       {Tumer, Kagan and Ramanujam, Nirmala and
                  Richards‚ÄêKortum, Rebecca and Ghosh, Joydeep},
  booktitle =    {Advances in Neural Information Processing Systems 9
                  (NIPS)},
  editor =       {Mozer, M.C. and Jordan, M. and Petsche, T.},
  month =        {December},
  note =
                  {\url{https://proceedings.neurips.cc/paper_files/paper/1996/file/944bdd9636749a0801c39b6e449dbedc-Paper.pdf}},
  openalex =     {W2118353561},
  publisher =    {MIT Press},
  series =       {Conference Track Proceedings},
  title =        {Spectroscopic Detection of Cervical Pre-Cancer
                  through Radial Basis Function Networks},
  volume =       9,
  year =         1996
}

@inproceedings{van1996silicon,
  address =      {Denver, Colorado, USA},
  author =       {Schaik, Andr√© van and Fragni√®re, Eric and Vittoz,
                  Eric A.},
  booktitle =    {Advances in Neural Information Processing Systems 9
                  (NIPS)},
  editor =       {M.C. Mozer and M. Jordan and T. Petsche},
  month =        {December},
  note =
                  {\url{https://proceedings.neurips.cc/paper_files/paper/1996/file/0ce2ffd21fc958d9ef0ee9ba5336e357-Paper.pdf}},
  openalex =     {W2144860194},
  publisher =    {MIT Press},
  series =       {Conference Track Proceedings},
  title =        {A Silicon Model of Amplitude Modulation Detection in
                  the Auditory Brainstem},
  volume =       9,
  year =         1996
}

@inproceedings{vapnik1996support,
  address =      {Denver, Colorado, USA},
  author =       {Vapnik, Vladimir and Golowich, Steven E. and Smola,
                  Alex},
  booktitle =    {Advances in Neural Information Processing Systems 9
                  (NIPS)},
  editor =       {Mozer, M.C. and Jordan, M. and Petsche, T.},
  month =        {December},
  note =
                  {\url{https://proceedings.neurips.cc/paper_files/paper/1996/file/4f284803bd0966cc24fa8683a34afc6e-Paper.pdf}},
  openalex =     {W2123737232},
  publisher =    {MIT Press},
  series =       {Conference Track Proceedings},
  title =        {Support Vector Method for Function Approximation,
                  Regression Estimation and Signal Processing},
  volume =       9,
  year =         1996
}

@inproceedings{wan1996dual,
  address =      {Denver, Colorado, USA},
  author =       {Wan, Eric and Nelson, Alex},
  booktitle =    {Advances in Neural Information Processing Systems 9
                  (NIPS)},
  editor =       {M.C. Mozer and M. Jordan and T. Petsche},
  month =        {December},
  note =
                  {\url{https://proceedings.neurips.cc/paper_files/paper/1996/file/147702db07145348245dc5a2f2fe5683-Paper.pdf}},
  publisher =    {MIT Press},
  series =       {Conference Track Proceedings},
  title =        {Dual Kalman Filtering Methods for Nonlinear
                  Prediction, Smoothing and Estimation},
  volume =       9,
  year =         1996
}

@inproceedings{wan1996interpolating,
  address =      {Denver, Colorado, USA},
  author =       {Wan, Ernest and Bone, Don},
  booktitle =    {Advances in Neural Information Processing Systems 9
                  (NIPS)},
  editor =       {M.C. Mozer and M. Jordan and T. Petsche},
  month =        {December},
  note =
                  {\url{https://proceedings.neurips.cc/paper_files/paper/1996/file/f09696910bdd874a99cd74c8f05b5c44-Paper.pdf}},
  publisher =    {MIT Press},
  series =       {Conference Track Proceedings},
  title =        {Interpolating Earth-science Data using RBF Networks
                  and Mixtures of Experts},
  volume =       9,
  year =         1996
}

@inproceedings{waterhouse1996ensemble,
  address =      {Denver, Colorado, USA},
  author =       {Waterhouse, Steve R. and Cook, Gary},
  booktitle =    {Advances in Neural Information Processing Systems 9
                  (NIPS)},
  editor =       {M.C. Mozer and M. Jordan and T. Petsche},
  month =        {December},
  note =
                  {\url{https://proceedings.neurips.cc/paper_files/paper/1996/file/da11e8cd1811acb79ccf0fd62cd58f86-Paper.pdf}},
  openalex =     {W2150037445},
  publisher =    {MIT Press},
  series =       {Conference Track Proceedings},
  title =        {Ensemble Methods for Phoneme Classification},
  volume =       9,
  year =         1996
}

@inproceedings{weiss1996interpreting,
  address =      {Denver, Colorado, USA},
  author =       {Weiss, Yair},
  booktitle =    {Advances in Neural Information Processing Systems 9
                  (NIPS)},
  editor =       {M.C. Mozer and M. Jordan and T. Petsche},
  month =        {December},
  note =
                  {\url{https://proceedings.neurips.cc/paper_files/paper/1996/file/4476b929e30dd0c4e8bdbcc82c6ba23a-Paper.pdf}},
  openalex =     {W2159938933},
  publisher =    {MIT Press},
  series =       {Conference Track Proceedings},
  title =        {Interpreting Images by Propagating Bayesian Beliefs},
  volume =       9,
  year =         1996
}

@inproceedings{west1996learning,
  address =      {Denver, Colorado, USA},
  author =       {West, Ansgar and Saad, David and Nabney, Ian},
  booktitle =    {Advances in Neural Information Processing Systems 9
                  (NIPS)},
  editor =       {M.C. Mozer and M. Jordan and T. Petsche},
  month =        {December},
  note =
                  {\url{https://proceedings.neurips.cc/paper_files/paper/1996/file/e3251075554389fe91d17a794861d47b-Paper.pdf}},
  publisher =    {MIT Press},
  series =       {Conference Track Proceedings},
  title =        {The Learning Dynamcis of a Universal Approximator},
  volume =       9,
  year =         1996
}

@inproceedings{williams1996computing,
  address =      {Denver, Colorado, USA},
  author =       {Williams, Christopher K. I.},
  booktitle =    {Advances in Neural Information Processing Systems 9
                  (NIPS)},
  editor =       {M.C. Mozer and M. Jordan and T. Petsche},
  month =        {December},
  note =
                  {\url{https://proceedings.neurips.cc/paper_files/paper/1996/file/ae5e3ce40e0404a45ecacaaf05e5f735-Paper.pdf}},
  openalex =     {W2154087390},
  publisher =    {MIT Press},
  series =       {Conference Track Proceedings},
  title =        {Computing with Infinite Networks},
  volume =       9,
  year =         1996
}

@inproceedings{wong1996microscopic,
  address =      {Denver, Colorado, USA},
  author =       {Wong, K. Y. Michael},
  booktitle =    {Advances in Neural Information Processing Systems 9
                  (NIPS)},
  editor =       {Mozer, M.C. and Jordan, M. and Petsche, T.},
  month =        {December},
  note =
                  {\url{https://proceedings.neurips.cc/paper_files/paper/1996/file/83f97f4825290be4cb794ec6a234595f-Paper.pdf}},
  openalex =     {W2124077701},
  publisher =    {MIT Press},
  series =       {Conference Track Proceedings},
  title =        {Microscopic Equations in Rough Energy Landscape for
                  Neural Networks},
  volume =       9,
  year =         1996
}

@inproceedings{wu1996multi,
  address =      {Denver, Colorado, USA},
  author =       {Wu, Lizhong and Moody, John},
  booktitle =    {Advances in Neural Information Processing Systems 9
                  (NIPS)},
  editor =       {Mozer, M.C. and Jordan, M. and Petsche, T.},
  month =        {December},
  note =
                  {\url{https://proceedings.neurips.cc/paper_files/paper/1996/file/838e8afb1ca34354ac209f53d90c3a43-Paper.pdf}},
  openalex =     {W2130489569},
  publisher =    {MIT Press},
  series =       {Conference Track Proceedings},
  title =        {Multi-effect Decompositions for Financial Data
                  Modeling},
  volume =       9,
  year =         1996
}

@inproceedings{yaeger1996effective,
  address =      {Denver, Colorado, USA},
  author =       {Yaeger, Larry and Lyon, Richard F. and Webb, Brandyn
                  J.},
  booktitle =    {Advances in Neural Information Processing Systems 9
                  (NIPS)},
  editor =       {Mozer, M.C. and Jordan, M. and Petsche, T.},
  month =        {December},
  note =
                  {\url{https://proceedings.neurips.cc/paper_files/paper/1996/file/81e5f81db77c596492e6f1a5a792ed53-Paper.pdf}},
  openalex =     {W2166469100},
  publisher =    {MIT Press},
  series =       {Conference Track Proceedings},
  title =        {Effective Training of a Neural Network Character
                  Classifier for Word Recognition},
  volume =       9,
  year =         1996
}

@inproceedings{yen1996salient,
  address =      {Denver, Colorado, USA},
  author =       {Yen, Shih‚ÄêCheng and Finkel, Leif H.},
  booktitle =    {Advances in Neural Information Processing Systems 9
                  (NIPS)},
  editor =       {Mozer, M.C. and Jordan, M. and Petsche, T.},
  month =        {December},
  note =
                  {\url{https://proceedings.neurips.cc/paper_files/paper/1996/file/535ab76633d94208236a2e829ea6d888-Paper.pdf}},
  openalex =     {W2154140092},
  publisher =    {MIT Press},
  series =       {Conference Track Proceedings},
  title =        {Salient Contour Extraction by Temporal Binding in a
                  Cortically-based Network},
  volume =       9,
  year =         1996
}

@inproceedings{zeevi1996time,
  address =      {Denver, Colorado, USA},
  author =       {Zeevi, Assaf and Meir, Ron and Adler, Robert J.},
  booktitle =    {Advances in Neural Information Processing Systems 9
                  (NIPS)},
  editor =       {M.C. Mozer and M. Jordan and T. Petsche},
  month =        {December},
  note =
                  {\url{https://proceedings.neurips.cc/paper_files/paper/1996/file/491442df5f88c6aa018e86dac21d3606-Paper.pdf}},
  openalex =     {W2168020547},
  publisher =    {MIT Press},
  series =       {Conference Track Proceedings},
  title =        {Time Series Prediction using Mixtures of Experts},
  volume =       9,
  year =         1996
}

@inproceedings{zemel1996probabilistic,
  address =      {Denver, Colorado, USA},
  author =       {Zemel, Richard S. and Dayan, Peter and Pouget,
                  Alexandre},
  booktitle =    {Advances in Neural Information Processing Systems 9
                  (NIPS)},
  editor =       {M.C. Mozer and M. Jordan and T. Petsche},
  month =        {December},
  note =
                  {\url{https://proceedings.neurips.cc/paper_files/paper/1996/file/bb7946e7d85c81a9e69fee1cea4a087c-Paper.pdf}},
  openalex =     {W1985162039},
  publisher =    {MIT Press},
  series =       {Conference Track Proceedings},
  title =        {Probabilistic Interpretation of Population Codes},
  volume =       9,
  year =         1996
}
