@inproceedings{andre1997generalized,
  address = {Denver, Colorado, USA},
  author = {André, David and Friedman, Nir and Parr, Ronald},
  booktitle = {Advances in Neural Information Processing Systems 10 (NIPS)},
  editor = {Jordan, M. and Kearns, M. and Solla, S.},
  month = {December},
  note = {\url{https://proceedings.neurips.cc/paper_files/paper/1997/file/7b5b23f4aadf9513306bcd59afb6e4c9-Paper.pdf}},
  openalex = {W2159420891},
  publisher = {MIT Press},
  series = {Conference Track Proceedings},
  title = {Generalized Prioritized Sweeping},
  volume = {10},
  year = {1997}
}

@inproceedings{atkeson1997nonparametric,
  address = {Denver, Colorado, USA},
  author = {Atkeson, Christopher G.},
  booktitle = {Advances in Neural Information Processing Systems 10 (NIPS)},
  editor = {Jordan, M. and Kearns, M. and Solla, S.},
  month = {December},
  note = {\url{https://proceedings.neurips.cc/paper_files/paper/1997/file/97275a23ca44226c9964043c8462be96-Paper.pdf}},
  openalex = {W2115450028},
  publisher = {MIT Press},
  series = {Conference Track Proceedings},
  title = {Nonparametric Model-Based Reinforcement Learning},
  volume = {10},
  year = {1997}
}

@inproceedings{attias1997coding,
  address = {Denver, Colorado, USA},
  author = {Attias, Hagai and Schreiner, Christoph E.},
  booktitle = {Advances in Neural Information Processing Systems 10 (NIPS)},
  editor = {Jordan, M. and Kearns, M. and Solla, S.},
  month = {December},
  note = {\url{https://proceedings.neurips.cc/paper_files/paper/1997/file/9701a1c165dd9420816bfec5edd6c2b1-Paper.pdf}},
  openalex = {W2135789708},
  publisher = {MIT Press},
  series = {Conference Track Proceedings},
  title = {Coding of Naturalistic Stimuli by Auditory Midbrain Neurons},
  volume = {10},
  year = {1997}
}

@inproceedings{baird1997synchronized,
  address = {Denver, Colorado, USA},
  author = {Baird, Bill},
  booktitle = {Advances in Neural Information Processing Systems 10 (NIPS)},
  editor = {M. Jordan and M. Kearns and S. Solla},
  month = {December},
  note = {\url{https://proceedings.neurips.cc/paper_files/paper/1997/file/f0dd4a99fba6075a9494772b58f95280-Paper.pdf}},
  openalex = {W2155273881},
  publisher = {MIT Press},
  series = {Conference Track Proceedings},
  title = {Synchronized Auditory and Cognitive 40 Hz Attentional Streams, and the Impact of Rhythmic Expectation on Auditory Scene Analysis},
  volume = {10},
  year = {1997}
}

@inproceedings{baluja1997using,
  address = {Denver, Colorado, USA},
  author = {aluja, Shumeet},
  booktitle = {Advances in Neural Information Processing Systems 10 (NIPS)},
  editor = {Jordan, M. and Kearns, M. and Solla, S.},
  month = {December},
  note = {\url{https://proceedings.neurips.cc/paper_files/paper/1997/file/8d9a0adb7c204239c9635426f35c9522-Paper.pdf}},
  openalex = {W3150356128},
  publisher = {MIT Press},
  series = {Conference Track Proceedings},
  title = {Using Expectation to Guide Processing: A Study of Three Real-World Applications},
  volume = {10},
  year = {1997}
}

@inproceedings{barber1997ensemble,
  address = {Denver, Colorado, USA},
  author = {Barber, David and Bishop, Christopher},
  booktitle = {Advances in Neural Information Processing Systems 10 (NIPS)},
  editor = {M. Jordan and M. Kearns and S. Solla},
  month = {December},
  note = {\url{https://proceedings.neurips.cc/paper_files/paper/1997/file/e816c635cad85a60fabd6b97b03cbcc9-Paper.pdf}},
  publisher = {MIT Press},
  series = {Conference Track Proceedings},
  title = {Ensemble Learning for Multi-Layer Networks},
  volume = {10},
  year = {1997}
}

@inproceedings{barber1997radial,
  address = {Denver, Colorado, USA},
  author = {Barber, David and Schottky, Bernhard},
  booktitle = {Advances in Neural Information Processing Systems 10 (NIPS)},
  editor = {Jordan, M. and Kearns, M. and Solla, S.},
  month = {December},
  note = {\url{https://proceedings.neurips.cc/paper_files/paper/1997/file/6786f3c62fbf9021694f6e51cc07fe3c-Paper.pdf}},
  openalex = {W2158204126},
  publisher = {MIT Press},
  series = {Conference Track Proceedings},
  title = {Radial Basis Functions: A Bayesian Treatment},
  volume = {10},
  year = {1997}
}

@inproceedings{baxter1997canonical,
  address = {Denver, Colorado, USA},
  author = {Baxter, Jonathan and Bartlett, Peter L.},
  booktitle = {Advances in Neural Information Processing Systems 10 (NIPS)},
  editor = {M. Jordan and M. Kearns and S. Solla},
  month = {December},
  note = {\url{https://proceedings.neurips.cc/paper_files/paper/1997/file/c26820b8a4c1b3c2aa868d6d57e14a79-Paper.pdf}},
  openalex = {W2159364980},
  publisher = {MIT Press},
  series = {Conference Track Proceedings},
  title = {The Canonical Distortion Measure in Feature Space and 1-NN Classification},
  volume = {10},
  year = {1997}
}

@inproceedings{bengio1997shared,
  address = {Denver, Colorado, USA},
  author = {Bengio, Yoshua and Bengio, Samy and Isabelle, Jean-Franc and Singer, Yoram},
  booktitle = {Advances in Neural Information Processing Systems 10 (NIPS)},
  editor = {M. Jordan and M. Kearns and S. Solla},
  month = {December},
  note = {\url{https://proceedings.neurips.cc/paper_files/paper/1997/file/bad5f33780c42f2588878a9d07405083-Paper.pdf}},
  openalex = {W2099876072},
  publisher = {MIT Press},
  series = {Conference Track Proceedings},
  title = {Shared Context Probabilistic Transducers},
  volume = {10},
  year = {1997}
}

@inproceedings{berry1997refractoriness,
  address = {Denver, Colorado, USA},
  author = {Berry, Michael J. and Meister, Markus},
  booktitle = {Advances in Neural Information Processing Systems 10 (NIPS)},
  editor = {Jordan, M. and Kearns, M. and Solla, S.},
  month = {December},
  note = {\url{https://proceedings.neurips.cc/paper_files/paper/1997/file/95151403b0db4f75bfd8da0b393af853-Paper.pdf}},
  openalex = {W1694767778},
  publisher = {MIT Press},
  series = {Conference Track Proceedings},
  title = {Refractoriness and Neural Precision},
  volume = {10},
  year = {1997}
}

@inproceedings{bishop1997approximating,
  address = {Denver, Colorado, USA},
  author = {Bishop, Christopher and Lawrence, Neil and Jaakkola, Tommi and Jordan, Michael},
  booktitle = {Advances in Neural Information Processing Systems 10 (NIPS)},
  editor = {M. Jordan and M. Kearns and S. Solla},
  month = {December},
  note = {\url{https://proceedings.neurips.cc/paper_files/paper/1997/file/c0826819636026dd1f3674774f06c51d-Paper.pdf}},
  publisher = {MIT Press},
  series = {Conference Track Proceedings},
  title = {Approximating Posterior Distributions in Belief Networks Using Mixtures},
  volume = {10},
  year = {1997}
}

@inproceedings{blais1997receptive,
  address = {Denver, Colorado, USA},
  author = {Blais, Brian S. and Intrator, Nathan and Shouval, Harel Z. and Cooper, Leon N.},
  booktitle = {Advances in Neural Information Processing Systems 10 (NIPS)},
  editor = {M. Jordan and M. Kearns and S. Solla},
  month = {December},
  note = {\url{https://proceedings.neurips.cc/paper_files/paper/1997/file/4dcae38ee11d3a6606cc6cd636a3628b-Paper.pdf}},
  openalex = {W2167275700},
  publisher = {MIT Press},
  series = {Conference Track Proceedings},
  title = {Receptive Field Formation in Natural Scene Environments: Comparison of Single-Cell Learning Rules},
  volume = {10},
  year = {1997}
}

@inproceedings{bohossian1997multiple,
  address = {Denver, Colorado, USA},
  author = {Bohossian, Vasken and Bruck, Jehoshua},
  booktitle = {Advances in Neural Information Processing Systems 10 (NIPS)},
  editor = {M. Jordan and M. Kearns and S. Solla},
  month = {December},
  note = {\url{https://proceedings.neurips.cc/paper_files/paper/1997/file/0966289037ad9846c5e994be2a91bafa-Paper.pdf}},
  openalex = {W2149840875},
  publisher = {MIT Press},
  series = {Conference Track Proceedings},
  title = {Multiple Threshold Neural Logic},
  volume = {10},
  year = {1997}
}

@inproceedings{burger1997annealed,
  address = {Denver, Colorado, USA},
  author = {Burger, Matthias and Graepel, Thore and Obermayer, Klaus},
  booktitle = {Advances in Neural Information Processing Systems 10 (NIPS)},
  editor = {Jordan, M. and Kearns, M. and Solla, S.},
  month = {December},
  note = {\url{https://proceedings.neurips.cc/paper_files/paper/1997/file/8fb5f8be2aa9d6c64a04e3ab9f63feee-Paper.pdf}},
  openalex = {W2151689057},
  publisher = {MIT Press},
  series = {Conference Track Proceedings},
  title = {An Annealed Self-Organizing Map for Source Channel Coding},
  volume = {10},
  year = {1997}
}

@inproceedings{cataltepe1997incorporating,
  address = {Denver, Colorado, USA},
  author = {Çataltepe, Zehra and Magdon‐Ismail, Malik},
  booktitle = {Advances in Neural Information Processing Systems 10 (NIPS)},
  editor = {M. Jordan and M. Kearns and S. Solla},
  month = {December},
  note = {\url{https://proceedings.neurips.cc/paper_files/paper/1997/file/0e55666a4ad822e0e34299df3591d979-Paper.pdf}},
  openalex = {W2158009322},
  publisher = {MIT Press},
  series = {Conference Track Proceedings},
  title = {Incorporating Test Inputs into Learning},
  volume = {10},
  year = {1997}
}

@inproceedings{chien1997on,
  address = {Denver, Colorado, USA},
  author = {Chien, Steve and Stechert, Andre and Mutz, D.},
  booktitle = {Advances in Neural Information Processing Systems 10 (NIPS)},
  editor = {M. Jordan and M. Kearns and S. Solla},
  month = {December},
  note = {\url{https://proceedings.neurips.cc/paper_files/paper/1997/file/0c0a7566915f4f24853fc4192689aa7e-Paper.pdf}},
  openalex = {W2160480776},
  publisher = {MIT Press},
  series = {Conference Track Proceedings},
  title = {On Efficient Heuristic Ranking of Hypotheses},
  volume = {10},
  year = {1997}
}

@inproceedings{cohen1997learning,
  address = {Denver, Colorado, USA},
  author = {Cohen, William W. and Schapire, Robert E. and Singer, Yoram},
  booktitle = {Advances in Neural Information Processing Systems 10 (NIPS)},
  editor = {M. Jordan and M. Kearns and S. Solla},
  month = {December},
  note = {\url{https://proceedings.neurips.cc/paper_files/paper/1997/file/e11943a6031a0e6114ae69c257617980-Paper.pdf}},
  openalex = {W2949822670},
  publisher = {MIT Press},
  series = {Conference Track Proceedings},
  title = {Learning to Order Things},
  volume = {10},
  year = {1997}
}

@inproceedings{cohen1997on,
  address = {Denver, Colorado, USA},
  author = {Cohen, Eyal and Ruppin, Eytan},
  booktitle = {Advances in Neural Information Processing Systems 10 (NIPS)},
  editor = {Jordan, M. and Kearns, M. and Solla, S.},
  month = {December},
  note = {\url{https://proceedings.neurips.cc/paper_files/paper/1997/file/980ecd059122ce2e50136bda65c25e07-Paper.pdf}},
  openalex = {W2112542030},
  publisher = {MIT Press},
  series = {Conference Track Proceedings},
  title = {On Parallel versus Serial Processing: A Computational Study of Visual Search},
  volume = {10},
  year = {1997}
}

@inproceedings{cross1997recovering,
  address = {Denver, Colorado, USA},
  author = {Cross, Andrew and Hancock, Edwin},
  booktitle = {Advances in Neural Information Processing Systems 10 (NIPS)},
  editor = {M. Jordan and M. Kearns and S. Solla},
  month = {December},
  note = {\url{https://proceedings.neurips.cc/paper_files/paper/1997/file/e077e1a544eec4f0307cf5c3c721d944-Paper.pdf}},
  publisher = {MIT Press},
  series = {Conference Track Proceedings},
  title = {Recovering Perspective Pose with a Dual Step EM Algorithm},
  volume = {10},
  year = {1997}
}

@inproceedings{dailey1997task,
  address = {Denver, Colorado, USA},
  author = {Dailey, Matthew N. and Cottrell, Garrison W.},
  booktitle = {Advances in Neural Information Processing Systems 10 (NIPS)},
  editor = {Jordan, M. and Kearns, M. and Solla, S.},
  month = {December},
  note = {\url{https://proceedings.neurips.cc/paper_files/paper/1997/file/602d1305678a8d5fdb372271e980da6a-Paper.pdf}},
  openalex = {W2108979579},
  publisher = {MIT Press},
  series = {Conference Track Proceedings},
  title = {Task and Spatial Frequency Effects on Face Specialization},
  volume = {10},
  year = {1997}
}

@inproceedings{dayan1997statistical,
  address = {Denver, Colorado, USA},
  author = {Dayan, Peter and Long, Theresa W.},
  booktitle = {Advances in Neural Information Processing Systems 10 (NIPS)},
  editor = {M. Jordan and M. Kearns and S. Solla},
  month = {December},
  note = {\url{https://proceedings.neurips.cc/paper_files/paper/1997/file/fe70c36866add1572a8e2b96bfede7bf-Paper.pdf}},
  openalex = {W2155910333},
  publisher = {MIT Press},
  series = {Conference Track Proceedings},
  title = {Statistical Models of Conditioning},
  volume = {10},
  year = {1997}
}

@inproceedings{de1997nonparametric,
  address = {Denver, Colorado, USA},
  author = {Bonet, Jeremy S. De and Viola, Paul},
  booktitle = {Advances in Neural Information Processing Systems 10 (NIPS)},
  editor = {M. Jordan and M. Kearns and S. Solla},
  month = {December},
  note = {\url{https://proceedings.neurips.cc/paper_files/paper/1997/file/c5cc17e395d3049b03e0f1ccebb02b4d-Paper.pdf}},
  openalex = {W2153518451},
  publisher = {MIT Press},
  series = {Conference Track Proceedings},
  title = {A Non-Parametric Multi-Scale Statistical Model for Natural Images},
  volume = {10},
  year = {1997}
}

@inproceedings{de1997regularisation,
  address = {Denver, Colorado, USA},
  author = {de Freitas, João and Niranjan, Mahesan and Gee, Andrew},
  booktitle = {Advances in Neural Information Processing Systems 10 (NIPS)},
  editor = {M. Jordan and M. Kearns and S. Solla},
  month = {December},
  note = {\url{https://proceedings.neurips.cc/paper_files/paper/1997/file/c913303f392ffc643f7240b180602652-Paper.pdf}},
  publisher = {MIT Press},
  series = {Conference Track Proceedings},
  title = {Regularisation in Sequential Learning Algorithms},
  volume = {10},
  year = {1997}
}

@inproceedings{de1997structure,
  address = {Denver, Colorado, USA},
  author = {Bonet, Jeremy S. De and Viola, Paul},
  booktitle = {Advances in Neural Information Processing Systems 10 (NIPS)},
  editor = {M. Jordan and M. Kearns and S. Solla},
  month = {December},
  note = {\url{https://proceedings.neurips.cc/paper_files/paper/1997/file/b265ce60fe4c5384e622b09eb829b8df-Paper.pdf}},
  openalex = {W2153168223},
  publisher = {MIT Press},
  series = {Conference Track Proceedings},
  title = {Structure Driven Image Database Retrieval},
  volume = {10},
  year = {1997}
}

@inproceedings{de1997using,
  address = {Denver, Colorado, USA},
  author = {de, Virginia R. and deCharms, R. Christopher and Merzenich, Michael M.},
  booktitle = {Advances in Neural Information Processing Systems 10 (NIPS)},
  editor = {M. Jordan and M. Kearns and S. Solla},
  month = {December},
  note = {\url{https://proceedings.neurips.cc/paper_files/paper/1997/file/f69e505b08403ad2298b9f262659929a-Paper.pdf}},
  openalex = {W2118962631},
  publisher = {MIT Press},
  series = {Conference Track Proceedings},
  title = {Using Helmholtz Machines to Analyze Multi-channel Neuronal Recordings},
  volume = {10},
  year = {1997}
}

@inproceedings{decharms1997characterizing,
  address = {Denver, Colorado, USA},
  author = {deCharms, R. Christopher and Merzenich, Michael M.},
  booktitle = {Advances in Neural Information Processing Systems 10 (NIPS)},
  editor = {M. Jordan and M. Kearns and S. Solla},
  month = {December},
  note = {\url{https://proceedings.neurips.cc/paper_files/paper/1997/file/ad71c82b22f4f65b9398f76d8be4c615-Paper.pdf}},
  openalex = {W2155695536},
  publisher = {MIT Press},
  series = {Conference Track Proceedings},
  title = {Characterizing Neurons in the Primary Auditory Cortex of the Awake Primate Using Reverse Correlation},
  volume = {10},
  year = {1997}
}

@inproceedings{deneve1997neural,
  address = {Denver, Colorado, USA},
  author = {Denève, Sophie and Pouget, Alexandre},
  booktitle = {Advances in Neural Information Processing Systems 10 (NIPS)},
  editor = {M. Jordan and M. Kearns and S. Solla},
  month = {December},
  note = {\url{https://proceedings.neurips.cc/paper_files/paper/1997/file/540ae6b0f6ac6e155062f3dd4f0b2b01-Paper.pdf}},
  openalex = {W2169117584},
  publisher = {MIT Press},
  series = {Conference Track Proceedings},
  title = {Neural Basis of Object-Centered Representations},
  volume = {10},
  year = {1997}
}

@inproceedings{dow1997instabilities,
  address = {Denver, Colorado, USA},
  author = {Dow, Ernst and Anastasio, Thomas},
  booktitle = {Advances in Neural Information Processing Systems 10 (NIPS)},
  editor = {M. Jordan and M. Kearns and S. Solla},
  month = {December},
  note = {\url{https://proceedings.neurips.cc/paper_files/paper/1997/file/54072f485cdb7897ebbcaf7525139561-Paper.pdf}},
  publisher = {MIT Press},
  series = {Conference Track Proceedings},
  title = {Instabilities in Eye Movement Control: A Model of Periodic Alternating Nystagmus},
  volume = {10},
  year = {1997}
}

@inproceedings{elyaniv1997agnostic,
  address = {Denver, Colorado, USA},
  author = {El‐Yaniv, Ran and Fine, Shai and Tishby, Naftali},
  booktitle = {Advances in Neural Information Processing Systems 10 (NIPS)},
  editor = {Jordan, M. and Kearns, M. and Solla, S.},
  month = {December},
  note = {\url{https://proceedings.neurips.cc/paper_files/paper/1997/file/79a49b3e3762632813f9e35f4ba53d6c-Paper.pdf}},
  openalex = {W2143079199},
  publisher = {MIT Press},
  series = {Conference Track Proceedings},
  title = {Agnostic Classification of Markovian Sequences},
  volume = {10},
  year = {1997}
}

@inproceedings{etiennecummings1997general,
  address = {Denver, Colorado, USA},
  author = {Etienne‐Cummings, Ralph and Cai, Donghui},
  booktitle = {Advances in Neural Information Processing Systems 10 (NIPS)},
  editor = {M. Jordan and M. Kearns and S. Solla},
  month = {December},
  note = {\url{https://proceedings.neurips.cc/paper_files/paper/1997/file/0a1bf96b7165e962e90cb14648c9462d-Paper.pdf}},
  openalex = {W2145751485},
  publisher = {MIT Press},
  series = {Conference Track Proceedings},
  title = {A General Purpose Image Processing Chip: Orientation Detection},
  volume = {10},
  year = {1997}
}

@inproceedings{feraud1997ensemble,
  address = {Denver, Colorado, USA},
  author = {Féraud, Raphaël and Bernier, Olivier},
  booktitle = {Advances in Neural Information Processing Systems 10 (NIPS)},
  editor = {M. Jordan and M. Kearns and S. Solla},
  month = {December},
  note = {\url{https://proceedings.neurips.cc/paper_files/paper/1997/file/eaa32c96f620053cf442ad32258076b9-Paper.pdf}},
  openalex = {W2141342076},
  publisher = {MIT Press},
  series = {Conference Track Proceedings},
  title = {Ensemble and Modular Approaches for Face Detection: A Comparison},
  volume = {10},
  year = {1997}
}

@inproceedings{foster1997hippocampal,
  address = {Denver, Colorado, USA},
  author = {Foster, David J. and Morris, Richard and Dayan, Peter},
  booktitle = {Advances in Neural Information Processing Systems 10 (NIPS)},
  editor = {M. Jordan and M. Kearns and S. Solla},
  month = {December},
  note = {\url{https://proceedings.neurips.cc/paper_files/paper/1997/file/d82118376df344b0010f53909b961db3-Paper.pdf}},
  openalex = {W2108434894},
  publisher = {MIT Press},
  series = {Conference Track Proceedings},
  title = {Hippocampal Model of Rat Spatial Abilities Using Temporal Difference Learning},
  volume = {10},
  year = {1997}
}

@inproceedings{freeman1997bayesian,
  address = {Denver, Colorado, USA},
  author = {Freeman, William T. and Viola, Paul},
  booktitle = {Advances in Neural Information Processing Systems 10 (NIPS)},
  editor = {Jordan, M. and Kearns, M. and Solla, S.},
  month = {December},
  note = {\url{https://proceedings.neurips.cc/paper_files/paper/1997/file/9aa42b31882ec039965f3c4923ce901b-Paper.pdf}},
  openalex = {W2162248510},
  publisher = {MIT Press},
  series = {Conference Track Proceedings},
  title = {Bayesian Model of Surface Perception},
  volume = {10},
  year = {1997}
}

@inproceedings{frey1997revolution,
  address = {Denver, Colorado, USA},
  author = {Frey, Brendan J. and Mackay, David},
  booktitle = {Advances in Neural Information Processing Systems 10 (NIPS)},
  editor = {M. Jordan and M. Kearns and S. Solla},
  month = {December},
  note = {\url{https://proceedings.neurips.cc/paper_files/paper/1997/file/0245952ecff55018e2a459517fdb40e3-Paper.pdf}},
  openalex = {W2120294885},
  publisher = {MIT Press},
  series = {Conference Track Proceedings},
  title = {A Revolution: Belief Propagation in Graphs with Cycles},
  volume = {10},
  year = {1997}
}

@inproceedings{geiger1997features,
  address = {Denver, Colorado, USA},
  author = {Geiger, Davi and Rudra, Archisman and Maloney, Laurance T.},
  booktitle = {Advances in Neural Information Processing Systems 10 (NIPS)},
  editor = {Jordan, M. and Kearns, M. and Solla, S.},
  month = {December},
  note = {\url{https://proceedings.neurips.cc/paper_files/paper/1997/file/8edd72158ccd2a879f79cb2538568fdc-Paper.pdf}},
  openalex = {W2134083676},
  publisher = {MIT Press},
  series = {Conference Track Proceedings},
  title = {Features as Sufficient Statistics},
  volume = {10},
  year = {1997}
}

@inproceedings{ghahramani1997hierarchical,
  address = {Denver, Colorado, USA},
  author = {Ghahramani, Zoubin and Hinton, Geoffrey E.},
  booktitle = {Advances in Neural Information Processing Systems 10 (NIPS)},
  editor = {M. Jordan and M. Kearns and S. Solla},
  month = {December},
  note = {\url{https://proceedings.neurips.cc/paper_files/paper/1997/file/daa96d9681a21445772454cbddf0cac1-Paper.pdf}},
  openalex = {W2137141209},
  publisher = {MIT Press},
  series = {Conference Track Proceedings},
  title = {Hierarchical Non-linear Factor Analysis and Topographic Maps},
  volume = {10},
  year = {1997}
}

@inproceedings{goldberg1997regression,
  address = {Denver, Colorado, USA},
  author = {Goldberg, Paul and Williams, Christopher and Bishop, Christopher},
  booktitle = {Advances in Neural Information Processing Systems 10 (NIPS)},
  editor = {M. Jordan and M. Kearns and S. Solla},
  month = {December},
  note = {\url{https://proceedings.neurips.cc/paper_files/paper/1997/file/afe434653a898da20044041262b3ac74-Paper.pdf}},
  publisher = {MIT Press},
  series = {Conference Track Proceedings},
  title = {Regression with Input-dependent Noise: A Gaussian Process Treatment},
  volume = {10},
  year = {1997}
}

@inproceedings{golea1997generalization,
  address = {Denver, Colorado, USA},
  author = {Golea, Mostefa and Bartlett, Peter L. and Lee, Wee Sun and Mason, Llew},
  booktitle = {Advances in Neural Information Processing Systems 10 (NIPS)},
  editor = {M. Jordan and M. Kearns and S. Solla},
  month = {December},
  note = {\url{https://proceedings.neurips.cc/paper_files/paper/1997/file/4f87658ef0de194413056248a00ce009-Paper.pdf}},
  openalex = {W2135686858},
  publisher = {MIT Press},
  series = {Conference Track Proceedings},
  title = {Generalization in Decision Trees and DNF: Does Size Matter?},
  volume = {10},
  year = {1997}
}

@inproceedings{goodhill1997gradients,
  address = {Denver, Colorado, USA},
  author = {Goodhill, Geoffrey J.},
  booktitle = {Advances in Neural Information Processing Systems 10 (NIPS)},
  editor = {Jordan, M. and Kearns, M. and Solla, S.},
  month = {December},
  note = {\url{https://proceedings.neurips.cc/paper_files/paper/1997/file/856fc81623da2150ba2210ba1b51d241-Paper.pdf}},
  openalex = {W2139262970},
  publisher = {MIT Press},
  series = {Conference Track Proceedings},
  title = {Gradients for Retinotectal Mapping},
  volume = {10},
  year = {1997}
}

@inproceedings{goodhill1997mathematical,
  address = {Denver, Colorado, USA},
  author = {Goodhill, Geoffrey J.},
  booktitle = {Advances in Neural Information Processing Systems 10 (NIPS)},
  editor = {M. Jordan and M. Kearns and S. Solla},
  month = {December},
  note = {\url{https://proceedings.neurips.cc/paper_files/paper/1997/file/512c5cad6c37edb98ae91c8a76c3a291-Paper.pdf}},
  openalex = {W2124806160},
  publisher = {MIT Press},
  series = {Conference Track Proceedings},
  title = {A Mathematical Model of Axon Guidance by Diffusible Factors},
  volume = {10},
  year = {1997}
}

@inproceedings{grove1997linearconcepts,
  address = {Denver, Colorado, USA},
  author = {Grove, Adam J. and Roth, Dan},
  booktitle = {Advances in Neural Information Processing Systems 10 (NIPS)},
  editor = {M. Jordan and M. Kearns and S. Solla},
  month = {December},
  note = {\url{https://proceedings.neurips.cc/paper_files/paper/1997/file/ac796a52db3f16bbdb6557d3d89d1c5a-Paper.pdf}},
  openalex = {W2112792378},
  publisher = {MIT Press},
  series = {Conference Track Proceedings},
  title = {Linear Concepts and Hidden Variables: An Empirical Study},
  volume = {10},
  year = {1997}
}

@inproceedings{grunewald1997detection,
  address = {Denver, Colorado, USA},
  author = {Grunewald, Alexander and Neumann, Heiko},
  booktitle = {Advances in Neural Information Processing Systems 10 (NIPS)},
  editor = {Jordan, M. and Kearns, M. and Solla, S.},
  month = {December},
  note = {\url{https://proceedings.neurips.cc/paper_files/paper/1997/file/81ca0262c82e712e50c580c032d99b60-Paper.pdf}},
  openalex = {W2157042729},
  publisher = {MIT Press},
  series = {Conference Track Proceedings},
  title = {Detection of First and Second Order Motion},
  volume = {10},
  year = {1997}
}

@inproceedings{hadden1997neural,
  address = {Denver, Colorado, USA},
  author = {Hadden, Lucy E.},
  booktitle = {Advances in Neural Information Processing Systems 10 (NIPS)},
  editor = {M. Jordan and M. Kearns and S. Solla},
  month = {December},
  note = {\url{https://proceedings.neurips.cc/paper_files/paper/1997/file/b8c27b7a1c450ffdacb31483454e0b54-Paper.pdf}},
  openalex = {W2138744020},
  publisher = {MIT Press},
  series = {Conference Track Proceedings},
  title = {A Neural Network Model of Naive Preference and Filial Imprinting in the Domestic Chick},
  volume = {10},
  year = {1997}
}

@inproceedings{hansen1997improved,
  address = {Denver, Colorado, USA},
  author = {Hansen, Eric A.},
  booktitle = {Advances in Neural Information Processing Systems 10 (NIPS)},
  editor = {M. Jordan and M. Kearns and S. Solla},
  month = {December},
  note = {\url{https://proceedings.neurips.cc/paper_files/paper/1997/file/c930eecd01935feef55942cc445f708f-Paper.pdf}},
  openalex = {W2109393574},
  publisher = {MIT Press},
  series = {Conference Track Proceedings},
  title = {An Improved Policy Iteration Algorithm for Partially Observable MDPs},
  volume = {10},
  year = {1997}
}

@inproceedings{harrison1997analog,
  address = {Denver, Colorado, USA},
  author = {Harrison, Reid R. and Koch, Christof},
  booktitle = {Advances in Neural Information Processing Systems 10 (NIPS)},
  editor = {Jordan, M. and Kearns, M. and Solla, S.},
  month = {December},
  note = {\url{https://proceedings.neurips.cc/paper_files/paper/1997/file/a223c6b3710f85df22e9377d6c4f7553-Paper.pdf}},
  openalex = {W2129226992},
  publisher = {MIT Press},
  series = {Conference Track Proceedings},
  title = {An Analog VLSI Model of the Fly Elementary Motion Detector},
  volume = {10},
  year = {1997}
}

@inproceedings{hastie1997classification,
  address = {Denver, Colorado, USA},
  author = {Hastie, Trevor and Tibshirani, Robert},
  booktitle = {Advances in Neural Information Processing Systems 10 (NIPS)},
  editor = {Jordan, M. and Kearns, M. and Solla, S.},
  month = {December},
  note = {\url{https://proceedings.neurips.cc/paper_files/paper/1997/file/70feb62b69f16e0238f741fab228fec2-Paper.pdf}},
  openalex = {W2019575783},
  publisher = {MIT Press},
  series = {Conference Track Proceedings},
  title = {Classification by pairwise coupling},
  volume = {10},
  year = {1997}
}

@inproceedings{held1997unsupervised,
  address = {Denver, Colorado, USA},
  author = {Held, Marcus and Buhmann, Joachim M.},
  booktitle = {Advances in Neural Information Processing Systems 10 (NIPS)},
  editor = {M. Jordan and M. Kearns and S. Solla},
  month = {December},
  note = {\url{https://proceedings.neurips.cc/paper_files/paper/1997/file/dc09c97fd73d7a324bdbfe7c79525f64-Paper.pdf}},
  openalex = {W2141685426},
  publisher = {MIT Press},
  series = {Conference Track Proceedings},
  title = {Unsupervised On-line Learning of Decision Trees for Hierarchical Data Analysis},
  volume = {10},
  year = {1997}
}

@inproceedings{henkel1997simple,
  address = {Denver, Colorado, USA},
  author = {Henkel, Rolf D.},
  booktitle = {Advances in Neural Information Processing Systems 10 (NIPS)},
  editor = {Jordan, M. and Kearns, M. and Solla, S.},
  month = {December},
  note = {\url{https://proceedings.neurips.cc/paper_files/paper/1997/file/8b0dc65f996f98fd178a9defd0efa077-Paper.pdf}},
  openalex = {W2128773453},
  publisher = {MIT Press},
  series = {Conference Track Proceedings},
  title = {A Simple and Fast Neural Network Approach to Stereovision},
  volume = {10},
  year = {1997}
}

@inproceedings{heskes1997selecting,
  address = {Denver, Colorado, USA},
  author = {Heskes, Tom},
  booktitle = {Advances in Neural Information Processing Systems 10 (NIPS)},
  editor = {Jordan, M. and Kearns, M. and Solla, S.},
  month = {December},
  note = {\url{https://proceedings.neurips.cc/paper_files/paper/1997/file/59f51fd6937412b7e56ded1ea2470c25-Paper.pdf}},
  openalex = {W2148124601},
  publisher = {MIT Press},
  series = {Conference Track Proceedings},
  title = {Selecting Weighting Factors in Logarithmic Opinion Pools},
  volume = {10},
  year = {1997}
}

@inproceedings{hirai1997neuron,
  address = {Denver, Colorado, USA},
  author = {Hirai, Yuzo},
  booktitle = {Advances in Neural Information Processing Systems 10 (NIPS)},
  editor = {M. Jordan and M. Kearns and S. Solla},
  month = {December},
  note = {\url{https://proceedings.neurips.cc/paper_files/paper/1997/file/14d9e8007c9b41f57891c48e07c23f57-Paper.pdf}},
  openalex = {W2154456238},
  publisher = {MIT Press},
  series = {Conference Track Proceedings},
  title = {A 1, 000-Neuron System with One Million 7-bit Physical Interconnections},
  volume = {10},
  year = {1997}
}

@inproceedings{hoernel1997melonet,
  address = {Denver, Colorado, USA},
  author = {Hörnel, Dominik},
  booktitle = {Advances in Neural Information Processing Systems 10 (NIPS)},
  editor = {M. Jordan and M. Kearns and S. Solla},
  month = {December},
  note = {\url{https://proceedings.neurips.cc/paper_files/paper/1997/file/d1ee59e20ad01cedc15f5118a7626099-Paper.pdf}},
  openalex = {W2131568409},
  publisher = {MIT Press},
  series = {Conference Track Proceedings},
  title = {MELONET I: Neural Nets for Inventing Baroque-Style Chorale Variations},
  volume = {10},
  year = {1997}
}

@inproceedings{hofmann1997active,
  address = {Denver, Colorado, USA},
  author = {Hofmann, Thomas and Buhmann, Joachim M.},
  booktitle = {Advances in Neural Information Processing Systems 10 (NIPS)},
  editor = {Jordan, M. and Kearns, M. and Solla, S.},
  month = {December},
  note = {\url{https://proceedings.neurips.cc/paper_files/paper/1997/file/9683cc5f89562ea48e72bb321d9f03fb-Paper.pdf}},
  openalex = {W2160066096},
  publisher = {MIT Press},
  series = {Conference Track Proceedings},
  title = {Active Data Clustering},
  volume = {10},
  year = {1997}
}

@inproceedings{hofmann1997nonlinear,
  address = {Denver, Colorado, USA},
  author = {Hofmann, Reimar and Tresp, Volker},
  booktitle = {Advances in Neural Information Processing Systems 10 (NIPS)},
  editor = {M. Jordan and M. Kearns and S. Solla},
  month = {December},
  note = {\url{https://proceedings.neurips.cc/paper_files/paper/1997/file/33ebd5b07dc7e407752fe773eed20635-Paper.pdf}},
  openalex = {W2107419735},
  publisher = {MIT Press},
  series = {Conference Track Proceedings},
  title = {Nonlinear Markov Networks for Continuous Variables},
  volume = {10},
  year = {1997}
}

@inproceedings{hopfield1997computing,
  address = {Denver, Colorado, USA},
  author = {Hopfield, J. J. and Brody, Carlos D. and Roweis, Sam T.},
  booktitle = {Advances in Neural Information Processing Systems 10 (NIPS)},
  editor = {Jordan, M. and Kearns, M. and Solla, S.},
  month = {December},
  note = {\url{https://proceedings.neurips.cc/paper_files/paper/1997/file/6c1da886822c67822bcf3679d04369fa-Paper.pdf}},
  openalex = {W2168756233},
  publisher = {MIT Press},
  series = {Conference Track Proceedings},
  title = {Computing with Action Potentials},
  volume = {10},
  year = {1997}
}

@inproceedings{houde1997adaptation,
  address = {Denver, Colorado, USA},
  author = {Houde, John F. and Jordan, Michael I.},
  booktitle = {Advances in Neural Information Processing Systems 10 (NIPS)},
  editor = {M. Jordan and M. Kearns and S. Solla},
  month = {December},
  note = {\url{https://proceedings.neurips.cc/paper_files/paper/1997/file/2dffbc474aa176b6dc957938c15d0c8b-Paper.pdf}},
  openalex = {W2118962636},
  publisher = {MIT Press},
  series = {Conference Track Proceedings},
  title = {Adaptation in Speech Motor Control},
  volume = {10},
  year = {1997}
}

@inproceedings{hush1997function,
  address = {Denver, Colorado, USA},
  author = {Hush, Don and Lozano, Fernando and Horne, Bill G.},
  booktitle = {Advances in Neural Information Processing Systems 10 (NIPS)},
  editor = {M. Jordan and M. Kearns and S. Solla},
  month = {December},
  note = {\url{https://proceedings.neurips.cc/paper_files/paper/1997/file/215a71a12769b056c3c32e7299f1c5ed-Paper.pdf}},
  openalex = {W2116297448},
  publisher = {MIT Press},
  series = {Conference Track Proceedings},
  title = {Function Approximation with the Sweeping Hinge Algorithm},
  volume = {10},
  year = {1997}
}

@inproceedings{hyvarinen1997new,
  address = {Denver, Colorado, USA},
  author = {Hyvärinen, Aapo},
  booktitle = {Advances in Neural Information Processing Systems 10 (NIPS)},
  editor = {Jordan, M. and Kearns, M. and Solla, S.},
  month = {December},
  note = {\url{https://proceedings.neurips.cc/paper_files/paper/1997/file/6d9c547cf146054a5a720606a7694467-Paper.pdf}},
  openalex = {W2141622014},
  publisher = {MIT Press},
  series = {Conference Track Proceedings},
  title = {New Approximations of Differential Entropy for Independent Component Analysis and Projection Pursuit},
  volume = {10},
  year = {1997}
}

@inproceedings{itti1997model,
  address = {Denver, Colorado, USA},
  author = {Itti, Laurent and Braun, Jochen and Lee, Dale and Koch, Christof},
  booktitle = {Advances in Neural Information Processing Systems 10 (NIPS)},
  editor = {Jordan, M. and Kearns, M. and Solla, S.},
  month = {December},
  note = {\url{https://proceedings.neurips.cc/paper_files/paper/1997/file/8b0d268963dd0cfb808aac48a549829f-Paper.pdf}},
  publisher = {MIT Press},
  series = {Conference Track Proceedings},
  title = {A Model of Early Visual Processing},
  volume = {10},
  year = {1997}
}

@inproceedings{james1997error,
  address = {Denver, Colorado, USA},
  author = {James, Gareth and Hastie, Trevor},
  booktitle = {Advances in Neural Information Processing Systems 10 (NIPS)},
  editor = {M. Jordan and M. Kearns and S. Solla},
  month = {December},
  note = {\url{https://proceedings.neurips.cc/paper_files/paper/1997/file/4e8412ad48562e3c9934f45c3e144d48-Paper.pdf}},
  openalex = {W2096914831},
  publisher = {MIT Press},
  series = {Conference Track Proceedings},
  title = {The Error Coding and Substitution PaCTs},
  volume = {10},
  year = {1997}
}

@inproceedings{jung1997extended,
  address = {Denver, Colorado, USA},
  author = {Jung, Tzyy‐Ping and Humphries, Colin and Lee, Te-Won and Makeig, Scott and McKeown, Martin J. and Iragui, Vicente J. and Sejnowski, Terrence J.},
  booktitle = {Advances in Neural Information Processing Systems 10 (NIPS)},
  editor = {Jordan, M. and Kearns, M. and Solla, S.},
  month = {December},
  note = {\url{https://proceedings.neurips.cc/paper_files/paper/1997/file/674bfc5f6b72706fb769f5e93667bd23-Paper.pdf}},
  openalex = {W2164360360},
  publisher = {MIT Press},
  series = {Conference Track Proceedings},
  title = {Extended ICA Removes Artifacts from Electroencephalographic Recordings},
  volume = {10},
  year = {1997}
}

@inproceedings{kappen1997boltzmann,
  address = {Denver, Colorado, USA},
  author = {Kappen, Hilbert and de Borja Rodríguez Ortiz, Francisco},
  booktitle = {Advances in Neural Information Processing Systems 10 (NIPS)},
  editor = {M. Jordan and M. Kearns and S. Solla},
  month = {December},
  note = {\url{https://proceedings.neurips.cc/paper_files/paper/1997/file/0e4e946668cf2afc4299b462b812caca-Paper.pdf}},
  publisher = {MIT Press},
  series = {Conference Track Proceedings},
  title = {Boltzmann Machine Learning Using Mean Field Theory and Linear Response Correction},
  volume = {10},
  year = {1997}
}

@inproceedings{kiviluoto1997s,
  address = {Denver, Colorado, USA},
  author = {Kiviluoto, K. and Oja, Erkki},
  booktitle = {Advances in Neural Information Processing Systems 10 (NIPS)},
  editor = {Jordan, M. and Kearns, M. and Solla, S.},
  month = {December},
  note = {\url{https://proceedings.neurips.cc/paper_files/paper/1997/file/9a1756fd0c741126d7bbd4b692ccbd91-Paper.pdf}},
  openalex = {W2126941075},
  publisher = {MIT Press},
  series = {Conference Track Proceedings},
  title = {S-Map: A Network with a Simple Self-Organization Algorithm for Generative Topographic Mappings},
  volume = {10},
  year = {1997}
}

@inproceedings{kivinen1997relative,
  address = {Denver, Colorado, USA},
  author = {Kivinen, Jyrki and Warmuth, Manfred K. K.},
  booktitle = {Advances in Neural Information Processing Systems 10 (NIPS)},
  editor = {Jordan, M. and Kearns, M. and Solla, S.},
  month = {December},
  note = {\url{https://proceedings.neurips.cc/paper_files/paper/1997/file/83cdcec08fbf90370fcf53bdd56604ff-Paper.pdf}},
  publisher = {MIT Press},
  series = {Conference Track Proceedings},
  title = {Relative Loss Bounds for Multidimensional Regression Problems},
  volume = {10},
  year = {1997}
}

@inproceedings{kohlmorgen1997analysis,
  address = {Denver, Colorado, USA},
  author = {Kohlmorgen, Jens and Müller, Klaus‐Robert and Pawelzik, Klaus},
  booktitle = {Advances in Neural Information Processing Systems 10 (NIPS)},
  editor = {Jordan, M. and Kearns, M. and Solla, S.},
  month = {December},
  note = {\url{https://proceedings.neurips.cc/paper_files/paper/1997/file/861dc9bd7f4e7dd3cccd534d0ae2a2e9-Paper.pdf}},
  openalex = {W2106030658},
  publisher = {MIT Press},
  series = {Conference Track Proceedings},
  title = {Analysis of Drifting Dynamics with Neural Network Hidden Markov Models},
  volume = {10},
  year = {1997}
}

@inproceedings{koistinen1997asymptotic,
  address = {Denver, Colorado, USA},
  author = {Koistinen, Petri},
  booktitle = {Advances in Neural Information Processing Systems 10 (NIPS)},
  editor = {M. Jordan and M. Kearns and S. Solla},
  month = {December},
  note = {\url{https://proceedings.neurips.cc/paper_files/paper/1997/file/536a76f94cf7535158f66cfbd4b113b6-Paper.pdf}},
  openalex = {W2149814254},
  publisher = {MIT Press},
  series = {Conference Track Proceedings},
  title = {Asymptotic Theory for Regularization: One-Dimensional Linear Case},
  volume = {10},
  year = {1997}
}

@inproceedings{kvale1997perturbative,
  address = {Denver, Colorado, USA},
  author = {Kvale, Mark N. and Schreiner, Christoph E.},
  booktitle = {Advances in Neural Information Processing Systems 10 (NIPS)},
  editor = {M. Jordan and M. Kearns and S. Solla},
  month = {December},
  note = {\url{https://proceedings.neurips.cc/paper_files/paper/1997/file/411ae1bf081d1674ca6091f8c59a266f-Paper.pdf}},
  openalex = {W2105848069},
  publisher = {MIT Press},
  series = {Conference Track Proceedings},
  title = {Perturbative M-Sequences for Auditory Systems Identification},
  volume = {10},
  year = {1997}
}

@inproceedings{landauer1997learning,
  address = {Denver, Colorado, USA},
  author = {Landauer, Thomas K. and Laham, Darrell and Foltz, Peter W.},
  booktitle = {Advances in Neural Information Processing Systems 10 (NIPS)},
  editor = {M. Jordan and M. Kearns and S. Solla},
  month = {December},
  note = {\url{https://proceedings.neurips.cc/paper_files/paper/1997/file/cec6f62cfb44b1be110b7bf70c8362d8-Paper.pdf}},
  openalex = {W2095764546},
  publisher = {MIT Press},
  series = {Conference Track Proceedings},
  title = {Learning Human-like Knowledge by Singular Value Decomposition: A Progress Report},
  volume = {10},
  year = {1997}
}

@inproceedings{lange1997generic,
  address = {Denver, Colorado, USA},
  author = {Lange, Daniel and Siegelmann, Hava and Pratt, Hillel and Inbar, Gideon},
  booktitle = {Advances in Neural Information Processing Systems 10 (NIPS)},
  editor = {M. Jordan and M. Kearns and S. Solla},
  month = {December},
  note = {\url{https://proceedings.neurips.cc/paper_files/paper/1997/file/b069b3415151fa7217e870017374de7c-Paper.pdf}},
  publisher = {MIT Press},
  series = {Conference Track Proceedings},
  title = {A Generic Approach for Identification of Event Related Brain Potentials via a Competitive Neural Network Structure},
  volume = {10},
  year = {1997}
}

@inproceedings{lee1997neural,
  address = {Denver, Colorado, USA},
  author = {Lee, Daniel D. and Seung, H. Sebastian},
  booktitle = {Advances in Neural Information Processing Systems 10 (NIPS)},
  editor = {M. Jordan and M. Kearns and S. Solla},
  month = {December},
  note = {\url{https://proceedings.neurips.cc/paper_files/paper/1997/file/3ff31b21755de79edf5668a07bd37f81-Paper.pdf}},
  openalex = {W2115839579},
  publisher = {MIT Press},
  series = {Conference Track Proceedings},
  title = {A Neural Network Based Head Tracking System},
  volume = {10},
  year = {1997}
}

@inproceedings{leen1997two,
  address = {Denver, Colorado, USA},
  author = {Leen, Todd and Schottky, Bernhard and Saad, David},
  booktitle = {Advances in Neural Information Processing Systems 10 (NIPS)},
  editor = {M. Jordan and M. Kearns and S. Solla},
  month = {December},
  note = {\url{https://proceedings.neurips.cc/paper_files/paper/1997/file/f4a331b7a22d1b237565d8813a34d8ac-Paper.pdf}},
  publisher = {MIT Press},
  series = {Conference Track Proceedings},
  title = {Two Approaches to Optimal Annealing},
  volume = {10},
  year = {1997}
}

@inproceedings{levy1997multi,
  address = {Denver, Colorado, USA},
  author = {Levy, Nir and Horn, D. and Ruppin, Eytan},
  booktitle = {Advances in Neural Information Processing Systems 10 (NIPS)},
  editor = {Jordan, M. and Kearns, M. and Solla, S.},
  month = {December},
  note = {\url{https://proceedings.neurips.cc/paper_files/paper/1997/file/86109d400f0ed29e840b47ed72777c84-Paper.pdf}},
  openalex = {W2115682540},
  publisher = {MIT Press},
  series = {Conference Track Proceedings},
  title = {Multi-modular Associative Memory},
  volume = {10},
  year = {1997}
}

@inproceedings{lewicki1997learning,
  address = {Denver, Colorado, USA},
  author = {Lewicki, Michael S. and Sejnowski, Terrence J.},
  booktitle = {Advances in Neural Information Processing Systems 10 (NIPS)},
  editor = {M. Jordan and M. Kearns and S. Solla},
  month = {December},
  note = {\url{https://proceedings.neurips.cc/paper_files/paper/1997/file/489d0396e6826eb0c1e611d82ca8b215-Paper.pdf}},
  openalex = {W2149239179},
  publisher = {MIT Press},
  series = {Conference Track Proceedings},
  title = {Learning Nonlinear Overcomplete Representations for Efficient Coding},
  volume = {10},
  year = {1997}
}

@inproceedings{lewis1997visual,
  address = {Denver, Colorado, USA},
  author = {Lewis, M. Anthony},
  booktitle = {Advances in Neural Information Processing Systems 10 (NIPS)},
  editor = {Jordan, M. and Kearns, M. and Solla, S.},
  month = {December},
  note = {\url{https://proceedings.neurips.cc/paper_files/paper/1997/file/7a674153c63cff1ad7f0e261c369ab2c-Paper.pdf}},
  openalex = {W2160019354},
  publisher = {MIT Press},
  series = {Conference Track Proceedings},
  title = {Visual Navigation in a Robot Using Zig-Zag Behavior},
  volume = {10},
  year = {1997}
}

@inproceedings{lin1997factorizing,
  address = {Denver, Colorado, USA},
  author = {Lin, Juan},
  booktitle = {Advances in Neural Information Processing Systems 10 (NIPS)},
  editor = {Jordan, M. and Kearns, M. and Solla, S.},
  month = {December},
  note = {\url{https://proceedings.neurips.cc/paper_files/paper/1997/file/8fb21ee7a2207526da55a679f0332de2-Paper.pdf}},
  publisher = {MIT Press},
  series = {Conference Track Proceedings},
  title = {Factorizing Multivariate Function Classes},
  volume = {10},
  year = {1997}
}

@inproceedings{liu19972d,
  address = {Denver, Colorado, USA},
  author = {Liu, Zili and Kersten, Daniel},
  booktitle = {Advances in Neural Information Processing Systems 10 (NIPS)},
  editor = {M. Jordan and M. Kearns and S. Solla},
  month = {December},
  note = {\url{https://proceedings.neurips.cc/paper_files/paper/1997/file/3e313b9badf12632cdae5452d20e1af6-Paper.pdf}},
  openalex = {W2020825282},
  publisher = {MIT Press},
  series = {Conference Track Proceedings},
  title = {2D observers for human 3D object recognition?},
  volume = {10},
  year = {1997}
}

@inproceedings{liu1997silicon,
  address = {Denver, Colorado, USA},
  author = {Liu, Shih-Chii},
  booktitle = {Advances in Neural Information Processing Systems 10 (NIPS)},
  editor = {M. Jordan and M. Kearns and S. Solla},
  month = {December},
  note = {\url{https://proceedings.neurips.cc/paper_files/paper/1997/file/fb508ef074ee78a0e58c68be06d8a2eb-Paper.pdf}},
  publisher = {MIT Press},
  series = {Conference Track Proceedings},
  title = {Silicon Retina with Adaptive Filtering Properties},
  volume = {10},
  year = {1997}
}

@inproceedings{lumer1997effects,
  address = {Denver, Colorado, USA},
  author = {Lumer, Erik D.},
  booktitle = {Advances in Neural Information Processing Systems 10 (NIPS)},
  editor = {Jordan, M. and Kearns, M. and Solla, S.},
  month = {December},
  note = {\url{https://proceedings.neurips.cc/paper_files/paper/1997/file/7f53f8c6c730af6aeb52e66eb74d8507-Paper.pdf}},
  openalex = {W2141636605},
  publisher = {MIT Press},
  series = {Conference Track Proceedings},
  title = {Effects of Spike Timing Underlying Binocular Integration and Rivalry in a Neural Model of Early Visual Cortex},
  volume = {10},
  year = {1997}
}

@inproceedings{ma1997wavelet,
  address = {Denver, Colorado, USA},
  author = {Ma, Sheng and Ji, Chuanyi},
  booktitle = {Advances in Neural Information Processing Systems 10 (NIPS)},
  editor = {Jordan, M. and Kearns, M. and Solla, S.},
  month = {December},
  note = {\url{https://proceedings.neurips.cc/paper_files/paper/1997/file/a8f8f60264024dca151f164729b76c0b-Paper.pdf}},
  openalex = {W2167539063},
  publisher = {MIT Press},
  series = {Conference Track Proceedings},
  title = {Wavelet Models for Video Time-Series},
  volume = {10},
  year = {1997}
}

@inproceedings{maass1997dynamic,
  address = {Denver, Colorado, USA},
  author = {Maass, Wolfgang and Zador, Anthony M.},
  booktitle = {Advances in Neural Information Processing Systems 10 (NIPS)},
  editor = {M. Jordan and M. Kearns and S. Solla},
  month = {December},
  note = {\url{https://proceedings.neurips.cc/paper_files/paper/1997/file/05311655a15b75fab86956663e1819cd-Paper.pdf}},
  openalex = {W2102365206},
  publisher = {MIT Press},
  series = {Conference Track Proceedings},
  title = {Dynamic Stochastic Synapses as Computational Units},
  volume = {10},
  year = {1997}
}

@inproceedings{manwani1997synaptic,
  address = {Denver, Colorado, USA},
  author = {Manwani, Amit and Koch, Christof},
  booktitle = {Advances in Neural Information Processing Systems 10 (NIPS)},
  editor = {Jordan, M. and Kearns, M. and Solla, S.},
  month = {December},
  note = {\url{https://proceedings.neurips.cc/paper_files/paper/1997/file/78b9cab19959e4af8ff46156ee460c74-Paper.pdf}},
  openalex = {W2118372081},
  publisher = {MIT Press},
  series = {Conference Track Proceedings},
  title = {Synaptic Transmission: An Information-Theoretic Perspective},
  volume = {10},
  year = {1997}
}

@inproceedings{marbach1997reinforcement,
  address = {Denver, Colorado, USA},
  author = {Marbach, Peter and Mihatsch, Oliver and Schulte, Miriam and Tsitsiklis, John N.},
  booktitle = {Advances in Neural Information Processing Systems 10 (NIPS)},
  editor = {M. Jordan and M. Kearns and S. Solla},
  month = {December},
  note = {\url{https://proceedings.neurips.cc/paper_files/paper/1997/file/4e0d67e54ad6626e957d15b08ae128a6-Paper.pdf}},
  openalex = {W2125132331},
  publisher = {MIT Press},
  series = {Conference Track Proceedings},
  title = {Reinforcement Learning for Call Admission Control and Routing in Integrated Service Networks},
  volume = {10},
  year = {1997}
}

@inproceedings{maron1997framework,
  address = {Denver, Colorado, USA},
  author = {Maron, Oded and Lozano‐Pérez, Tomás},
  booktitle = {Advances in Neural Information Processing Systems 10 (NIPS)},
  editor = {Jordan, M. and Kearns, M. and Solla, S.},
  month = {December},
  note = {\url{https://proceedings.neurips.cc/paper_files/paper/1997/file/82965d4ed8150294d4330ace00821d77-Paper.pdf}},
  openalex = {W2154318594},
  publisher = {MIT Press},
  series = {Conference Track Proceedings},
  title = {A Framework for Multiple-Instance Learning},
  volume = {10},
  year = {1997}
}

@inproceedings{marrs1997application,
  address = {Denver, Colorado, USA},
  author = {Marrs, A.},
  booktitle = {Advances in Neural Information Processing Systems 10 (NIPS)},
  editor = {M. Jordan and M. Kearns and S. Solla},
  month = {December},
  note = {\url{https://proceedings.neurips.cc/paper_files/paper/1997/file/0ed9422357395a0d4879191c66f4faa2-Paper.pdf}},
  openalex = {W2096278047},
  publisher = {MIT Press},
  series = {Conference Track Proceedings},
  title = {An Application of Reversible-Jump MCMC to Multivariate Spherical Gaussian Mixtures},
  volume = {10},
  year = {1997}
}

@inproceedings{meila1997estimating,
  address = {Denver, Colorado, USA},
  author = {Meilă, Marina and Jordan, Michael I.},
  booktitle = {Advances in Neural Information Processing Systems 10 (NIPS)},
  editor = {M. Jordan and M. Kearns and S. Solla},
  month = {December},
  note = {\url{https://proceedings.neurips.cc/paper_files/paper/1997/file/ea8fcd92d59581717e06eb187f10666d-Paper.pdf}},
  openalex = {W2123306636},
  publisher = {MIT Press},
  series = {Conference Track Proceedings},
  title = {Estimating Dependency Structure as a Hidden Variable},
  volume = {10},
  year = {1997}
}

@inproceedings{meir1997structural,
  address = {Denver, Colorado, USA},
  author = {Meir, Ron},
  booktitle = {Advances in Neural Information Processing Systems 10 (NIPS)},
  editor = {M. Jordan and M. Kearns and S. Solla},
  month = {December},
  note = {\url{https://proceedings.neurips.cc/paper_files/paper/1997/file/571d3a9420bfd9219f65b643d0003bf4-Paper.pdf}},
  openalex = {W2149465625},
  publisher = {MIT Press},
  series = {Conference Track Proceedings},
  title = {Structural Risk Minimization for Nonparametric Time Series Prediction},
  volume = {10},
  year = {1997}
}

@inproceedings{mel1997toward,
  address = {Denver, Colorado, USA},
  author = {Mel, Bartlett W. and Ruderman, Daniel and Archie, Kevin A.},
  booktitle = {Advances in Neural Information Processing Systems 10 (NIPS)},
  editor = {M. Jordan and M. Kearns and S. Solla},
  month = {December},
  note = {\url{https://proceedings.neurips.cc/paper_files/paper/1997/file/cf1f78fe923afe05f7597da2be7a3da8-Paper.pdf}},
  openalex = {W2156378528},
  publisher = {MIT Press},
  series = {Conference Track Proceedings},
  title = {Toward a Single-Cell Account for Binocular Disparity Tuning: An Energy Model May Be Hiding in Your Dendrites},
  volume = {10},
  year = {1997}
}

@inproceedings{merz1997combining,
  address = {Denver, Colorado, USA},
  author = {Merz, Christopher J.},
  booktitle = {Advances in Neural Information Processing Systems 10 (NIPS)},
  editor = {M. Jordan and M. Kearns and S. Solla},
  month = {December},
  note = {\url{https://proceedings.neurips.cc/paper_files/paper/1997/file/f016e59c7ad8b1d72903bb1aa5720d53-Paper.pdf}},
  openalex = {W2121095699},
  publisher = {MIT Press},
  series = {Conference Track Proceedings},
  title = {Combining Classifiers Using Correspondence Analysis},
  volume = {10},
  year = {1997}
}

@inproceedings{milostan1997serial,
  address = {Denver, Colorado, USA},
  author = {Milostan, Jeanne C. and Cottrell, Garrison W.},
  booktitle = {Advances in Neural Information Processing Systems 10 (NIPS)},
  editor = {M. Jordan and M. Kearns and S. Solla},
  month = {December},
  note = {\url{https://proceedings.neurips.cc/paper_files/paper/1997/file/2bd7f907b7f5b6bbd91822c0c7b835f6-Paper.pdf}},
  openalex = {W2158974447},
  publisher = {MIT Press},
  series = {Conference Track Proceedings},
  title = {Serial Order in Reading Aloud: Connectionist Models and Neighborhood Structure},
  volume = {10},
  year = {1997}
}

@inproceedings{mineiro1997learning,
  address = {Denver, Colorado, USA},
  author = {Mineiro, Paul and Movellan, Javier R. and Williams, Ruth},
  booktitle = {Advances in Neural Information Processing Systems 10 (NIPS)},
  editor = {M. Jordan and M. Kearns and S. Solla},
  month = {December},
  note = {\url{https://proceedings.neurips.cc/paper_files/paper/1997/file/db6ebd0566994d14a1767f14eb6fba81-Paper.pdf}},
  openalex = {W2128079370},
  publisher = {MIT Press},
  series = {Conference Track Proceedings},
  title = {Learning Path Distributions Using Nonequilibrium Diffusion Networks},
  volume = {10},
  year = {1997}
}

@inproceedings{monaco1997automated,
  address = {Denver, Colorado, USA},
  author = {Monaco, Jeffrey F. and Ward, David G. and Barto, Andrew G.},
  booktitle = {Advances in Neural Information Processing Systems 10 (NIPS)},
  editor = {M. Jordan and M. Kearns and S. Solla},
  month = {December},
  note = {\url{https://proceedings.neurips.cc/paper_files/paper/1997/file/363763e5c3dc3a68b399058c34aecf2c-Paper.pdf}},
  openalex = {W2146054637},
  publisher = {MIT Press},
  series = {Conference Track Proceedings},
  title = {Automated Aircraft Recovery via Reinforcement Learning: Initial Experiments},
  volume = {10},
  year = {1997}
}

@inproceedings{moss1997learning,
  address = {Denver, Colorado, USA},
  author = {Moss, J. Eliot B. and Utgoff, Paul E. and Cavazos, John and Precup, Doina and Stefanović, Darko and Brodley, Carla E. and Scheeff, David},
  booktitle = {Advances in Neural Information Processing Systems 10 (NIPS)},
  editor = {M. Jordan and M. Kearns and S. Solla},
  month = {December},
  note = {\url{https://proceedings.neurips.cc/paper_files/paper/1997/file/bcc0d400288793e8bdcd7c19a8ac0c2b-Paper.pdf}},
  openalex = {W2119537359},
  publisher = {MIT Press},
  series = {Conference Track Proceedings},
  title = {Learning to Schedule Straight-Line Code},
  volume = {10},
  year = {1997}
}

@inproceedings{movellan1997bayesian,
  address = {Denver, Colorado, USA},
  author = {Movellan, Javier R. and Mineiro, Paul},
  booktitle = {Advances in Neural Information Processing Systems 10 (NIPS)},
  editor = {M. Jordan and M. Kearns and S. Solla},
  month = {December},
  note = {\url{https://proceedings.neurips.cc/paper_files/paper/1997/file/b7087c1f4f89e63af8d46f3b20271153-Paper.pdf}},
  openalex = {W2148317295},
  publisher = {MIT Press},
  series = {Conference Track Proceedings},
  title = {Bayesian Robustification for Audio Visual Fusion},
  volume = {10},
  year = {1997}
}

@inproceedings{mozer1997superadditive,
  address = {Denver, Colorado, USA},
  author = {Mozer, Michael C. and Sitton, Mark and Farah, Martha J.},
  booktitle = {Advances in Neural Information Processing Systems 10 (NIPS)},
  editor = {Jordan, M. and Kearns, M. and Solla, S.},
  month = {December},
  note = {\url{https://proceedings.neurips.cc/paper_files/paper/1997/file/991de292e76f74f3c285b3f6d57958d5-Paper.pdf}},
  openalex = {W2096740195},
  publisher = {MIT Press},
  series = {Conference Track Proceedings},
  title = {A Superadditive-Impairment Theory of Optic Aphasia},
  volume = {10},
  year = {1997}
}

@inproceedings{munos1997reinforcement,
  address = {Denver, Colorado, USA},
  author = {Munos, Rémi and Bourgine, Paul},
  booktitle = {Advances in Neural Information Processing Systems 10 (NIPS)},
  editor = {M. Jordan and M. Kearns and S. Solla},
  month = {December},
  note = {\url{https://proceedings.neurips.cc/paper_files/paper/1997/file/186a157b2992e7daed3677ce8e9fe40f-Paper.pdf}},
  openalex = {W2166356462},
  publisher = {MIT Press},
  series = {Conference Track Proceedings},
  title = {Reinforcement learning for continuous stochastic control problems},
  volume = {10},
  year = {1997}
}

@inproceedings{neuneier1997enhancing,
  address = {Denver, Colorado, USA},
  author = {Neuneier, Ralph},
  booktitle = {Advances in Neural Information Processing Systems 10 (NIPS)},
  editor = {Jordan, M. and Kearns, M. and Solla, S.},
  month = {December},
  note = {\url{https://proceedings.neurips.cc/paper_files/paper/1997/file/970af30e481057c48f87e101b61e6994-Paper.pdf}},
  openalex = {W2155054353},
  publisher = {MIT Press},
  series = {Conference Track Proceedings},
  title = {Enhancing Q-Learning for Optimal Asset Allocation},
  volume = {10},
  year = {1997}
}

@inproceedings{o1997hippocampal,
  address = {Denver, Colorado, USA},
  author = {O’Reilly, Randall C. and Norman, Kenneth A. and McClelland, James L.},
  booktitle = {Advances in Neural Information Processing Systems 10 (NIPS)},
  editor = {Jordan, M. and Kearns, M. and Solla, S.},
  month = {December},
  note = {\url{https://proceedings.neurips.cc/paper_files/paper/1997/file/a60937eba57758ed45b6d3e91e8659f3-Paper.pdf}},
  openalex = {W2121843296},
  publisher = {MIT Press},
  series = {Conference Track Proceedings},
  title = {A Hippocampal Model of Recognition Memory},
  volume = {10},
  year = {1997}
}

@inproceedings{oh1997learning,
  address = {Denver, Colorado, USA},
  author = {Oh, Jong–Hoon and Seung, H. Sebastian},
  booktitle = {Advances in Neural Information Processing Systems 10 (NIPS)},
  editor = {M. Jordan and M. Kearns and S. Solla},
  month = {December},
  note = {\url{https://proceedings.neurips.cc/paper_files/paper/1997/file/29c4a0e4ef7d1969a94a5f4aadd20690-Paper.pdf}},
  openalex = {W2098361425},
  publisher = {MIT Press},
  series = {Conference Track Proceedings},
  title = {Learning Generative Models with the Up Propagation Algorithm},
  volume = {10},
  year = {1997}
}

@inproceedings{pareigis1997adaptive,
  address = {Denver, Colorado, USA},
  author = {Pareigis, Stephan},
  booktitle = {Advances in Neural Information Processing Systems 10 (NIPS)},
  editor = {M. Jordan and M. Kearns and S. Solla},
  month = {December},
  note = {\url{https://proceedings.neurips.cc/paper_files/paper/1997/file/372d3f309fef061977fb2f7ba36d74d2-Paper.pdf}},
  openalex = {W2142377262},
  publisher = {MIT Press},
  series = {Conference Track Proceedings},
  title = {Adaptive Choice of Grid and Time in Reinforcement Learning},
  volume = {10},
  year = {1997}
}

@inproceedings{parr1997reinforcement,
  address = {Denver, Colorado, USA},
  author = {Parr, Ronald and Russell, Stuart},
  booktitle = {Advances in Neural Information Processing Systems 10 (NIPS)},
  editor = {Jordan, M. and Kearns, M. and Solla, S.},
  month = {December},
  note = {\url{https://proceedings.neurips.cc/paper_files/paper/1997/file/5ca3e9b122f61f8f06494c97b1afccf3-Paper.pdf}},
  openalex = {W2158548602},
  publisher = {MIT Press},
  series = {Conference Track Proceedings},
  title = {Reinforcement Learning with Hierarchies of Machines},
  volume = {10},
  year = {1997}
}

@inproceedings{patel1997analog,
  address = {Denver, Colorado, USA},
  author = {Patel, Girish N. and Holleman, Jeremy and DeWeerth, Stephen P.},
  booktitle = {Advances in Neural Information Processing Systems 10 (NIPS)},
  editor = {M. Jordan and M. Kearns and S. Solla},
  month = {December},
  note = {\url{https://proceedings.neurips.cc/paper_files/paper/1997/file/e48e13207341b6bffb7fb1622282247b-Paper.pdf}},
  openalex = {W2098316235},
  publisher = {MIT Press},
  series = {Conference Track Proceedings},
  title = {Analog VLSI Model of Intersegmental Coordination with Nearest-Neighbor Coupling},
  volume = {10},
  year = {1997}
}

@inproceedings{precup1997multitime,
  address = {Denver, Colorado, USA},
  author = {Precup, Doina and Sutton, Richard S.},
  booktitle = {Advances in Neural Information Processing Systems 10 (NIPS)},
  editor = {M. Jordan and M. Kearns and S. Solla},
  month = {December},
  note = {\url{https://proceedings.neurips.cc/paper_files/paper/1997/file/a9be4c2a4041cadbf9d61ae16dd1389e-Paper.pdf}},
  openalex = {W2156067405},
  publisher = {MIT Press},
  series = {Conference Track Proceedings},
  title = {Multi-time Models for Temporally Abstract Planning},
  volume = {10},
  year = {1997}
}

@inproceedings{priel1997analytical,
  address = {Denver, Colorado, USA},
  author = {Priel, Avner and Kanter, Ido and Kessler, David A.},
  booktitle = {Advances in Neural Information Processing Systems 10 (NIPS)},
  editor = {Jordan, M. and Kearns, M. and Solla, S.},
  month = {December},
  note = {\url{https://proceedings.neurips.cc/paper_files/paper/1997/file/a50abba8132a77191791390c3eb19fe7-Paper.pdf}},
  openalex = {W2099056101},
  publisher = {MIT Press},
  series = {Conference Track Proceedings},
  title = {Analytical Study of the Interplay between Architecture and Predictability},
  volume = {10},
  year = {1997}
}

@inproceedings{rao1997correlates,
  address = {Denver, Colorado, USA},
  author = {Rao, Rajesh},
  booktitle = {Advances in Neural Information Processing Systems 10 (NIPS)},
  editor = {M. Jordan and M. Kearns and S. Solla},
  month = {December},
  note = {\url{https://proceedings.neurips.cc/paper_files/paper/1997/file/23ad3e314e2a2b43b4c720507cec0723-Paper.pdf}},
  publisher = {MIT Press},
  series = {Conference Track Proceedings},
  title = {Correlates of Attention in a Model of Dynamic Visual Recognition},
  volume = {10},
  year = {1997}
}

@inproceedings{ratsaby1997incremental,
  address = {Denver, Colorado, USA},
  author = {Ratsaby, Joel},
  booktitle = {Advances in Neural Information Processing Systems 10 (NIPS)},
  editor = {M. Jordan and M. Kearns and S. Solla},
  month = {December},
  note = {\url{https://proceedings.neurips.cc/paper_files/paper/1997/file/309928d4b100a5d75adff48a9bfc1ddb-Paper.pdf}},
  openalex = {W2135641286},
  publisher = {MIT Press},
  series = {Conference Track Proceedings},
  title = {An Incremental Nearest Neighbor Algorithm with Queries},
  volume = {10},
  year = {1997}
}

@inproceedings{rattray1997globally,
  address = {Denver, Colorado, USA},
  author = {Rattray, Magnus and Saad, David},
  booktitle = {Advances in Neural Information Processing Systems 10 (NIPS)},
  editor = {M. Jordan and M. Kearns and S. Solla},
  month = {December},
  note = {\url{https://proceedings.neurips.cc/paper_files/paper/1997/file/e56b06c51e1049195d7b26d043c478a0-Paper.pdf}},
  openalex = {W2168240007},
  publisher = {MIT Press},
  series = {Conference Track Proceedings},
  title = {Globally optimal on-line learning rules for multi-layer neural networks},
  volume = {10},
  year = {1997}
}

@inproceedings{riesenhuber1997just,
  address = {Denver, Colorado, USA},
  author = {Riesenhuber, Maximilian and Poggio, Tomaso},
  booktitle = {Advances in Neural Information Processing Systems 10 (NIPS)},
  editor = {Jordan, M. and Kearns, M. and Solla, S.},
  month = {December},
  note = {\url{https://proceedings.neurips.cc/paper_files/paper/1997/file/792c7b5aae4a79e78aaeda80516ae2ac-Paper.pdf}},
  openalex = {W2136123750},
  publisher = {MIT Press},
  series = {Conference Track Proceedings},
  title = {Just One View: Invariances in Inferotemporal Cell Tuning},
  volume = {10},
  year = {1997}
}

@inproceedings{ring1997rcc,
  address = {Denver, Colorado, USA},
  author = {Ring, Mark},
  booktitle = {Advances in Neural Information Processing Systems 10 (NIPS)},
  editor = {M. Jordan and M. Kearns and S. Solla},
  month = {December},
  note = {\url{https://proceedings.neurips.cc/paper_files/paper/1997/file/299fb2142d7de959380f91c01c3a293c-Paper.pdf}},
  openalex = {W2104084260},
  publisher = {MIT Press},
  series = {Conference Track Proceedings},
  title = {RCC Cannot Compute Certain FSA, Even with Arbitrary Transfer Functions},
  volume = {10},
  year = {1997}
}

@inproceedings{rodriguez1997recurrent,
  address = {Denver, Colorado, USA},
  author = {Rodriguez, Paul and Wiles, Janet},
  booktitle = {Advances in Neural Information Processing Systems 10 (NIPS)},
  editor = {M. Jordan and M. Kearns and S. Solla},
  month = {December},
  note = {\url{https://proceedings.neurips.cc/paper_files/paper/1997/file/cf9a242b70f45317ffd281241fa66502-Paper.pdf}},
  openalex = {W2161921398},
  publisher = {MIT Press},
  series = {Conference Track Proceedings},
  title = {Recurrent Neural Networks Can Learn to Implement Symbol-Sensitive Counting},
  volume = {10},
  year = {1997}
}

@inproceedings{roweis1997em,
  address = {Denver, Colorado, USA},
  author = {Roweis, Sam T.},
  booktitle = {Advances in Neural Information Processing Systems 10 (NIPS)},
  editor = {M. Jordan and M. Kearns and S. Solla},
  month = {December},
  note = {\url{https://proceedings.neurips.cc/paper_files/paper/1997/file/d9731321ef4e063ebbee79298fa36f56-Paper.pdf}},
  openalex = {W2103633133},
  publisher = {MIT Press},
  series = {Conference Track Proceedings},
  title = {EM Algorithms for PCA and SPCA},
  volume = {10},
  year = {1997}
}

@inproceedings{ryan1997intrusion,
  address = {Denver, Colorado, USA},
  author = {Ryan, Jake and Lin, Meng-Jang and Miikkulainen, Risto},
  booktitle = {Advances in Neural Information Processing Systems 10 (NIPS)},
  editor = {M. Jordan and M. Kearns and S. Solla},
  month = {December},
  note = {\url{https://proceedings.neurips.cc/paper_files/paper/1997/file/1abb1e1ea5f481b589da52303b091cbb-Paper.pdf}},
  openalex = {W2146196597},
  publisher = {MIT Press},
  series = {Conference Track Proceedings},
  title = {Intrusion Detection with Neural Networks},
  volume = {10},
  year = {1997}
}

@inproceedings{sahani1997on,
  address = {Denver, Colorado, USA},
  author = {Sahani, Maneesh and Pezaris, John S. and Andersen, Richard A.},
  booktitle = {Advances in Neural Information Processing Systems 10 (NIPS)},
  editor = {Jordan, M. and Kearns, M. and Solla, S.},
  month = {December},
  note = {\url{https://proceedings.neurips.cc/paper_files/paper/1997/file/5e76bef6e019b2541ff53db39f407a98-Paper.pdf}},
  openalex = {W2123367539},
  publisher = {MIT Press},
  series = {Conference Track Proceedings},
  title = {On the Separation of Signals from Neighboring Cells in Tetrode Recordings},
  volume = {10},
  year = {1997}
}

@inproceedings{saul1997modeling,
  address = {Denver, Colorado, USA},
  author = {Saul, Lawrence K. and Rahim, Mazin G.},
  booktitle = {Advances in Neural Information Processing Systems 10 (NIPS)},
  editor = {M. Jordan and M. Kearns and S. Solla},
  month = {December},
  note = {\url{https://proceedings.neurips.cc/paper_files/paper/1997/file/d10ec7c16cbe9de8fbb1c42787c3ec26-Paper.pdf}},
  openalex = {W2112571327},
  publisher = {MIT Press},
  series = {Conference Track Proceedings},
  title = {Modeling Acoustic Correlations by Factor Analysis},
  volume = {10},
  year = {1997}
}

@inproceedings{schaal1997local,
  address = {Denver, Colorado, USA},
  author = {Schaal, Stefan and Vijayakumar, Sethu and Atkeson, Christopher G.},
  booktitle = {Advances in Neural Information Processing Systems 10 (NIPS)},
  editor = {M. Jordan and M. Kearns and S. Solla},
  month = {December},
  note = {\url{https://proceedings.neurips.cc/paper_files/paper/1997/file/4fa7c62536118cc404dec4a0ca88d4f6-Paper.pdf}},
  openalex = {W2138172627},
  publisher = {MIT Press},
  series = {Conference Track Proceedings},
  title = {Local Dimensionality Reduction},
  volume = {10},
  year = {1997}
}

@inproceedings{schenkel1997comparison,
  address = {Denver, Colorado, USA},
  author = {Schenkel, M. and Latimer, Cyril and Jabri, Marwan A.},
  booktitle = {Advances in Neural Information Processing Systems 10 (NIPS)},
  editor = {M. Jordan and M. Kearns and S. Solla},
  month = {December},
  note = {\url{https://proceedings.neurips.cc/paper_files/paper/1997/file/ad3019b856147c17e82a5bead782d2a8-Paper.pdf}},
  openalex = {W2158487457},
  publisher = {MIT Press},
  series = {Conference Track Proceedings},
  title = {Comparison of Human and Machine Word Recognition},
  volume = {10},
  year = {1997}
}

@inproceedings{scholkopf1997prior,
  address = {Denver, Colorado, USA},
  author = {Schölkopf, Bernhard and Simard, Patrice and Smola, Alex and Vapnik, Vladimir},
  booktitle = {Advances in Neural Information Processing Systems 10 (NIPS)},
  editor = {M. Jordan and M. Kearns and S. Solla},
  month = {December},
  note = {\url{https://proceedings.neurips.cc/paper_files/paper/1997/file/01d8bae291b1e4724443375634ccfa0e-Paper.pdf}},
  openalex = {W2121649666},
  publisher = {MIT Press},
  series = {Conference Track Proceedings},
  title = {Prior Knowledge in Support Vector Kernels},
  volume = {10},
  year = {1997}
}

@inproceedings{schwenk1997training,
  address = {Denver, Colorado, USA},
  author = {Schwenk, Holger and Bengio, Yoshua},
  booktitle = {Advances in Neural Information Processing Systems 10 (NIPS)},
  editor = {Jordan, M. and Kearns, M. and Solla, S.},
  month = {December},
  note = {\url{https://proceedings.neurips.cc/paper_files/paper/1997/file/9cb67ffb59554ab1dabb65bcb370ddd9-Paper.pdf}},
  openalex = {W2151802538},
  publisher = {MIT Press},
  series = {Conference Track Proceedings},
  title = {Training Methods for Adaptive Boosting of Neural Networks},
  volume = {10},
  year = {1997}
}

@inproceedings{seung1997learning,
  address = {Denver, Colorado, USA},
  author = {Seung, H. Sebastian},
  booktitle = {Advances in Neural Information Processing Systems 10 (NIPS)},
  editor = {M. Jordan and M. Kearns and S. Solla},
  month = {December},
  note = {\url{https://proceedings.neurips.cc/paper_files/paper/1997/file/0e3a37aa85a14e359df74fa77eded3f6-Paper.pdf}},
  openalex = {W2140622310},
  publisher = {MIT Press},
  series = {Conference Track Proceedings},
  title = {Learning Continuous Attractors in Recurrent Networks},
  volume = {10},
  year = {1997}
}

@inproceedings{seung1997minimax,
  address = {Denver, Colorado, USA},
  author = {Seung, H. Sebastian and Richardson, Tom and Lagarias, Jeffrey C. and Hopfield, J. J.},
  booktitle = {Advances in Neural Information Processing Systems 10 (NIPS)},
  editor = {M. Jordan and M. Kearns and S. Solla},
  month = {December},
  note = {\url{https://proceedings.neurips.cc/paper_files/paper/1997/file/3d779cae2d46cf6a8a99a35ba4167977-Paper.pdf}},
  openalex = {W2125215807},
  publisher = {MIT Press},
  series = {Conference Track Proceedings},
  title = {Minimax and Hamiltonian Dynamics of Excitatory-Inhibitory Networks},
  volume = {10},
  year = {1997}
}

@inproceedings{shawetaylor1997data,
  address = {Denver, Colorado, USA},
  author = {Shawe‐Taylor, John and Cristianini, Nello},
  booktitle = {Advances in Neural Information Processing Systems 10 (NIPS)},
  editor = {Jordan, M. and Kearns, M. and Solla, S.},
  month = {December},
  note = {\url{https://proceedings.neurips.cc/paper_files/paper/1997/file/8d3369c4c086f236fabf61d614a32818-Paper.pdf}},
  openalex = {W2148351311},
  publisher = {MIT Press},
  series = {Conference Track Proceedings},
  title = {Data-Dependent Structural Risk Minimization for Perceptron Decision Trees},
  volume = {10},
  year = {1997}
}

@inproceedings{shi1997analog,
  address = {Denver, Colorado, USA},
  author = {Shi, Bertram and Hui, Kwok},
  booktitle = {Advances in Neural Information Processing Systems 10 (NIPS)},
  editor = {M. Jordan and M. Kearns and S. Solla},
  month = {December},
  note = {\url{https://proceedings.neurips.cc/paper_files/paper/1997/file/effc299a1addb07e7089f9b269c31f2f-Paper.pdf}},
  publisher = {MIT Press},
  series = {Conference Track Proceedings},
  title = {An Analog VLSI Neural Network for Phase-based Machine Vision},
  volume = {10},
  year = {1997}
}

@inproceedings{sill1997monotonic,
  address = {Denver, Colorado, USA},
  author = {Sill, Joseph},
  booktitle = {Advances in Neural Information Processing Systems 10 (NIPS)},
  editor = {Jordan, M. and Kearns, M. and Solla, S.},
  month = {December},
  note = {\url{https://proceedings.neurips.cc/paper_files/paper/1997/file/83adc9225e4deb67d7ce42d58fe5157c-Paper.pdf}},
  openalex = {W2293093810},
  publisher = {MIT Press},
  series = {Conference Track Proceedings},
  title = {Monotonic Networks},
  volume = {10},
  year = {1997}
}

@inproceedings{singh1997to,
  address = {Denver, Colorado, USA},
  author = {Singh, Satinder and Cohn, David},
  booktitle = {Advances in Neural Information Processing Systems 10 (NIPS)},
  editor = {Jordan, M. and Kearns, M. and Solla, S.},
  month = {December},
  note = {\url{https://proceedings.neurips.cc/paper_files/paper/1997/file/90db9da4fc5414ab55a9fe495d555c06-Paper.pdf}},
  openalex = {W2129307307},
  publisher = {MIT Press},
  series = {Conference Track Proceedings},
  title = {How to Dynamically Merge Markov Decision Processes},
  volume = {10},
  year = {1997}
}

@inproceedings{smola1997from,
  address = {Denver, Colorado, USA},
  author = {Smola, Alex and Schölkopf, Bernhard},
  booktitle = {Advances in Neural Information Processing Systems 10 (NIPS)},
  editor = {M. Jordan and M. Kearns and S. Solla},
  month = {December},
  note = {\url{https://proceedings.neurips.cc/paper_files/paper/1997/file/f3bd5ad57c8389a8a1a541a76be463bf-Paper.pdf}},
  openalex = {W2135998368},
  publisher = {MIT Press},
  series = {Conference Track Proceedings},
  title = {From Regularization Operators to Support Vector Kernels},
  volume = {10},
  year = {1997}
}

@inproceedings{smyth1997stacked,
  address = {Denver, Colorado, USA},
  author = {Smyth, Padhraic and Wolpert, David H.},
  booktitle = {Advances in Neural Information Processing Systems 10 (NIPS)},
  editor = {M. Jordan and M. Kearns and S. Solla},
  month = {December},
  note = {\url{https://proceedings.neurips.cc/paper_files/paper/1997/file/ee8374ec4e4ad797d42350c904d73077-Paper.pdf}},
  openalex = {W2115980193},
  publisher = {MIT Press},
  series = {Conference Track Proceedings},
  title = {Stacked Density Estimation},
  volume = {10},
  year = {1997}
}

@inproceedings{socci1997rectified,
  address = {Denver, Colorado, USA},
  author = {Socci, Nicholas D. and Lee, Daniel D. and Seung, H. Sebastian},
  booktitle = {Advances in Neural Information Processing Systems 10 (NIPS)},
  editor = {M. Jordan and M. Kearns and S. Solla},
  month = {December},
  note = {\url{https://proceedings.neurips.cc/paper_files/paper/1997/file/28fc2782ea7ef51c1104ccf7b9bea13d-Paper.pdf}},
  openalex = {W2114279993},
  publisher = {MIT Press},
  series = {Conference Track Proceedings},
  title = {The Rectified Gaussian Distribution},
  volume = {10},
  year = {1997}
}

@inproceedings{sollich1997on,
  address = {Denver, Colorado, USA},
  author = {Sollich, Peter and Barber, David},
  booktitle = {Advances in Neural Information Processing Systems 10 (NIPS)},
  editor = {M. Jordan and M. Kearns and S. Solla},
  month = {December},
  note = {\url{https://proceedings.neurips.cc/paper_files/paper/1997/file/359f38463d487e9e29bd20e24f0c050a-Paper.pdf}},
  openalex = {W2096656494},
  publisher = {MIT Press},
  series = {Conference Track Proceedings},
  title = {On-line Learning from Finite Training Sets in Nonlinear Networks},
  volume = {10},
  year = {1997}
}

@inproceedings{sommer1997bidirectional,
  address = {Denver, Colorado, USA},
  author = {Sommer, Friedrich T. and Palm, Günther},
  booktitle = {Advances in Neural Information Processing Systems 10 (NIPS)},
  editor = {M. Jordan and M. Kearns and S. Solla},
  month = {December},
  note = {\url{https://proceedings.neurips.cc/paper_files/paper/1997/file/f52378e14237225a6f6c7d802dc6abbd-Paper.pdf}},
  openalex = {W2108562031},
  publisher = {MIT Press},
  series = {Conference Track Proceedings},
  title = {Bidirectional Retrieval from Associative Memory},
  volume = {10},
  year = {1997}
}

@inproceedings{song1997incorporating,
  address = {Denver, Colorado, USA},
  author = {Song, Xubo and Abu‐Mostafa, Yaser S. and Sill, Joseph and Kasdan, Harvey L.},
  booktitle = {Advances in Neural Information Processing Systems 10 (NIPS)},
  editor = {M. Jordan and M. Kearns and S. Solla},
  month = {December},
  note = {\url{https://proceedings.neurips.cc/paper_files/paper/1997/file/1f3202d820180a39f736f20fce790de8-Paper.pdf}},
  openalex = {W2152550539},
  publisher = {MIT Press},
  series = {Conference Track Proceedings},
  title = {Incorporating Contextual Information in White Blood Cell Identification},
  volume = {10},
  year = {1997}
}

@inproceedings{spangler1997bach,
  address = {Denver, Colorado, USA},
  author = {Spangler, Randall and Goodman, R.M. and Hawkins, Jim},
  booktitle = {Advances in Neural Information Processing Systems 10 (NIPS)},
  editor = {M. Jordan and M. Kearns and S. Solla},
  month = {December},
  note = {\url{https://proceedings.neurips.cc/paper_files/paper/1997/file/42ffcf057e133f94c1b7b5cf543ef3bd-Paper.pdf}},
  openalex = {W2141723886},
  publisher = {MIT Press},
  series = {Conference Track Proceedings},
  title = {Bach in a Box - Real-Time Harmony},
  volume = {10},
  year = {1997}
}

@inproceedings{sykacek1997experiences,
  address = {Denver, Colorado, USA},
  author = {Sykacek, Peter and Dorffner, Georg and Rappelsberger, Peter and Zeitlhofer, J.},
  booktitle = {Advances in Neural Information Processing Systems 10 (NIPS)},
  editor = {Jordan, M. and Kearns, M. and Solla, S.},
  month = {December},
  note = {\url{https://proceedings.neurips.cc/paper_files/paper/1997/file/a424ed4bd3a7d6aea720b86d4a360f75-Paper.pdf}},
  openalex = {W2165977312},
  publisher = {MIT Press},
  series = {Conference Track Proceedings},
  title = {Experiences with Bayesian Learning in a Real World Application},
  volume = {10},
  year = {1997}
}

@inproceedings{szepesvari1997asymptotic,
  address = {Denver, Colorado, USA},
  author = {Szepesvári, Csaba},
  booktitle = {Advances in Neural Information Processing Systems 10 (NIPS)},
  editor = {M. Jordan and M. Kearns and S. Solla},
  month = {December},
  note = {\url{https://proceedings.neurips.cc/paper_files/paper/1997/file/cd0dce8fca267bf1fb86cf43e18d5598-Paper.pdf}},
  openalex = {W2150147323},
  publisher = {MIT Press},
  series = {Conference Track Proceedings},
  title = {The Asymptotic Convergence-Rate of Q-learning},
  volume = {10},
  year = {1997}
}

@inproceedings{tenenbaum1997mapping,
  address = {Denver, Colorado, USA},
  author = {Tenenbaum, Joshua B.},
  booktitle = {Advances in Neural Information Processing Systems 10 (NIPS)},
  editor = {M. Jordan and M. Kearns and S. Solla},
  month = {December},
  note = {\url{https://proceedings.neurips.cc/paper_files/paper/1997/file/28e209b61a52482a0ae1cb9f5959c792-Paper.pdf}},
  openalex = {W2159174312},
  publisher = {MIT Press},
  series = {Conference Track Proceedings},
  title = {Mapping a Manifold of Perceptual Observations},
  volume = {10},
  year = {1997}
}

@inproceedings{torkkola1997blind,
  address = {Denver, Colorado, USA},
  author = {Torkkola, Kari},
  booktitle = {Advances in Neural Information Processing Systems 10 (NIPS)},
  editor = {Jordan, M. and Kearns, M. and Solla, S.},
  month = {December},
  note = {\url{https://proceedings.neurips.cc/paper_files/paper/1997/file/6a5889bb0190d0211a991f47bb19a777-Paper.pdf}},
  openalex = {W2127742081},
  publisher = {MIT Press},
  series = {Conference Track Proceedings},
  title = {Blind Separation of Radio Signals in Fading Channels},
  volume = {10},
  year = {1997}
}

@inproceedings{tresp1997solution,
  address = {Denver, Colorado, USA},
  author = {Tresp, Volker and Briegel, T.},
  booktitle = {Advances in Neural Information Processing Systems 10 (NIPS)},
  editor = {M. Jordan and M. Kearns and S. Solla},
  month = {December},
  note = {\url{https://proceedings.neurips.cc/paper_files/paper/1997/file/c73dfe6c630edb4c1692db67c510f65c-Paper.pdf}},
  openalex = {W2100137028},
  publisher = {MIT Press},
  series = {Conference Track Proceedings},
  title = {A Solution for Missing Data in Recurrent Neural Networks with an Application to Blood Glucose Prediction},
  volume = {10},
  year = {1997}
}

@inproceedings{turiel1997self,
  address = {Denver, Colorado, USA},
  author = {Turiel, Antonio and Mato, Germán and Parga, Néstor and Nadal, Jean‐Pierre},
  booktitle = {Advances in Neural Information Processing Systems 10 (NIPS)},
  editor = {M. Jordan and M. Kearns and S. Solla},
  month = {December},
  note = {\url{https://proceedings.neurips.cc/paper_files/paper/1997/file/07042ac7d03d3b9911a00da43ce0079a-Paper.pdf}},
  openalex = {W2125921770},
  publisher = {MIT Press},
  series = {Conference Track Proceedings},
  title = {Self-Similarity Properties of Natural Images Resemble Those of Turbulent Flows},
  volume = {10},
  year = {1997}
}

@inproceedings{vasconcelos1997multiresolution,
  address = {Denver, Colorado, USA},
  author = {Vasconcelos, Nuno and Lippman, Andrew},
  booktitle = {Advances in Neural Information Processing Systems 10 (NIPS)},
  editor = {Jordan, M. and Kearns, M. and Solla, S.},
  month = {December},
  note = {\url{https://proceedings.neurips.cc/paper_files/paper/1997/file/7d6044e95a16761171b130dcb476a43e-Paper.pdf}},
  openalex = {W2158416517},
  publisher = {MIT Press},
  series = {Conference Track Proceedings},
  title = {Multiresolution Tangent Distance for Affine-invariant Classification},
  volume = {10},
  year = {1997}
}

@inproceedings{verrelst1997use,
  address = {Denver, Colorado, USA},
  author = {Verrelst, Herman and Moreau, Yves and Vandewalle, Joos and Timmerman, D.},
  booktitle = {Advances in Neural Information Processing Systems 10 (NIPS)},
  editor = {M. Jordan and M. Kearns and S. Solla},
  month = {December},
  note = {\url{https://proceedings.neurips.cc/paper_files/paper/1997/file/46771d1f432b42343f56f791422a4991-Paper.pdf}},
  openalex = {W2170311364},
  publisher = {MIT Press},
  series = {Conference Track Proceedings},
  title = {Use of a Multi-Layer Perceptron to Predict Malignancy in Ovarian Tumors},
  volume = {10},
  year = {1997}
}

@inproceedings{vigario1997independent,
  address = {Denver, Colorado, USA},
  author = {Vigário, Ricardo and Jousmäki, Veikko and Hämäläinen, Matti and Hari, Riitta and Oja, Erkki},
  booktitle = {Advances in Neural Information Processing Systems 10 (NIPS)},
  editor = {Jordan, M. and Kearns, M. and Solla, S.},
  month = {December},
  note = {\url{https://proceedings.neurips.cc/paper_files/paper/1997/file/6d9cb7de5e8ac30bd5e8734bc96a35c1-Paper.pdf}},
  openalex = {W2147618476},
  publisher = {MIT Press},
  series = {Conference Track Proceedings},
  title = {Independent Component Analysis for Identification of Artifacts in Magnetoencephalographic Recordings},
  volume = {10},
  year = {1997}
}

@inproceedings{vinje1997modeling,
  address = {Denver, Colorado, USA},
  author = {Vinje, W. and Gallant, Jack L.},
  booktitle = {Advances in Neural Information Processing Systems 10 (NIPS)},
  editor = {M. Jordan and M. Kearns and S. Solla},
  month = {December},
  note = {\url{https://proceedings.neurips.cc/paper_files/paper/1997/file/4edaa105d5f53590338791951e38c3ad-Paper.pdf}},
  openalex = {W2100035604},
  publisher = {MIT Press},
  series = {Conference Track Proceedings},
  title = {Modeling Complex Cells in an Awake Macaque during Natural Image Viewing},
  volume = {10},
  year = {1997}
}

@inproceedings{vovk1997competitive,
  address = {Denver, Colorado, USA},
  author = {Vovk, Volodya},
  booktitle = {Advances in Neural Information Processing Systems 10 (NIPS)},
  editor = {M. Jordan and M. Kearns and S. Solla},
  month = {December},
  note = {\url{https://proceedings.neurips.cc/paper_files/paper/1997/file/30c8e1ca872524fbf7ea5c519ca397ee-Paper.pdf}},
  publisher = {MIT Press},
  series = {Conference Track Proceedings},
  title = {Competitive On-line Linear Regression},
  volume = {10},
  year = {1997}
}

@inproceedings{vu1997infeasibility,
  address = {Denver, Colorado, USA},
  author = {Vu, Van H. and Vu H.},
  booktitle = {Advances in Neural Information Processing Systems 10 (NIPS)},
  editor = {M. Jordan and M. Kearns and S. Solla},
  month = {December},
  note = {\url{https://proceedings.neurips.cc/paper_files/paper/1997/file/b197ffdef2ddc3308584dce7afa3661b-Paper.pdf}},
  publisher = {MIT Press},
  series = {Conference Track Proceedings},
  title = {On the Infeasibility of Training Neural Networks with Small Squared Errors},
  volume = {10},
  year = {1997}
}

@inproceedings{weiss1997phasetransitions,
  address = {Denver, Colorado, USA},
  author = {Weiss, Yair},
  booktitle = {Advances in Neural Information Processing Systems 10 (NIPS)},
  editor = {M. Jordan and M. Kearns and S. Solla},
  month = {December},
  note = {\url{https://proceedings.neurips.cc/paper_files/paper/1997/file/af4732711661056eadbf798ba191272a-Paper.pdf}},
  openalex = {W2114746503},
  publisher = {MIT Press},
  series = {Conference Track Proceedings},
  title = {Phase Transitions and the Perceptual Organization of Video Sequences},
  volume = {10},
  year = {1997}
}

@inproceedings{willett1997hybrid,
  address = {Denver, Colorado, USA},
  author = {Willett, Daniel and Rigoll, Gerhard},
  booktitle = {Advances in Neural Information Processing Systems 10 (NIPS)},
  editor = {M. Jordan and M. Kearns and S. Solla},
  month = {December},
  note = {\url{https://proceedings.neurips.cc/paper_files/paper/1997/file/3de2334a314a7a72721f1f74a6cb4cee-Paper.pdf}},
  openalex = {W2117418643},
  publisher = {MIT Press},
  series = {Conference Track Proceedings},
  title = {Hybrid NN/HMM-Based Speech Recognition with a Discriminant Neural Feature Extraction},
  volume = {10},
  year = {1997}
}

@inproceedings{williams1997modelling,
  address = {Denver, Colorado, USA},
  author = {Williams, Peter M.},
  booktitle = {Advances in Neural Information Processing Systems 10 (NIPS)},
  editor = {M. Jordan and M. Kearns and S. Solla},
  month = {December},
  note = {\url{https://proceedings.neurips.cc/paper_files/paper/1997/file/56352739f59643540a3a6e16985f62c7-Paper.pdf}},
  openalex = {W2144070615},
  publisher = {MIT Press},
  series = {Conference Track Proceedings},
  title = {Modelling Seasonality and Trends in Daily Rainfall Data},
  volume = {10},
  year = {1997}
}

@inproceedings{wilson1997graph,
  address = {Denver, Colorado, USA},
  author = {Wilson, Richard C. and Hancock, Edwin R.},
  booktitle = {Advances in Neural Information Processing Systems 10 (NIPS)},
  editor = {M. Jordan and M. Kearns and S. Solla},
  month = {December},
  note = {\url{https://proceedings.neurips.cc/paper_files/paper/1997/file/3bbfdde8842a5c44a0323518eec97cbe-Paper.pdf}},
  openalex = {W2140452537},
  publisher = {MIT Press},
  series = {Conference Track Proceedings},
  title = {Graph matching with hierarchical discrete relaxation},
  volume = {10},
  year = {1997}
}

@inproceedings{xiong1997storage,
  address = {Denver, Colorado, USA},
  author = {Xiong, Yuansheng and Oh, Jong–Hoon and Kwon, Chulan},
  booktitle = {Advances in Neural Information Processing Systems 10 (NIPS)},
  editor = {M. Jordan and M. Kearns and S. Solla},
  month = {December},
  note = {\url{https://proceedings.neurips.cc/paper_files/paper/1997/file/56468d5607a5aaf1604ff5e15593b003-Paper.pdf}},
  openalex = {W1988491823},
  publisher = {MIT Press},
  series = {Conference Track Proceedings},
  title = {Weight space structure and the storage capacity of a fully connected committee machine},
  volume = {10},
  year = {1997}
}

@inproceedings{yamada1997hybrid,
  address = {Denver, Colorado, USA},
  author = {Yamada, Satoshi and Watanabe, Akira and Nakashima, Michio},
  booktitle = {Advances in Neural Information Processing Systems 10 (NIPS)},
  editor = {Jordan, M. and Kearns, M. and Solla, S.},
  month = {December},
  note = {\url{https://proceedings.neurips.cc/paper_files/paper/1997/file/7895fc13088ee37f511913bac71fa66f-Paper.pdf}},
  openalex = {W2164966957},
  publisher = {MIT Press},
  series = {Conference Track Proceedings},
  title = {Hybrid Reinforcement Learning and Its Application to Biped Robot Control},
  volume = {10},
  year = {1997}
}

@inproceedings{yang1997efficiency,
  address = {Denver, Colorado, USA},
  author = {Yang, Howard and Amari, Shun-ichi},
  booktitle = {Advances in Neural Information Processing Systems 10 (NIPS)},
  editor = {M. Jordan and M. Kearns and S. Solla},
  month = {December},
  note = {\url{https://proceedings.neurips.cc/paper_files/paper/1997/file/ff49cc40a8890e6a60f40ff3026d2730-Paper.pdf}},
  publisher = {MIT Press},
  series = {Conference Track Proceedings},
  title = {The Efficiency and the Robustness of Natural Gradient Descent Learning Rule},
  volume = {10},
  year = {1997}
}

@inproceedings{yang1997multiplicative,
  address = {Denver, Colorado, USA},
  author = {Yang, Howard H.},
  booktitle = {Advances in Neural Information Processing Systems 10 (NIPS)},
  editor = {Jordan, M. and Kearns, M. and Solla, S.},
  month = {December},
  note = {\url{https://proceedings.neurips.cc/paper_files/paper/1997/file/5e1b18c4c6a6d31695acbae3fd70ecc6-Paper.pdf}},
  openalex = {W2159601469},
  publisher = {MIT Press},
  series = {Conference Track Proceedings},
  title = {Multiplicative Updating Rule for Blind Separation Derived from the Method of Scoring},
  volume = {10},
  year = {1997}
}

@inproceedings{zimmermann1997observer,
  address = {Denver, Colorado, USA},
  author = {Zimmermann, Hans-Georg and Neuneier, Ralph},
  booktitle = {Advances in Neural Information Processing Systems 10 (NIPS)},
  editor = {Jordan, M. and Kearns, M. and Solla, S.},
  month = {December},
  note = {\url{https://proceedings.neurips.cc/paper_files/paper/1997/file/86e8f7ab32cfd12577bc2619bc635690-Paper.pdf}},
  openalex = {W2132222485},
  publisher = {MIT Press},
  series = {Conference Track Proceedings},
  title = {The Observer-Observation Dilemma in Neuro-Forecasting},
  volume = {10},
  year = {1997}
}
