@inproceedings{abbott1998temporally,
  address =      {Denver, Colorado, USA},
  author =       {Abbott, L. and Song, Sen},
  booktitle =    {Advances in Neural Information Processing Systems 11
                  (NIPS)},
  editor =       {Kearns, M. and Solla, S. and Cohn, D.},
  month =        {November},
  note =
                  {\url{https://proceedings.neurips.cc/paper_files/paper/1998/file/806beafe154032a5b818e97b4420ad98-Paper.pdf}},
  publisher =    {MIT Press},
  series =       {Conference Track Proceedings},
  title =        {Temporally Asymmetric Hebbian Learning, Spike Timing
                  and Neural Response Variability},
  volume =       11,
  year =         1998
}

@inproceedings{adorjan1998contrast,
  address =      {Denver, Colorado, USA},
  author =       {Adorján, Péter and Obermayer, Klaus},
  booktitle =    {Advances in Neural Information Processing Systems 11
                  (NIPS)},
  editor =       {Kearns, M. and Solla, S. and Cohn, D.},
  month =        {November},
  note =
                  {\url{https://proceedings.neurips.cc/paper_files/paper/1998/file/42d6c7d61481d1c21bd1635f59edae05-Paper.pdf}},
  openalex =     {W2147217471},
  publisher =    {MIT Press},
  series =       {Conference Track Proceedings},
  title =        {Contrast Adaptation in Simple Cells by Changing the
                  Transmitter Release Probability},
  volume =       11,
  year =         1998
}

@inproceedings{alansari1998robust,
  address =      {Denver, Colorado, USA},
  author =       {Al-Ansari, Mohammad A. and Williams, Ronald J.},
  booktitle =    {Advances in Neural Information Processing Systems 11
                  (NIPS)},
  editor =       {Kearns, M. and Solla, S. and Cohn, D.},
  month =        {November},
  note =
                  {\url{https://proceedings.neurips.cc/paper_files/paper/1998/file/6b8eba43551742214453411664a0dcc8-Paper.pdf}},
  openalex =     {W2114054213},
  publisher =    {MIT Press},
  series =       {Conference Track Proceedings},
  title =        {Robust, Efficient, Globally-Optimized Reinforcement
                  Learning with the Parti-Game Algorithm},
  volume =       11,
  year =         1998
}

@inproceedings{attias1998learning,
  address =      {Denver, Colorado, USA},
  author =       {Attias, Hagai},
  booktitle =    {Advances in Neural Information Processing Systems 11
                  (NIPS)},
  editor =       {Kearns, M. and Solla, S. and Cohn, D.},
  month =        {November},
  note =
                  {\url{https://proceedings.neurips.cc/paper_files/paper/1998/file/6ba3af5d7b2790e73f0de32e5c8c1798-Paper.pdf}},
  openalex =     {W2161289811},
  publisher =    {MIT Press},
  series =       {Conference Track Proceedings},
  title =        {Learning a Hierarchical Belief Network of
                  Independent Factor Analyzers},
  volume =       11,
  year =         1998
}

@inproceedings{baird1998gradient,
  address =      {Denver, Colorado, USA},
  author =       {Baird, Leemon C. and Moore, Andrew},
  booktitle =    {Advances in Neural Information Processing Systems 11
                  (NIPS)},
  editor =       {Kearns, M. and Solla, S. and Cohn, D.},
  month =        {November},
  note =
                  {\url{https://proceedings.neurips.cc/paper_files/paper/1998/file/af5afd7f7c807171981d443ad4f4f648-Paper.pdf}},
  openalex =     {W2164056559},
  publisher =    {MIT Press},
  series =       {Conference Track Proceedings},
  title =        {Gradient Descent for General Reinforcement Learning},
  volume =       11,
  year =         1998
}

@inproceedings{baluja1998making,
  address =      {Denver, Colorado, USA},
  author =       {Baluja, Shumeet},
  booktitle =    {Advances in Neural Information Processing Systems 11
                  (NIPS)},
  editor =       {Kearns, M. and Solla, S. and Cohn, D.},
  month =        {November},
  note =
                  {\url{https://proceedings.neurips.cc/paper_files/paper/1998/file/ced556cd9f9c0c8315cfbe0744a3baf0-Paper.pdf}},
  openalex =     {W2166645434},
  publisher =    {MIT Press},
  series =       {Conference Track Proceedings},
  title =        {Making Templates Rotationally Invariant. An
                  Application to Rotated Digit Recognition},
  volume =       11,
  year =         1998
}

@inproceedings{baluja1998probabilistic,
  address =      {Denver, Colorado, USA},
  author =       {Baluja, Shumeet},
  booktitle =    {Advances in Neural Information Processing Systems 11
                  (NIPS)},
  editor =       {Kearns, M. and Solla, S. and Cohn, D.},
  month =        {November},
  note =
                  {\url{https://proceedings.neurips.cc/paper_files/paper/1998/file/18d10dc6e666eab6de9215ae5b3d54df-Paper.pdf}},
  openalex =     {W2158485347},
  publisher =    {MIT Press},
  series =       {Conference Track Proceedings},
  title =        {Probabilistic Modeling for Face Orientation
                  Discrimination: Learning from Labeled and Unlabeled
                  Data},
  volume =       11,
  year =         1998
}

@inproceedings{baraduc1998where,
  address =      {Denver, Colorado, USA},
  author =       {Baraduc, Pierre and Guigon, Emmanuel and Burnod,
                  Yves},
  booktitle =    {Advances in Neural Information Processing Systems 11
                  (NIPS)},
  editor =       {Kearns, M. and Solla, S. and Cohn, D.},
  month =        {November},
  note =
                  {\url{https://proceedings.neurips.cc/paper_files/paper/1998/file/fcdf25d6e191893e705819b177cddea0-Paper.pdf}},
  openalex =     {W2147565823},
  publisher =    {MIT Press},
  series =       {Conference Track Proceedings},
  title =        {Where does the population vector of motor cortical
                  cells point during reaching movements?},
  volume =       11,
  year =         1998
}

@inproceedings{barber1998tractable,
  address =      {Denver, Colorado, USA},
  author =       {Barber, David and Wiegerinck, Wim},
  booktitle =    {Advances in Neural Information Processing Systems 11
                  (NIPS)},
  editor =       {Kearns, M. and Solla, S. and Cohn, D.},
  month =        {November},
  note =
                  {\url{https://proceedings.neurips.cc/paper_files/paper/1998/file/297fa7777981f402dbba17e9f29e292d-Paper.pdf}},
  openalex =     {W2152895903},
  publisher =    {MIT Press},
  series =       {Conference Track Proceedings},
  title =        {Tractable Variational Structures for Approximating
                  Graphical Models},
  volume =       11,
  year =         1998
}

@inproceedings{bartlett1998almost,
  address =      {Denver, Colorado, USA},
  author =       {Bartlett, Peter L. and Maiorov, Vitaly and Meir,
                  Ron},
  booktitle =    {Advances in Neural Information Processing Systems 11
                  (NIPS)},
  editor =       {Kearns, M. and Solla, S. and Cohn, D.},
  month =        {November},
  note =
                  {\url{https://proceedings.neurips.cc/paper_files/paper/1998/file/bc7316929fe1545bf0b98d114ee3ecb8-Paper.pdf}},
  openalex =     {W2115881141},
  publisher =    {MIT Press},
  series =       {Conference Track Proceedings},
  title =        {Almost Linear VC-Dimension Bounds for Piecewise
                  Polynomial Networks},
  volume =       11,
  year =         1998
}

@inproceedings{bennett1998semi,
  address =      {Denver, Colorado, USA},
  author =       {Bennett, Kristin P. and Demiriz, Ayhan},
  booktitle =    {Advances in Neural Information Processing Systems 11
                  (NIPS)},
  editor =       {Kearns, M. and Solla, S. and Cohn, D.},
  month =        {November},
  note =
                  {\url{https://proceedings.neurips.cc/paper_files/paper/1998/file/b710915795b9e9c02cf10d6d2bdb688c-Paper.pdf}},
  openalex =     {W2107968230},
  publisher =    {MIT Press},
  series =       {Conference Track Proceedings},
  title =        {Semi-Supervised Support Vector Machines},
  volume =       11,
  year =         1998
}

@inproceedings{bhushan1998evidence,
  address =      {Denver, Colorado, USA},
  author =       {Bhushan, Nikhil and Shadmehr, Reza},
  booktitle =    {Advances in Neural Information Processing Systems 11
                  (NIPS)},
  editor =       {Kearns, M. and Solla, S. and Cohn, D.},
  month =        {November},
  note =
                  {\url{https://proceedings.neurips.cc/paper_files/paper/1998/file/86df7dcfd896fcaf2674f757a2463eba-Paper.pdf}},
  openalex =     {W2150705094},
  publisher =    {MIT Press},
  series =       {Conference Track Proceedings},
  title =        {Evidence for a Forward Dynamics Model in Human
                  Adaptive Motor Control},
  volume =       11,
  year =         1998
}

@inproceedings{birattari1998lazy,
  address =      {Denver, Colorado, USA},
  author =       {Birattari, Mauro and Bontempi, Gianluca and Bersini,
                  Hugues},
  booktitle =    {Advances in Neural Information Processing Systems 11
                  (NIPS)},
  editor =       {Kearns, M. and Solla, S. and Cohn, D.},
  month =        {November},
  note =
                  {\url{https://proceedings.neurips.cc/paper_files/paper/1998/file/4dcf435435894a4d0972046fc566af76-Paper.pdf}},
  openalex =     {W2105738427},
  publisher =    {MIT Press},
  series =       {Conference Track Proceedings},
  title =        {Lazy Learning Meets the Recursive Least Squares
                  Algorithm},
  volume =       11,
  year =         1998
}

@inproceedings{bishop1998bayesian,
  address =      {Denver, Colorado, USA},
  author =       {Bishop, Christopher},
  booktitle =    {Advances in Neural Information Processing Systems 11
                  (NIPS)},
  editor =       {Kearns, M. and Solla, S. and Cohn, D.},
  month =        {November},
  note =
                  {\url{https://proceedings.neurips.cc/paper_files/paper/1998/file/c88d8d0a6097754525e02c2246d8d27f-Paper.pdf}},
  publisher =    {MIT Press},
  series =       {Conference Track Proceedings},
  title =        {Bayesian PCA},
  volume =       11,
  year =         1998
}

@inproceedings{blake1998learning,
  address =      {Denver, Colorado, USA},
  author =       {Blake, Andrew and North, Ben and Isard, Michael},
  booktitle =    {Advances in Neural Information Processing Systems 11
                  (NIPS)},
  editor =       {Kearns, M. and Solla, S. and Cohn, D.},
  month =        {November},
  note =
                  {\url{https://proceedings.neurips.cc/paper_files/paper/1998/file/ebb71045453f38676c40deb9864f811d-Paper.pdf}},
  openalex =     {W2123917177},
  publisher =    {MIT Press},
  series =       {Conference Track Proceedings},
  title =        {Learning Multi-Class Dynamics},
  volume =       11,
  year =         1998
}

@inproceedings{boyen1998approximate,
  address =      {Denver, Colorado, USA},
  author =       {Boyen, Xavier and Koller, Daphne},
  booktitle =    {Advances in Neural Information Processing Systems 11
                  (NIPS)},
  editor =       {Kearns, M. and Solla, S. and Cohn, D.},
  month =        {November},
  note =
                  {\url{https://proceedings.neurips.cc/paper_files/paper/1998/file/894b77f805bd94d292574c38c5d628d5-Paper.pdf}},
  openalex =     {W2132588110},
  publisher =    {MIT Press},
  series =       {Conference Track Proceedings},
  title =        {Approximate Learning of Dynamic Models},
  volume =       11,
  year =         1998
}

@inproceedings{brand1998entropic,
  address =      {Denver, Colorado, USA},
  author =       {Brand, Matthew},
  booktitle =    {Advances in Neural Information Processing Systems 11
                  (NIPS)},
  editor =       {Kearns, M. and Solla, S. and Cohn, D.},
  month =        {November},
  note =
                  {\url{https://proceedings.neurips.cc/paper_files/paper/1998/file/3fb451ca2e89b3a13095b059d8705b15-Paper.pdf}},
  openalex =     {W2135624911},
  publisher =    {MIT Press},
  series =       {Conference Track Proceedings},
  title =        {An Entropic Estimator for Structure Discovery},
  volume =       11,
  year =         1998
}

@inproceedings{briegel1998fisher,
  address =      {Denver, Colorado, USA},
  author =       {Briegel, T. and Tresp, Volker},
  booktitle =    {Advances in Neural Information Processing Systems 11
                  (NIPS)},
  editor =       {Kearns, M. and Solla, S. and Cohn, D.},
  month =        {November},
  note =
                  {\url{https://proceedings.neurips.cc/paper_files/paper/1998/file/17e23e50bedc63b4095e3d8204ce063b-Paper.pdf}},
  openalex =     {W2168685319},
  publisher =    {MIT Press},
  series =       {Conference Track Proceedings},
  title =        {Fisher Scoring and a Mixture of Modes Approach for
                  Approximate Inference and Learning in Nonlinear
                  State Space Models},
  volume =       11,
  year =         1998
}

@inproceedings{brown1998non,
  address =      {Denver, Colorado, USA},
  author =       {Brown, Lyndon J. and Gonye, Gregory E. and Schwaber,
                  James S.},
  booktitle =    {Advances in Neural Information Processing Systems 11
                  (NIPS)},
  editor =       {Kearns, M. and Solla, S. and Cohn, D.},
  month =        {November},
  note =
                  {\url{https://proceedings.neurips.cc/paper_files/paper/1998/file/9e984c108157cea74c894b5cf34efc44-Paper.pdf}},
  openalex =     {W1663438825},
  publisher =    {MIT Press},
  series =       {Conference Track Proceedings},
  title =        {Non-linear PI control inspired by biological control
                  systems},
  volume =       11,
  year =         1998
}

@inproceedings{brown1998optimizing,
  address =      {Denver, Colorado, USA},
  author =       {Brown, Timothy X. and Tong, Hui and Singh, Satinder},
  booktitle =    {Advances in Neural Information Processing Systems 11
                  (NIPS)},
  editor =       {Kearns, M. and Solla, S. and Cohn, D.},
  month =        {November},
  note =
                  {\url{https://proceedings.neurips.cc/paper_files/paper/1998/file/83e8ef518174e1eb6be4a0778d050c9d-Paper.pdf}},
  openalex =     {W2167790374},
  publisher =    {MIT Press},
  series =       {Conference Track Proceedings},
  title =        {Optimizing Admission Control while Ensuring Quality
                  of Service in Multimedia Networks via Reinforcement
                  Learning},
  volume =       11,
  year =         1998
}

@inproceedings{cauwenberghs1998analog,
  address =      {Denver, Colorado, USA},
  author =       {Canwenberghs, G. and Waskiewicz, J.},
  booktitle =    {Advances in Neural Information Processing Systems 11
                  (NIPS)},
  editor =       {Kearns, M. and Solla, S. and Cohn, D.},
  month =        {November},
  note =
                  {\url{https://proceedings.neurips.cc/paper_files/paper/1998/file/d63fbf8c3173730f82b150c5ef38b8ff-Paper.pdf}},
  openalex =     {W2163633330},
  publisher =    {MIT Press},
  series =       {Conference Track Proceedings},
  title =        {Focal-plane analog VLSI cellular implementation of
                  the boundary contour system},
  volume =       11,
  year =         1998
}

@inproceedings{chance1998recurrent,
  address =      {Denver, Colorado, USA},
  author =       {Chance, Frances S. and Nelson, Sacha B. and Abbott,
                  L. F.},
  booktitle =    {Advances in Neural Information Processing Systems 11
                  (NIPS)},
  editor =       {Kearns, M. and Solla, S. and Cohn, D.},
  month =        {November},
  note =
                  {\url{https://proceedings.neurips.cc/paper_files/paper/1998/file/e60e81c4cbe5171cd654662d9887aec2-Paper.pdf}},
  openalex =     {W2098324370},
  publisher =    {MIT Press},
  series =       {Conference Track Proceedings},
  title =        {Recurrent Cortical Amplification Produces Complex
                  Cell Responses},
  volume =       11,
  year =         1998
}

@inproceedings{chechik1998neuronal,
  address =      {Denver, Colorado, USA},
  author =       {Chechik, Gal and Meilijson, Isaac and Ruppin, Eytan},
  booktitle =    {Advances in Neural Information Processing Systems 11
                  (NIPS)},
  editor =       {Kearns, M. and Solla, S. and Cohn, D.},
  month =        {November},
  note =
                  {\url{https://proceedings.neurips.cc/paper_files/paper/1998/file/98986c005e5def2da341b4e0627d4712-Paper.pdf}},
  openalex =     {W2117281029},
  publisher =    {MIT Press},
  series =       {Conference Track Proceedings},
  title =        {Neuronal Regulation Implements Efficient Synaptic
                  Pruning},
  volume =       11,
  year =         1998
}

@inproceedings{chen1998perceiving,
  address =      {Denver, Colorado, USA},
  author =       {Chen, Ke and Wang, DeLiang L.},
  booktitle =    {Advances in Neural Information Processing Systems 11
                  (NIPS)},
  editor =       {Kearns, M. and Solla, S. and Cohn, D.},
  month =        {November},
  note =
                  {\url{https://proceedings.neurips.cc/paper_files/paper/1998/file/dca5672ff3444c7e997aa9a2c4eb2094-Paper.pdf}},
  openalex =     {W2126485605},
  publisher =    {MIT Press},
  series =       {Conference Track Proceedings},
  title =        {Perceiving without Learning: From Spirals to
                  Inside/Outside Relations},
  volume =       11,
  year =         1998
}

@inproceedings{cho1998active,
  address =      {Denver, Colorado, USA},
  author =       {Cho, Jung‐Wook and Lee, Soo-Young},
  booktitle =    {Advances in Neural Information Processing Systems 11
                  (NIPS)},
  editor =       {Kearns, M. and Solla, S. and Cohn, D.},
  month =        {November},
  note =
                  {\url{https://proceedings.neurips.cc/paper_files/paper/1998/file/1373b284bc381890049e92d324f56de0-Paper.pdf}},
  openalex =     {W2113997972},
  publisher =    {MIT Press},
  series =       {Conference Track Proceedings},
  title =        {Active Noise Canceling Using Analog Neuro-Chip with
                  On-Chip Learning Capability},
  volume =       11,
  year =         1998
}

@inproceedings{christianson1998model,
  address =      {Denver, Colorado, USA},
  author =       {Christianson, G. and Becker, Suzanna},
  booktitle =    {Advances in Neural Information Processing Systems 11
                  (NIPS)},
  editor =       {Kearns, M. and Solla, S. and Cohn, D.},
  month =        {November},
  note =
                  {\url{https://proceedings.neurips.cc/paper_files/paper/1998/file/8a146f1a3da4700cbf03cdc55e2daae6-Paper.pdf}},
  publisher =    {MIT Press},
  series =       {Conference Track Proceedings},
  title =        {A Model for Associative Multiplication},
  volume =       11,
  year =         1998
}

@inproceedings{coggins1998micropower,
  address =      {Denver, Colorado, USA},
  author =       {Coggins, Richard and Wang, Raymond J. and Jabri,
                  Marwan A.},
  booktitle =    {Advances in Neural Information Processing Systems 11
                  (NIPS)},
  editor =       {Kearns, M. and Solla, S. and Cohn, D.},
  month =        {November},
  note =
                  {\url{https://proceedings.neurips.cc/paper_files/paper/1998/file/29921001f2f04bd3baee84a12e98098f-Paper.pdf}},
  openalex =     {W2168997178},
  publisher =    {MIT Press},
  series =       {Conference Track Proceedings},
  title =        {A Micropower CMOS Adaptive Amplitude and Shift
                  Invariant Vector Quantiser},
  volume =       11,
  year =         1998
}

@inproceedings{coolen1998dynamics,
  address =      {Denver, Colorado, USA},
  author =       {Coolen, Anthony and Saad, David},
  booktitle =    {Advances in Neural Information Processing Systems 11
                  (NIPS)},
  editor =       {Kearns, M. and Solla, S. and Cohn, D.},
  month =        {November},
  note =
                  {\url{https://proceedings.neurips.cc/paper_files/paper/1998/file/95d309f0b035d97f69902e7972c2b2e6-Paper.pdf}},
  publisher =    {MIT Press},
  series =       {Conference Track Proceedings},
  title =        {Dynamics of Supervised Learning with Restricted
                  Training Sets},
  volume =       11,
  year =         1998
}

@inproceedings{cornford1998adding,
  address =      {Denver, Colorado, USA},
  author =       {Cornford, Dan and Nabney, Ian T. and Williams,
                  Christopher K. I.},
  booktitle =    {Advances in Neural Information Processing Systems 11
                  (NIPS)},
  editor =       {Kearns, M. and Solla, S. and Cohn, D.},
  month =        {November},
  note =
                  {\url{https://proceedings.neurips.cc/paper_files/paper/1998/file/77f959f119f4fb2321e9ce801e2f5163-Paper.pdf}},
  openalex =     {W2124455576},
  publisher =    {MIT Press},
  series =       {Conference Track Proceedings},
  title =        {Adding Constrained Discontinuities to Gaussian
                  Process Models of Wind Fields},
  volume =       11,
  year =         1998
}

@inproceedings{coughlan1998phase,
  address =      {Denver, Colorado, USA},
  author =       {Coughlan, James M. and Yuille, Alan},
  booktitle =    {Advances in Neural Information Processing Systems 11
                  (NIPS)},
  editor =       {Kearns, M. and Solla, S. and Cohn, D.},
  month =        {November},
  note =
                  {\url{https://proceedings.neurips.cc/paper_files/paper/1998/file/bc573864331a9e42e4511de6f678aa83-Paper.pdf}},
  openalex =     {W2160377604},
  publisher =    {MIT Press},
  series =       {Conference Track Proceedings},
  title =        {A Phase Space Approach to Minimax Entropy Learning
                  and the Minutemax Approximations},
  volume =       11,
  year =         1998
}

@inproceedings{cristianini1998dynamically,
  address =      {Denver, Colorado, USA},
  author =       {Cristianini, Nello and Campbell, Colin and
                  Shawe‐Taylor, John},
  booktitle =    {Advances in Neural Information Processing Systems 11
                  (NIPS)},
  editor =       {Kearns, M. and Solla, S. and Cohn, D.},
  month =        {November},
  note =
                  {\url{https://proceedings.neurips.cc/paper_files/paper/1998/file/7fb8ceb3bd59c7956b1df66729296a4c-Paper.pdf}},
  openalex =     {W2157083019},
  publisher =    {MIT Press},
  series =       {Conference Track Proceedings},
  title =        {Dynamically Adapting Kernels in Support Vector
                  Machines},
  volume =       11,
  year =         1998
}

@inproceedings{dailey1998facial,
  address =      {Denver, Colorado, USA},
  author =       {Dailey, Matthew N. and Cottrell, Garrison W. and
                  Busey, Thomas A.},
  booktitle =    {Advances in Neural Information Processing Systems 11
                  (NIPS)},
  editor =       {Kearns, M. and Solla, S. and Cohn, D.},
  month =        {November},
  note =
                  {\url{https://proceedings.neurips.cc/paper_files/paper/1998/file/5cce8dede893813f879b873962fb669f-Paper.pdf}},
  openalex =     {W2169602138},
  publisher =    {MIT Press},
  series =       {Conference Track Proceedings},
  title =        {Facial Memory Is Kernel Density Estimation (Almost)},
  volume =       11,
  year =         1998
}

@inproceedings{darrell1998example,
  address =      {Denver, Colorado, USA},
  author =       {Darrell, Trevor},
  booktitle =    {Advances in Neural Information Processing Systems 11
                  (NIPS)},
  editor =       {Kearns, M. and Solla, S. and Cohn, D.},
  month =        {November},
  note =
                  {\url{https://proceedings.neurips.cc/paper_files/paper/1998/file/49b8b4f95f02e055801da3b4f58e28b7-Paper.pdf}},
  openalex =     {W2143862247},
  publisher =    {MIT Press},
  series =       {Conference Track Proceedings},
  title =        {Example-Based Image Synthesis of Articulated
                  Figures},
  volume =       11,
  year =         1998
}

@inproceedings{de1998global,
  address =      {Denver, Colorado, USA},
  author =       {de Freitas, João and Niranjan, Mahesan and Doucet,
                  Arnaud and Gee, Andrew},
  booktitle =    {Advances in Neural Information Processing Systems 11
                  (NIPS)},
  editor =       {Kearns, M. and Solla, S. and Cohn, D.},
  month =        {November},
  note =
                  {\url{https://proceedings.neurips.cc/paper_files/paper/1998/file/9c19a2aa1d84e04b0bd4bc888792bd1e-Paper.pdf}},
  publisher =    {MIT Press},
  series =       {Conference Track Proceedings},
  title =        {Global Optimisation of Neural Network Models via
                  Sequential Sampling},
  volume =       11,
  year =         1998
}

@inproceedings{deneve1998divisive,
  address =      {Denver, Colorado, USA},
  author =       {Denève, Sophie and Pouget, Alexandre and Latham,
                  Peter E.},
  booktitle =    {Advances in Neural Information Processing Systems 11
                  (NIPS)},
  editor =       {Kearns, M. and Solla, S. and Cohn, D.},
  month =        {November},
  note =
                  {\url{https://proceedings.neurips.cc/paper_files/paper/1998/file/b5a1fc2085986034e448d2ccc5bb9703-Paper.pdf}},
  openalex =     {W2098069024},
  publisher =    {MIT Press},
  series =       {Conference Track Proceedings},
  title =        {Divisive Normalization, Line Attractor Networks and
                  Ideal Observers},
  volume =       11,
  year =         1998
}

@inproceedings{dror1998vertex,
  address =      {Denver, Colorado, USA},
  author =       {Dror, Gideon and Abramowicz, H. and Horn, D.},
  booktitle =    {Advances in Neural Information Processing Systems 11
                  (NIPS)},
  editor =       {Kearns, M. and Solla, S. and Cohn, D.},
  month =        {November},
  note =
                  {\url{https://proceedings.neurips.cc/paper_files/paper/1998/file/aff0a6a4521232970b2c1cf539ad0a19-Paper.pdf}},
  openalex =     {W2130224879},
  publisher =    {MIT Press},
  series =       {Conference Track Proceedings},
  title =        {Vertex Identification in High Energy Physics
                  Experiments},
  volume =       11,
  year =         1998
}

@inproceedings{during1998phase,
  address =      {Denver, Colorado, USA},
  author =       {Düring, A. and Coolen, Anthony and Sherrington, D.},
  booktitle =    {Advances in Neural Information Processing Systems 11
                  (NIPS)},
  editor =       {Kearns, M. and Solla, S. and Cohn, D.},
  month =        {November},
  note =
                  {\url{https://proceedings.neurips.cc/paper_files/paper/1998/file/49af6c4e558a7569d80eee2e035e2bd7-Paper.pdf}},
  publisher =    {MIT Press},
  series =       {Conference Track Proceedings},
  title =        {Phase Diagram and Storage Capacity of
                  Sequence-Storing Neural Networks},
  volume =       11,
  year =         1998
}

@inproceedings{edwards1998optimizing,
  address =      {Denver, Colorado, USA},
  author =       {Edwards, R.T. and Cauwenberghs, Gert and Pineda,
                  Fernando J.},
  booktitle =    {Advances in Neural Information Processing Systems 11
                  (NIPS)},
  editor =       {Kearns, M. and Solla, S. and Cohn, D.},
  month =        {November},
  note =
                  {\url{https://proceedings.neurips.cc/paper_files/paper/1998/file/4462bf0ddbe0d0da40e1e828ebebeb11-Paper.pdf}},
  openalex =     {W2124972637},
  publisher =    {MIT Press},
  series =       {Conference Track Proceedings},
  title =        {Optimizing Correlation Algorithms for Hardware-Based
                  Transient Classification},
  volume =       11,
  year =         1998
}

@inproceedings{etiennecummings1998vlsi,
  address =      {Denver, Colorado, USA},
  author =       {Etienne-Cummings, Ralph and Gruev, Viktor and Ghani,
                  Mohammed},
  booktitle =    {Advances in Neural Information Processing Systems 11
                  (NIPS)},
  editor =       {Kearns, M. and Solla, S. and Cohn, D.},
  month =        {November},
  note =
                  {\url{https://proceedings.neurips.cc/paper_files/paper/1998/file/6490791e7abf6b29a381288cc23a8223-Paper.pdf}},
  publisher =    {MIT Press},
  series =       {Conference Track Proceedings},
  title =        {VLSI Implementation of Motion Centroid Localization
                  for Autonomous Navigation},
  volume =       11,
  year =         1998
}

@inproceedings{ferraritrecate1998finite,
  address =      {Denver, Colorado, USA},
  author =       {Ferrari‐Trecate, Giancarlo and Williams, Christopher
                  K. I. and Opper, Manfred},
  booktitle =    {Advances in Neural Information Processing Systems 11
                  (NIPS)},
  editor =       {Kearns, M. and Solla, S. and Cohn, D.},
  month =        {November},
  note =
                  {\url{https://proceedings.neurips.cc/paper_files/paper/1998/file/55c567fd4395ecef6d936cf77b8d5b2b-Paper.pdf}},
  openalex =     {W2139479120},
  publisher =    {MIT Press},
  series =       {Conference Track Proceedings},
  title =        {Finite-Dimensional Approximation of Gaussian
                  Processes},
  volume =       11,
  year =         1998
}

@inproceedings{freeman1998learning,
  address =      {Denver, Colorado, USA},
  author =       {Freeman, William T. and Pasztor, Egon},
  booktitle =    {Advances in Neural Information Processing Systems 11
                  (NIPS)},
  editor =       {Kearns, M. and Solla, S. and Cohn, D.},
  month =        {November},
  note =
                  {\url{https://proceedings.neurips.cc/paper_files/paper/1998/file/5c50b4df4b176845cd235b6a510c6903-Paper.pdf}},
  openalex =     {W2153758647},
  publisher =    {MIT Press},
  series =       {Conference Track Proceedings},
  title =        {Learning to Estimate Scenes from Images},
  volume =       11,
  year =         1998
}

@inproceedings{friedman1998efficient,
  address =      {Denver, Colorado, USA},
  author =       {Friedman, Nir and Singer, Yoram},
  booktitle =    {Advances in Neural Information Processing Systems 11
                  (NIPS)},
  editor =       {Kearns, M. and Solla, S. and Cohn, D.},
  month =        {November},
  note =
                  {\url{https://proceedings.neurips.cc/paper_files/paper/1998/file/962e56a8a0b0420d87272a682bfd1e53-Paper.pdf}},
  openalex =     {W2113958614},
  publisher =    {MIT Press},
  series =       {Conference Track Proceedings},
  title =        {Efficient Bayesian Parameter Estimation in Large
                  Discrete Domains},
  volume =       11,
  year =         1998
}

@inproceedings{gat1998synergy,
  address =      {Denver, Colorado, USA},
  author =       {Gat, Itay and Tishby, Naftali},
  booktitle =    {Advances in Neural Information Processing Systems 11
                  (NIPS)},
  editor =       {Kearns, M. and Solla, S. and Cohn, D.},
  month =        {November},
  note =
                  {\url{https://proceedings.neurips.cc/paper_files/paper/1998/file/7a6a74cbe87bc60030a4bd041dd47b78-Paper.pdf}},
  openalex =     {W2123992910},
  publisher =    {MIT Press},
  series =       {Conference Track Proceedings},
  title =        {Synergy and Redundancy among Brain Cells of Behaving
                  Monkeys},
  volume =       11,
  year =         1998
}

@inproceedings{gdalyahu1998randomized,
  address =      {Denver, Colorado, USA},
  author =       {Gdalyahu, Yoram and Weinshall, Daphna and Werman,
                  Michael},
  booktitle =    {Advances in Neural Information Processing Systems 11
                  (NIPS)},
  editor =       {Kearns, M. and Solla, S. and Cohn, D.},
  month =        {November},
  note =
                  {\url{https://proceedings.neurips.cc/paper_files/paper/1998/file/06a81a4fb98d149f2d31c68828fa6eb2-Paper.pdf}},
  openalex =     {W2152527808},
  publisher =    {MIT Press},
  series =       {Conference Track Proceedings},
  title =        {A Randomized Algorithm for Pairwise Clustering},
  volume =       11,
  year =         1998
}

@inproceedings{gentile1998linear,
  address =      {Denver, Colorado, USA},
  author =       {Gentile, Claudio and Warmuth, Manfred K.},
  booktitle =    {Advances in Neural Information Processing Systems 11
                  (NIPS)},
  editor =       {Kearns, M. and Solla, S. and Cohn, D.},
  month =        {November},
  note =
                  {\url{https://proceedings.neurips.cc/paper_files/paper/1998/file/a14ac55a4f27472c5d894ec1c3c743d2-Paper.pdf}},
  openalex =     {W2163046677},
  publisher =    {MIT Press},
  series =       {Conference Track Proceedings},
  title =        {Linear Hinge Loss and Average Margin},
  volume =       11,
  year =         1998
}

@inproceedings{ghahramani1998learning,
  address =      {Denver, Colorado, USA},
  author =       {Ghahramani, Zoubin and Roweis, Sam T.},
  booktitle =    {Advances in Neural Information Processing Systems 11
                  (NIPS)},
  editor =       {Kearns, M. and Solla, S. and Cohn, D.},
  month =        {November},
  note =
                  {\url{https://proceedings.neurips.cc/paper_files/paper/1998/file/0ebcc77dc72360d0eb8e9504c78d38bd-Paper.pdf}},
  openalex =     {W2118760499},
  publisher =    {MIT Press},
  series =       {Conference Track Proceedings},
  title =        {Learning Nonlinear Dynamical Systems Using an EM
                  Algorithm},
  volume =       11,
  year =         1998
}

@inproceedings{graepel1998classification,
  address =      {Denver, Colorado, USA},
  author =       {Graepel, Thore and Herbrich, Ralf and
                  Bollmann-Sdorra, Peter and Obermayer, Klaus},
  booktitle =    {Advances in Neural Information Processing Systems 11
                  (NIPS)},
  editor =       {Kearns, M. and Solla, S. and Cohn, D.},
  month =        {November},
  note =
                  {\url{https://proceedings.neurips.cc/paper_files/paper/1998/file/7bd28f15a49d5e5848d6ec70e584e625-Paper.pdf}},
  openalex =     {W2118216287},
  publisher =    {MIT Press},
  series =       {Conference Track Proceedings},
  title =        {Classification on Pairwise Proximity Data},
  volume =       11,
  year =         1998
}

@inproceedings{grandvalet1998outcomes,
  address =      {Denver, Colorado, USA},
  author =       {Grandvalet, Yves and Canu, Stéphane},
  booktitle =    {Advances in Neural Information Processing Systems 11
                  (NIPS)},
  editor =       {Kearns, M. and Solla, S. and Cohn, D.},
  month =        {November},
  note =
                  {\url{https://proceedings.neurips.cc/paper_files/paper/1998/file/cfa5301358b9fcbe7aa45b1ceea088c6-Paper.pdf}},
  openalex =     {W2133100596},
  publisher =    {MIT Press},
  series =       {Conference Track Proceedings},
  title =        {Outcomes of the Equivalence of Adaptive Ridge with
                  Least Absolute Shrinkage},
  volume =       11,
  year =         1998
}

@inproceedings{granger1998familiarity,
  address =      {Denver, Colorado, USA},
  author =       {Granger, Éric and Grossberg, Stephen and Rubin, Mark
                  A. and Streilein, William},
  booktitle =    {Advances in Neural Information Processing Systems 11
                  (NIPS)},
  editor =       {Kearns, M. and Solla, S. and Cohn, D.},
  month =        {November},
  note =
                  {\url{https://proceedings.neurips.cc/paper_files/paper/1998/file/35464c848f410e55a13bb9d78e7fddd0-Paper.pdf}},
  openalex =     {W2167518683},
  publisher =    {MIT Press},
  series =       {Conference Track Proceedings},
  title =        {Familiarity Discrimination of Radar Pulses},
  volume =       11,
  year =         1998
}

@inproceedings{grzeszczuk1998fast,
  address =      {Denver, Colorado, USA},
  author =       {Grzeszczuk, Radek and Terzopoulos, Demetri and
                  Hinton, Geoffrey E.},
  booktitle =    {Advances in Neural Information Processing Systems 11
                  (NIPS)},
  editor =       {Kearns, M. and Solla, S. and Cohn, D.},
  month =        {November},
  note =
                  {\url{https://proceedings.neurips.cc/paper_files/paper/1998/file/92af93f73faf3cefc129b6bc55a748a9-Paper.pdf}},
  openalex =     {W2166885679},
  publisher =    {MIT Press},
  series =       {Conference Track Proceedings},
  title =        {Fast Neural Network Emulation of Dynamical Systems
                  for Computer Animation},
  volume =       11,
  year =         1998
}

@inproceedings{harris1998neuromorphic,
  address =      {Denver, Colorado, USA},
  author =       {Harris, John G. and Pu, Chiang-Jung and Prı́ncipe,
                  José C.},
  booktitle =    {Advances in Neural Information Processing Systems 11
                  (NIPS)},
  editor =       {Kearns, M. and Solla, S. and Cohn, D.},
  month =        {November},
  note =
                  {\url{https://proceedings.neurips.cc/paper_files/paper/1998/file/1baff70e2669e8376347efd3a874a341-Paper.pdf}},
  openalex =     {W2137714933},
  publisher =    {MIT Press},
  series =       {Conference Track Proceedings},
  title =        {A Neuromorphic Monaural Sound Localizer},
  volume =       11,
  year =         1998
}

@inproceedings{haruno1998multiple,
  address =      {Denver, Colorado, USA},
  author =       {Haruno, Masahiko and Wolpert, Daniel M. and Kawato,
                  Mitsuo},
  booktitle =    {Advances in Neural Information Processing Systems 11
                  (NIPS)},
  editor =       {Kearns, M. and Solla, S. and Cohn, D.},
  month =        {November},
  note =
                  {\url{https://proceedings.neurips.cc/paper_files/paper/1998/file/228499b55310264a8ea0e27b6e7c6ab6-Paper.pdf}},
  openalex =     {W2122775046},
  publisher =    {MIT Press},
  series =       {Conference Track Proceedings},
  title =        {Multiple Paired Forward-Inverse Models for Human
                  Motor Learning and Control},
  volume =       11,
  year =         1998
}

@inproceedings{hayashi1998viewing,
  address =      {Denver, Colorado, USA},
  author =       {Hayashi, Akira and Suematsu, Nobuo},
  booktitle =    {Advances in Neural Information Processing Systems 11
                  (NIPS)},
  editor =       {Kearns, M. and Solla, S. and Cohn, D.},
  month =        {November},
  note =
                  {\url{https://proceedings.neurips.cc/paper_files/paper/1998/file/e655c7716a4b3ea67f48c6322fc42ed6-Paper.pdf}},
  openalex =     {W2166696997},
  publisher =    {MIT Press},
  series =       {Conference Track Proceedings},
  title =        {Viewing Classifier Systems as Model Free Learning in
                  POMDPs},
  volume =       11,
  year =         1998
}

@inproceedings{held1998visualizing,
  address =      {Denver, Colorado, USA},
  author =       {Held, Marcus and Puzicha, Jan and Buhmann, Joachim
                  M.},
  booktitle =    {Advances in Neural Information Processing Systems 11
                  (NIPS)},
  editor =       {Kearns, M. and Solla, S. and Cohn, D.},
  month =        {November},
  note =
                  {\url{https://proceedings.neurips.cc/paper_files/paper/1998/file/351b33587c5fdd93bd42ef7ac9995a28-Paper.pdf}},
  openalex =     {W2168257133},
  publisher =    {MIT Press},
  series =       {Conference Track Proceedings},
  title =        {Visualizing Group Structure},
  volume =       11,
  year =         1998
}

@inproceedings{herschkowitz1998unsupervised,
  address =      {Denver, Colorado, USA},
  author =       {Herschkowitz, Didier and Nadal, Jean‐Pierre},
  booktitle =    {Advances in Neural Information Processing Systems 11
                  (NIPS)},
  editor =       {Kearns, M. and Solla, S. and Cohn, D.},
  month =        {November},
  note =
                  {\url{https://proceedings.neurips.cc/paper_files/paper/1998/file/a981f2b708044d6fb4a71a1463242520-Paper.pdf}},
  openalex =     {W2096497636},
  publisher =    {MIT Press},
  series =       {Conference Track Proceedings},
  title =        {Unsupervised and Supervised Clustering: The Mutual
                  Information between Parameters and Observations},
  volume =       11,
  year =         1998
}

@inproceedings{higgins1998integrated,
  address =      {Denver, Colorado, USA},
  author =       {Higgins, Charles M. and Koch, Christof},
  booktitle =    {Advances in Neural Information Processing Systems 11
                  (NIPS)},
  editor =       {Kearns, M. and Solla, S. and Cohn, D.},
  month =        {November},
  note =
                  {\url{https://proceedings.neurips.cc/paper_files/paper/1998/file/69d658d0b2859e32cd4dc3b970c8496c-Paper.pdf}},
  openalex =     {W2126892996},
  publisher =    {MIT Press},
  series =       {Conference Track Proceedings},
  title =        {An Integrated Vision Sensor for the Computation of
                  Optical Flow Singular Points},
  volume =       11,
  year =         1998
}

@inproceedings{hochreiter1998source,
  address =      {Denver, Colorado, USA},
  author =       {Hochreiter, Sepp and Schmidhuber, Jürgen},
  booktitle =    {Advances in Neural Information Processing Systems 11
                  (NIPS)},
  editor =       {Kearns, M. and Solla, S. and Cohn, D.},
  month =        {November},
  note =
                  {\url{https://proceedings.neurips.cc/paper_files/paper/1998/file/d1dc3a8270a6f9394f88847d7f0050cf-Paper.pdf}},
  openalex =     {W2150042189},
  publisher =    {MIT Press},
  series =       {Conference Track Proceedings},
  title =        {Source Separation as a By-Product of Regularization},
  volume =       11,
  year =         1998
}

@inproceedings{hofmann1998learning,
  address =      {Denver, Colorado, USA},
  author =       {Hofmann, Thomas and Puzicha, Jan and Jordan, Michael
                  I.},
  booktitle =    {Advances in Neural Information Processing Systems 11
                  (NIPS)},
  editor =       {Kearns, M. and Solla, S. and Cohn, D.},
  month =        {November},
  note =
                  {\url{https://proceedings.neurips.cc/paper_files/paper/1998/file/0c8ce55163055c4da50a81e0a273468c-Paper.pdf}},
  openalex =     {W2143144851},
  publisher =    {MIT Press},
  series =       {Conference Track Proceedings},
  title =        {Learning from Dyadic Data},
  volume =       11,
  year =         1998
}

@inproceedings{hollmen1998call,
  address =      {Denver, Colorado, USA},
  author =       {Hollmén, Jaakko and Tresp, Volker},
  booktitle =    {Advances in Neural Information Processing Systems 11
                  (NIPS)},
  editor =       {Kearns, M. and Solla, S. and Cohn, D.},
  month =        {November},
  note =
                  {\url{https://proceedings.neurips.cc/paper_files/paper/1998/file/0c9ebb2ded806d7ffda75cd0b95eb70c-Paper.pdf}},
  openalex =     {W2160726788},
  publisher =    {MIT Press},
  series =       {Conference Track Proceedings},
  title =        {Call-Based Fraud Detection in Mobile Communication
                  Networks Using a Hierarchical Regime-Switching
                  Model},
  volume =       11,
  year =         1998
}

@inproceedings{huet1998graph,
  address =      {Denver, Colorado, USA},
  author =       {Huet, Benoit and Cross, Andrew and Hancock, Edwin},
  booktitle =    {Advances in Neural Information Processing Systems 11
                  (NIPS)},
  editor =       {Kearns, M. and Solla, S. and Cohn, D.},
  month =        {November},
  note =
                  {\url{https://proceedings.neurips.cc/paper_files/paper/1998/file/729c68884bd359ade15d5f163166738a-Paper.pdf}},
  publisher =    {MIT Press},
  series =       {Conference Track Proceedings},
  title =        {Graph Matching for Shape Retrieval},
  volume =       11,
  year =         1998
}

@inproceedings{hyvarinen1998sparse,
  address =      {Denver, Colorado, USA},
  author =       {Hyvärinen, Aapo and Hoyer, Patrik O. and Oja, Erkki},
  booktitle =    {Advances in Neural Information Processing Systems 11
                  (NIPS)},
  editor =       {Kearns, M. and Solla, S. and Cohn, D.},
  month =        {November},
  note =
                  {\url{https://proceedings.neurips.cc/paper_files/paper/1998/file/52947e0ade57a09e4a1386d08f17b656-Paper.pdf}},
  openalex =     {W2150956999},
  publisher =    {MIT Press},
  series =       {Conference Track Proceedings},
  title =        {Sparse Code Shrinkage: Denoising by Nonlinear
                  Maximum Likelihood Estimation},
  volume =       11,
  year =         1998
}

@inproceedings{ikeda1998convergence,
  address =      {Denver, Colorado, USA},
  author =       {Ikeda, Shiro and Amari, Shun-ichi and Nakahara,
                  Hiroyuki},
  booktitle =    {Advances in Neural Information Processing Systems 11
                  (NIPS)},
  editor =       {Kearns, M. and Solla, S. and Cohn, D.},
  month =        {November},
  note =
                  {\url{https://proceedings.neurips.cc/paper_files/paper/1998/file/0771fc6f0f4b1d7d1bb73bbbe14e0e31-Paper.pdf}},
  publisher =    {MIT Press},
  series =       {Conference Track Proceedings},
  title =        {Convergence of the Wake-Sleep Algorithm},
  volume =       11,
  year =         1998
}

@inproceedings{ioffe1998learning,
  address =      {Denver, Colorado, USA},
  author =       {Ioffe, Sergey and Forsyth, David},
  booktitle =    {Advances in Neural Information Processing Systems 11
                  (NIPS)},
  editor =       {Kearns, M. and Solla, S. and Cohn, D.},
  month =        {November},
  note =
                  {\url{https://proceedings.neurips.cc/paper_files/paper/1998/file/309fee4e541e51de2e41f21bebb342aa-Paper.pdf}},
  openalex =     {W2095767300},
  publisher =    {MIT Press},
  series =       {Conference Track Proceedings},
  title =        {Learning to Find Pictures of People},
  volume =       11,
  year =         1998
}

@inproceedings{isbell1998restructuring,
  address =      {Denver, Colorado, USA},
  author =       {Isbell, Charles L. and Viola, Paul},
  booktitle =    {Advances in Neural Information Processing Systems 11
                  (NIPS)},
  editor =       {Kearns, M. and Solla, S. and Cohn, D.},
  month =        {November},
  note =
                  {\url{https://proceedings.neurips.cc/paper_files/paper/1998/file/87ec2f451208df97228105657edb717f-Paper.pdf}},
  openalex =     {W2155602043},
  publisher =    {MIT Press},
  series =       {Conference Track Proceedings},
  title =        {Restructuring Sparse High Dimensional Data for
                  Effective Retrieval},
  volume =       11,
  year =         1998
}

@inproceedings{itti1998attentional,
  address =      {Denver, Colorado, USA},
  author =       {Itti, Laurent and Braun, Jochen and Lee, Dale and
                  Koch, Christof},
  booktitle =    {Advances in Neural Information Processing Systems 11
                  (NIPS)},
  editor =       {Kearns, M. and Solla, S. and Cohn, D.},
  month =        {November},
  note =
                  {\url{https://proceedings.neurips.cc/paper_files/paper/1998/file/204da255aea2cd4a75ace6018fad6b4d-Paper.pdf}},
  publisher =    {MIT Press},
  series =       {Conference Track Proceedings},
  title =        {Attentional Modulation of Human Pattern
                  Discrimination Psychophysics Reproduced by a
                  Quantitative Model},
  volume =       11,
  year =         1998
}

@inproceedings{jaakkola1998exploiting,
  address =      {Denver, Colorado, USA},
  author =       {Jaakkola, Tommi and Haussler, David},
  booktitle =    {Advances in Neural Information Processing Systems 11
                  (NIPS)},
  editor =       {Kearns, M. and Solla, S. and Cohn, D.},
  month =        {November},
  note =
                  {\url{https://proceedings.neurips.cc/paper_files/paper/1998/file/db1915052d15f7815c8b88e879465a1e-Paper.pdf}},
  openalex =     {W2166473218},
  publisher =    {MIT Press},
  series =       {Conference Track Proceedings},
  title =        {Exploiting Generative Models in Discriminative
                  Classifiers},
  volume =       11,
  year =         1998
}

@inproceedings{jebara1998maximum,
  address =      {Denver, Colorado, USA},
  author =       {Jebara, Tony and Pentland, Alex},
  booktitle =    {Advances in Neural Information Processing Systems 11
                  (NIPS)},
  editor =       {Kearns, M. and Solla, S. and Cohn, D.},
  month =        {November},
  note =
                  {\url{https://proceedings.neurips.cc/paper_files/paper/1998/file/d1a69640d53a32a9fb13e93d1c8f3104-Paper.pdf}},
  openalex =     {W2154834035},
  publisher =    {MIT Press},
  series =       {Conference Track Proceedings},
  title =        {Maximum Conditional Likelihood via Bound
                  Maximization and the CEM Algorithm},
  volume =       11,
  year =         1998
}

@inproceedings{jung1998analyzing,
  address =      {Denver, Colorado, USA},
  author =       {Jung, Tzyy‐Ping and Makeig, Scott and Westerfield,
                  Marissa and Townsend, Jeanne and Courchesne, Eric
                  and Sejnowski, Terrence J.},
  booktitle =    {Advances in Neural Information Processing Systems 11
                  (NIPS)},
  editor =       {Kearns, M. and Solla, S. and Cohn, D.},
  month =        {November},
  note =
                  {\url{https://proceedings.neurips.cc/paper_files/paper/1998/file/0d4f4805c36dc6853edfa4c7e1638b48-Paper.pdf}},
  openalex =     {W2147593475},
  publisher =    {MIT Press},
  series =       {Conference Track Proceedings},
  title =        {Analyzing and Visualizing Single-Trial Event-Related
                  Potentials},
  volume =       11,
  year =         1998
}

@inproceedings{kabashima1998belief,
  address =      {Denver, Colorado, USA},
  author =       {Kabashima, Yoshiyuki and Saad, David},
  booktitle =    {Advances in Neural Information Processing Systems 11
                  (NIPS)},
  editor =       {Kearns, M. and Solla, S. and Cohn, D.},
  month =        {November},
  note =
                  {\url{https://proceedings.neurips.cc/paper_files/paper/1998/file/7949e456002b28988d38185bd30e77fd-Paper.pdf}},
  openalex =     {W2106743539},
  publisher =    {MIT Press},
  series =       {Conference Track Proceedings},
  title =        {The Belief in TAP},
  volume =       11,
  year =         1998
}

@inproceedings{karakoulas1998optimizing,
  address =      {Denver, Colorado, USA},
  author =       {Karakoulas, Grigoris and Shawe-Taylor, John},
  booktitle =    {Advances in Neural Information Processing Systems 11
                  (NIPS)},
  editor =       {Kearns, M. and Solla, S. and Cohn, D.},
  month =        {November},
  note =
                  {\url{https://proceedings.neurips.cc/paper_files/paper/1998/file/df12ecd077efc8c23881028604dbb8cc-Paper.pdf}},
  publisher =    {MIT Press},
  series =       {Conference Track Proceedings},
  title =        {Optimizing Classifiers for Imbalanced Training Sets},
  volume =       11,
  year =         1998
}

@inproceedings{kearns1998finite,
  address =      {Denver, Colorado, USA},
  author =       {Kearns, Michael and Singh, Satinder},
  booktitle =    {Advances in Neural Information Processing Systems 11
                  (NIPS)},
  editor =       {Kearns, M. and Solla, S. and Cohn, D.},
  month =        {November},
  note =
                  {\url{https://proceedings.neurips.cc/paper_files/paper/1998/file/99adff456950dd9629a5260c4de21858-Paper.pdf}},
  openalex =     {W2122701159},
  publisher =    {MIT Press},
  series =       {Conference Track Proceedings},
  title =        {Finite-Sample Convergence Rates for Q-Learning and
                  Indirect Algorithms},
  volume =       11,
  year =         1998
}

@inproceedings{kearns1998inference,
  address =      {Denver, Colorado, USA},
  author =       {Kearns, Michael and Saul, Lawrence K.},
  booktitle =    {Advances in Neural Information Processing Systems 11
                  (NIPS)},
  editor =       {Kearns, M. and Solla, S. and Cohn, D.},
  month =        {November},
  note =
                  {\url{https://proceedings.neurips.cc/paper_files/paper/1998/file/facf9f743b083008a894eee7baa16469-Paper.pdf}},
  openalex =     {W2146547746},
  publisher =    {MIT Press},
  series =       {Conference Track Proceedings},
  title =        {Inference in Multilayer Networks via Large Deviation
                  Bounds},
  volume =       11,
  year =         1998
}

@inproceedings{kegl1998polygonal,
  address =      {Denver, Colorado, USA},
  author =       {Kégl, Balázs and Krzyżak, Adam and Linder, Tamás and
                  Zeger, K.},
  booktitle =    {Advances in Neural Information Processing Systems 11
                  (NIPS)},
  editor =       {Kearns, M. and Solla, S. and Cohn, D.},
  month =        {November},
  note =
                  {\url{https://proceedings.neurips.cc/paper_files/paper/1998/file/97d0145823aeb8ed80617be62e08bdcc-Paper.pdf}},
  openalex =     {W2134781447},
  publisher =    {MIT Press},
  series =       {Conference Track Proceedings},
  title =        {A Polygonal Line Algorithm for Constructing
                  Principal Curves},
  volume =       11,
  year =         1998
}

@inproceedings{kempter1998spike,
  address =      {Denver, Colorado, USA},
  author =       {Kempter, Richard and Gerstner, Wulfram and Hemmen,
                  J. Leo van},
  booktitle =    {Advances in Neural Information Processing Systems 11
                  (NIPS)},
  editor =       {Kearns, M. and Solla, S. and Cohn, D.},
  month =        {November},
  note =
                  {\url{https://proceedings.neurips.cc/paper_files/paper/1998/file/42a3964579017f3cb42b26605b9ae8ef-Paper.pdf}},
  openalex =     {W2114555994},
  publisher =    {MIT Press},
  series =       {Conference Track Proceedings},
  title =        {Spike-Based Compared to Rate-Based Hebbian Learning},
  volume =       11,
  year =         1998
}

@inproceedings{koenig1998exploring,
  address =      {Denver, Colorado, USA},
  author =       {Koenig, Sven},
  booktitle =    {Advances in Neural Information Processing Systems 11
                  (NIPS)},
  editor =       {Kearns, M. and Solla, S. and Cohn, D.},
  month =        {November},
  note =
                  {\url{https://proceedings.neurips.cc/paper_files/paper/1998/file/faafda66202d234463057972460c04f5-Paper.pdf}},
  openalex =     {W2137351138},
  publisher =    {MIT Press},
  series =       {Conference Track Proceedings},
  title =        {Exploring Unknown Environments with Real-Time Search
                  or Reinforcement Learning},
  volume =       11,
  year =         1998
}

@inproceedings{lee1998learning,
  address =      {Denver, Colorado, USA},
  author =       {Lee, Daniel D. and Sompolinsky, Haim},
  booktitle =    {Advances in Neural Information Processing Systems 11
                  (NIPS)},
  editor =       {Kearns, M. and Solla, S. and Cohn, D.},
  month =        {November},
  note =
                  {\url{https://proceedings.neurips.cc/paper_files/paper/1998/file/dc5c768b5dc76a084531934b34601977-Paper.pdf}},
  openalex =     {W2124304383},
  publisher =    {MIT Press},
  series =       {Conference Track Proceedings},
  title =        {Learning a Continuous Hidden Variable Model for
                  Binary Data},
  volume =       11,
  year =         1998
}

@inproceedings{lee1998unsupervised,
  address =      {Denver, Colorado, USA},
  author =       {Lee, Te-Won and Lewicki, Michael S. and Sejnowski,
                  Terrence J.},
  booktitle =    {Advances in Neural Information Processing Systems 11
                  (NIPS)},
  editor =       {Kearns, M. and Solla, S. and Cohn, D.},
  month =        {November},
  note =
                  {\url{https://proceedings.neurips.cc/paper_files/paper/1998/file/d72fbbccd9fe64c3a14f85d225a046f4-Paper.pdf}},
  openalex =     {W2153302588},
  publisher =    {MIT Press},
  series =       {Conference Track Proceedings},
  title =        {Unsupervised Classification with Non-Gaussian
                  Mixture Models Using ICA},
  volume =       11,
  year =         1998
}

@inproceedings{leisch1998stationarity,
  address =      {Denver, Colorado, USA},
  author =       {Leisch, Friedrich and Trapletti, Adrian and Hornik,
                  Kurt},
  booktitle =    {Advances in Neural Information Processing Systems 11
                  (NIPS)},
  editor =       {Kearns, M. and Solla, S. and Cohn, D.},
  month =        {November},
  note =
                  {\url{https://proceedings.neurips.cc/paper_files/paper/1998/file/aa486f25175cbdc3854151288a645c19-Paper.pdf}},
  openalex =     {W2101417051},
  publisher =    {MIT Press},
  series =       {Conference Track Proceedings},
  title =        {Stationarity and Stability of Autoregressive Neural
                  Network Processes},
  volume =       11,
  year =         1998
}

@inproceedings{lewicki1998coding,
  address =      {Denver, Colorado, USA},
  author =       {Lewicki, Michael S. and Sejnowski, Terrence J.},
  booktitle =    {Advances in Neural Information Processing Systems 11
                  (NIPS)},
  editor =       {Kearns, M. and Solla, S. and Cohn, D.},
  month =        {November},
  note =
                  {\url{https://proceedings.neurips.cc/paper_files/paper/1998/file/83f2550373f2f19492aa30fbd5b57512-Paper.pdf}},
  openalex =     {W2117289172},
  publisher =    {MIT Press},
  series =       {Conference Track Proceedings},
  title =        {Coding Time-Varying Signals Using Sparse,
                  Shift-Invariant Representations},
  volume =       11,
  year =         1998
}

@inproceedings{li1998computational,
  address =      {Denver, Colorado, USA},
  author =       {Zhaoping, Li and Dayan, Peter},
  booktitle =    {Advances in Neural Information Processing Systems 11
                  (NIPS)},
  editor =       {Kearns, M. and Solla, S. and Cohn, D.},
  month =        {November},
  note =
                  {\url{https://proceedings.neurips.cc/paper_files/paper/1998/file/020c8bfac8de160d4c5543b96d1fdede-Paper.pdf}},
  openalex =     {W2157989954},
  publisher =    {MIT Press},
  series =       {Conference Track Proceedings},
  title =        {Computational differences between asymmetrical and
                  symmetrical networks},
  volume =       11,
  year =         1998
}

@inproceedings{li1998v1,
  address =      {Denver, Colorado, USA},
  author =       {Zhaoping, Li},
  booktitle =    {Advances in Neural Information Processing Systems 11
                  (NIPS)},
  editor =       {Kearns, M. and Solla, S. and Cohn, D.},
  month =        {November},
  note =
                  {\url{https://proceedings.neurips.cc/paper_files/paper/1998/file/f60bb6bb4c96d4df93c51bd69dcc15a0-Paper.pdf}},
  openalex =     {W2127266719},
  publisher =    {MIT Press},
  series =       {Conference Track Proceedings},
  title =        {A V1 Model of Pop Out and Asymmetty in Visual
                  Search},
  volume =       11,
  year =         1998
}

@inproceedings{liu1998mechanisms,
  address =      {Denver, Colorado, USA},
  author =       {Liu, Zili and Weinshall, Daphna},
  booktitle =    {Advances in Neural Information Processing Systems 11
                  (NIPS)},
  editor =       {Kearns, M. and Solla, S. and Cohn, D.},
  month =        {November},
  note =
                  {\url{https://proceedings.neurips.cc/paper_files/paper/1998/file/46031b3d04dc90994ca317a7c55c4289-Paper.pdf}},
  openalex =     {W2055463424},
  publisher =    {MIT Press},
  series =       {Conference Track Proceedings},
  title =        {Mechanisms of generalization in perceptual learning},
  volume =       11,
  year =         1998
}

@inproceedings{loch1998effect,
  address =      {Denver, Colorado, USA},
  author =       {Loch, John},
  booktitle =    {Advances in Neural Information Processing Systems 11
                  (NIPS)},
  editor =       {Kearns, M. and Solla, S. and Cohn, D.},
  month =        {November},
  note =
                  {\url{https://proceedings.neurips.cc/paper_files/paper/1998/file/f3173935ed8ac4bf073c1bcd63171f8a-Paper.pdf}},
  openalex =     {W2134309497},
  publisher =    {MIT Press},
  series =       {Conference Track Proceedings},
  title =        {The Effect of Eligibility Traces on Finding Optimal
                  Memoryless Policies in Partially Observable Markov
                  Decision Processes},
  volume =       11,
  year =         1998
}

@inproceedings{love1998utilizing,
  address =      {Denver, Colorado, USA},
  author =       {Love, Bradley C.},
  booktitle =    {Advances in Neural Information Processing Systems 11
                  (NIPS)},
  editor =       {Kearns, M. and Solla, S. and Cohn, D.},
  month =        {November},
  note =
                  {\url{https://proceedings.neurips.cc/paper_files/paper/1998/file/efb76cff97aaf057654ef2f38cd77d73-Paper.pdf}},
  openalex =     {W2154301299},
  publisher =    {MIT Press},
  series =       {Conference Track Proceedings},
  title =        {Utilizing lime: Asynchronous Binding},
  volume =       11,
  year =         1998
}

@inproceedings{maass1998precise,
  address =      {Denver, Colorado, USA},
  author =       {Maass, Wolfgang and Sontag, Eduardo D.},
  booktitle =    {Advances in Neural Information Processing Systems 11
                  (NIPS)},
  editor =       {Kearns, M. and Solla, S. and Cohn, D.},
  month =        {November},
  note =
                  {\url{https://proceedings.neurips.cc/paper_files/paper/1998/file/cb8acb1dc9821bf74e6ca9068032d623-Paper.pdf}},
  openalex =     {W2115027004},
  publisher =    {MIT Press},
  series =       {Conference Track Proceedings},
  title =        {A Precise Characterization of the Class of Languages
                  Recognized by Neural Nets under Gaussian and Other
                  Common Noise Distributions},
  volume =       11,
  year =         1998
}

@inproceedings{magdonismail1998neural,
  address =      {Denver, Colorado, USA},
  author =       {Magdon‐Ismail, Malik and Atiya, Amir F.},
  booktitle =    {Advances in Neural Information Processing Systems 11
                  (NIPS)},
  editor =       {Kearns, M. and Solla, S. and Cohn, D.},
  month =        {November},
  note =
                  {\url{https://proceedings.neurips.cc/paper_files/paper/1998/file/9327969053c0068dd9e07c529866b94d-Paper.pdf}},
  openalex =     {W2114858870},
  publisher =    {MIT Press},
  series =       {Conference Track Proceedings},
  title =        {Neural Networks for Density Estimation},
  volume =       11,
  year =         1998
}

@inproceedings{manwani1998signal,
  address =      {Denver, Colorado, USA},
  author =       {Manwani, Amit and Koch, Christof},
  booktitle =    {Advances in Neural Information Processing Systems 11
                  (NIPS)},
  editor =       {Kearns, M. and Solla, S. and Cohn, D.},
  month =        {November},
  note =
                  {\url{https://proceedings.neurips.cc/paper_files/paper/1998/file/21fe5b8ba755eeaece7a450849876228-Paper.pdf}},
  openalex =     {W2171497772},
  publisher =    {MIT Press},
  series =       {Conference Track Proceedings},
  title =        {Signal Detection in Noisy Weakly-Active Dendrites},
  volume =       11,
  year =         1998
}

@inproceedings{marrs1998exploratory,
  address =      {Denver, Colorado, USA},
  author =       {Marrs, A. and Webb, Andrew R.},
  booktitle =    {Advances in Neural Information Processing Systems 11
                  (NIPS)},
  editor =       {Kearns, M. and Solla, S. and Cohn, D.},
  month =        {November},
  note =
                  {\url{https://proceedings.neurips.cc/paper_files/paper/1998/file/f337d999d9ad116a7b4f3d409fcc6480-Paper.pdf}},
  openalex =     {W2145426834},
  publisher =    {MIT Press},
  series =       {Conference Track Proceedings},
  title =        {Exploratory Data Analysis Using Radial Basis
                  Function Latent Variable Models},
  volume =       11,
  year =         1998
}

@inproceedings{mason1998direct,
  address =      {Denver, Colorado, USA},
  author =       {Mason, Llew and Bartlett, Peter L. and Baxter,
                  Jonathan},
  booktitle =    {Advances in Neural Information Processing Systems 11
                  (NIPS)},
  editor =       {Kearns, M. and Solla, S. and Cohn, D.},
  month =        {November},
  note =
                  {\url{https://proceedings.neurips.cc/paper_files/paper/1998/file/18ead4c77c3f40dabf9735432ac9d97a-Paper.pdf}},
  openalex =     {W2106332767},
  publisher =    {MIT Press},
  series =       {Conference Track Proceedings},
  title =        {Direct Optimization of Margins Improves
                  Generalization in Combined Classifiers},
  volume =       11,
  year =         1998
}

@inproceedings{mcgovern1998scheduling,
  address =      {Denver, Colorado, USA},
  author =       {McGovern, Amy and Moss, J. Eliot B.},
  booktitle =    {Advances in Neural Information Processing Systems 11
                  (NIPS)},
  editor =       {Kearns, M. and Solla, S. and Cohn, D.},
  month =        {November},
  note =
                  {\url{https://proceedings.neurips.cc/paper_files/paper/1998/file/596f713f9a7376fe90a62abaaedecc2d-Paper.pdf}},
  openalex =     {W2171960381},
  publisher =    {MIT Press},
  series =       {Conference Track Proceedings},
  title =        {Scheduling Straight-Line Code Using Reinforcement
                  Learning and Rollouts},
  volume =       11,
  year =         1998
}

@inproceedings{meir1998on,
  address =      {Denver, Colorado, USA},
  author =       {Meir, Ron and Maiorov, V.},
  booktitle =    {Advances in Neural Information Processing Systems 11
                  (NIPS)},
  editor =       {Kearns, M. and Solla, S. and Cohn, D.},
  month =        {November},
  note =
                  {\url{https://proceedings.neurips.cc/paper_files/paper/1998/file/81c8727c62e800be708dbf37c4695dff-Paper.pdf}},
  openalex =     {W2149569763},
  publisher =    {MIT Press},
  series =       {Conference Track Proceedings},
  title =        {On the optimality of neural-network approximation
                  using incremental algorithms},
  volume =       11,
  year =         1998
}

@inproceedings{mika1998kernel,
  address =      {Denver, Colorado, USA},
  author =       {Mika, Sebastian and Schölkopf, Bernhard and Smola,
                  Alex and Müller, Klaus‐Robert and Scholz, Matthias
                  and Rätsch, Gunnar},
  booktitle =    {Advances in Neural Information Processing Systems 11
                  (NIPS)},
  editor =       {Kearns, M. and Solla, S. and Cohn, D.},
  month =        {November},
  note =
                  {\url{https://proceedings.neurips.cc/paper_files/paper/1998/file/226d1f15ecd35f784d2a20c3ecf56d7f-Paper.pdf}},
  openalex =     {W2105732805},
  publisher =    {MIT Press},
  series =       {Conference Track Proceedings},
  title =        {Kernel PCA and De-Noising in Feature Spaces},
  volume =       11,
  year =         1998
}

@inproceedings{moghaddam1998bayesian,
  address =      {Denver, Colorado, USA},
  author =       {Moghaddam, Baback and Jebara, Tony and Pentland,
                  Alex},
  booktitle =    {Advances in Neural Information Processing Systems 11
                  (NIPS)},
  editor =       {Kearns, M. and Solla, S. and Cohn, D.},
  month =        {November},
  note =
                  {\url{https://proceedings.neurips.cc/paper_files/paper/1998/file/bcb41ccdc4363c6848a1d760f26c28a0-Paper.pdf}},
  openalex =     {W2125204498},
  publisher =    {MIT Press},
  series =       {Conference Track Proceedings},
  title =        {Bayesian Modeling of Facial Similarity},
  volume =       11,
  year =         1998
}

@inproceedings{moll1998learning,
  address =      {Denver, Colorado, USA},
  author =       {Moll, Robert N. and Barto, Andrew G. and Perkins,
                  Theodore J. and Sutton, Richard S.},
  booktitle =    {Advances in Neural Information Processing Systems 11
                  (NIPS)},
  editor =       {Kearns, M. and Solla, S. and Cohn, D.},
  month =        {November},
  note =
                  {\url{https://proceedings.neurips.cc/paper_files/paper/1998/file/a1afc58c6ca9540d057299ec3016d726-Paper.pdf}},
  openalex =     {W2150795121},
  publisher =    {MIT Press},
  series =       {Conference Track Proceedings},
  title =        {Learning Instance-Independent Value Functions to
                  Enhance Local Search},
  volume =       11,
  year =         1998
}

@inproceedings{moody1998reinforcement,
  address =      {Denver, Colorado, USA},
  author =       {Moody, John and Wu, Lizhong and Liao, Yuansong and
                  Saffell, Matthew},
  booktitle =    {Advances in Neural Information Processing Systems 11
                  (NIPS)},
  editor =       {Kearns, M. and Solla, S. and Cohn, D.},
  month =        {November},
  note =
                  {\url{https://proceedings.neurips.cc/paper_files/paper/1998/file/4e6cd95227cb0c280e99a195be5f6615-Paper.pdf}},
  openalex =     {W1977051850},
  publisher =    {MIT Press},
  series =       {Conference Track Proceedings},
  title =        {Performance functions and reinforcement learning for
                  trading systems and portfolios},
  volume =       11,
  year =         1998
}

@inproceedings{moore1998very,
  address =      {Denver, Colorado, USA},
  author =       {Moore, Andrew},
  booktitle =    {Advances in Neural Information Processing Systems 11
                  (NIPS)},
  editor =       {Kearns, M. and Solla, S. and Cohn, D.},
  month =        {November},
  note =
                  {\url{https://proceedings.neurips.cc/paper_files/paper/1998/file/f187a23c3ee681ef6913f31fd6d6446b-Paper.pdf}},
  openalex =     {W2152255870},
  publisher =    {MIT Press},
  series =       {Conference Track Proceedings},
  title =        {Very Fast EM-Based Mixture Model Clustering Using
                  Multiresolution Kd-Trees},
  volume =       11,
  year =         1998
}

@inproceedings{mozer1998principle,
  address =      {Denver, Colorado, USA},
  author =       {Mozer, Michael C.},
  booktitle =    {Advances in Neural Information Processing Systems 11
                  (NIPS)},
  editor =       {Kearns, M. and Solla, S. and Cohn, D.},
  month =        {November},
  note =
                  {\url{https://proceedings.neurips.cc/paper_files/paper/1998/file/ab541d874c7bc19ab77642849e02b89f-Paper.pdf}},
  openalex =     {W2155578289},
  publisher =    {MIT Press},
  series =       {Conference Track Proceedings},
  title =        {A Principle for Unsupervised Hierarchical
                  Decomposition of Visual Scenes},
  volume =       11,
  year =         1998
}

@inproceedings{munos1998barycentric,
  address =      {Denver, Colorado, USA},
  author =       {Munos, Rémi and Moore, Andrew},
  booktitle =    {Advances in Neural Information Processing Systems 11
                  (NIPS)},
  editor =       {Kearns, M. and Solla, S. and Cohn, D.},
  month =        {November},
  note =
                  {\url{https://proceedings.neurips.cc/paper_files/paper/1998/file/d961e9f236177d65d21100592edb0769-Paper.pdf}},
  openalex =     {W2142409110},
  publisher =    {MIT Press},
  series =       {Conference Track Proceedings},
  title =        {Barycentric Interpolators for Continuous Space and
                  Time Reinforcement Learning},
  volume =       11,
  year =         1998
}

@inproceedings{neukirchen1998controlling,
  address =      {Denver, Colorado, USA},
  author =       {Neukirchen, Christoph and Rigoll, Gerhard},
  booktitle =    {Advances in Neural Information Processing Systems 11
                  (NIPS)},
  editor =       {Kearns, M. and Solla, S. and Cohn, D.},
  month =        {November},
  note =
                  {\url{https://proceedings.neurips.cc/paper_files/paper/1998/file/5607fe8879e4fd269e88387e8cb30b7e-Paper.pdf}},
  openalex =     {W2129495413},
  publisher =    {MIT Press},
  series =       {Conference Track Proceedings},
  title =        {Controlling the Complexity of HMM Systems by
                  Regularization},
  volume =       11,
  year =         1998
}

@inproceedings{neuneier1998risk,
  address =      {Denver, Colorado, USA},
  author =       {Neuneier, Ralph and Mihatsch, Oliver},
  booktitle =    {Advances in Neural Information Processing Systems 11
                  (NIPS)},
  editor =       {Kearns, M. and Solla, S. and Cohn, D.},
  month =        {November},
  note =
                  {\url{https://proceedings.neurips.cc/paper_files/paper/1998/file/076023edc9187cf1ac1f1163470e479a-Paper.pdf}},
  publisher =    {MIT Press},
  series =       {Conference Track Proceedings},
  title =        {Risk Sensitive Reinforcement Learning},
  volume =       11,
  year =         1998
}

@inproceedings{nix1998maximum,
  address =      {Denver, Colorado, USA},
  author =       {Nix, David and Hogden, John},
  booktitle =    {Advances in Neural Information Processing Systems 11
                  (NIPS)},
  editor =       {Kearns, M. and Solla, S. and Cohn, D.},
  month =        {November},
  note =
                  {\url{https://proceedings.neurips.cc/paper_files/paper/1998/file/6dd4e10e3296fa63738371ec0d5df818-Paper.pdf}},
  publisher =    {MIT Press},
  series =       {Conference Track Proceedings},
  title =        {Maximum-Likelihood Continuity Mapping (MALCOM): An
                  Alternative to HMMs},
  volume =       11,
  year =         1998
}

@inproceedings{oliver1998graphical,
  address =      {Denver, Colorado, USA},
  author =       {Oliver, Nuria and Rosario, Barbara and Pentland,
                  Alex},
  booktitle =    {Advances in Neural Information Processing Systems 11
                  (NIPS)},
  editor =       {Kearns, M. and Solla, S. and Cohn, D.},
  month =        {November},
  note =
                  {\url{https://proceedings.neurips.cc/paper_files/paper/1998/file/3a20f62a0af1aa152670bab3c602feed-Paper.pdf}},
  openalex =     {W2167023596},
  publisher =    {MIT Press},
  series =       {Conference Track Proceedings},
  title =        {Graphical Models for Recognizing Human Interactions},
  volume =       11,
  year =         1998
}

@inproceedings{opper1998general,
  address =      {Denver, Colorado, USA},
  author =       {Opper, Manfred and Vivarelli, Francesco},
  booktitle =    {Advances in Neural Information Processing Systems 11
                  (NIPS)},
  editor =       {Kearns, M. and Solla, S. and Cohn, D.},
  month =        {November},
  note =
                  {\url{https://proceedings.neurips.cc/paper_files/paper/1998/file/c7af0926b294e47e52e46cfebe173f20-Paper.pdf}},
  openalex =     {W2158451137},
  publisher =    {MIT Press},
  series =       {Conference Track Proceedings},
  title =        {General Bounds on Bayes Errors for Regression with
                  Gaussian Processes},
  volume =       11,
  year =         1998
}

@inproceedings{opper1998mean,
  address =      {Denver, Colorado, USA},
  author =       {Opper, Manfred and Winther, Ole},
  booktitle =    {Advances in Neural Information Processing Systems 11
                  (NIPS)},
  editor =       {Kearns, M. and Solla, S. and Cohn, D.},
  month =        {November},
  note =
                  {\url{https://proceedings.neurips.cc/paper_files/paper/1998/file/08040837089cdf46631a10aca5258e16-Paper.pdf}},
  openalex =     {W2161325980},
  publisher =    {MIT Press},
  series =       {Conference Track Proceedings},
  title =        {Mean Field Methods for Classification with Gaussian
                  Processes},
  volume =       11,
  year =         1998
}

@inproceedings{oyama1998coordinate,
  address =      {Denver, Colorado, USA},
  author =       {Oyama, Eimei and Tachi, Susumu},
  booktitle =    {Advances in Neural Information Processing Systems 11
                  (NIPS)},
  editor =       {Kearns, M. and Solla, S. and Cohn, D.},
  month =        {November},
  note =
                  {\url{https://proceedings.neurips.cc/paper_files/paper/1998/file/1415db70fe9ddb119e23e9b2808cde38-Paper.pdf}},
  openalex =     {W2149395037},
  publisher =    {MIT Press},
  series =       {Conference Track Proceedings},
  title =        {Coordinate Transformation Learning of Hand Position
                  Feedback Controller by Using Change of Position
                  Error Norm},
  volume =       11,
  year =         1998
}

@inproceedings{pelillo1998replicator,
  address =      {Denver, Colorado, USA},
  author =       {Pelillo, Marcello},
  booktitle =    {Advances in Neural Information Processing Systems 11
                  (NIPS)},
  editor =       {Kearns, M. and Solla, S. and Cohn, D.},
  month =        {November},
  note =
                  {\url{https://proceedings.neurips.cc/paper_files/paper/1998/file/0f3d014eead934bbdbacb62a01dc4831-Paper.pdf}},
  openalex =     {W2147975091},
  publisher =    {MIT Press},
  series =       {Conference Track Proceedings},
  title =        {Replicator Equations, Maximal Cliques, and Graph
                  Isomorphism},
  volume =       11,
  year =         1998
}

@inproceedings{phillips1998support,
  address =      {Denver, Colorado, USA},
  author =       {Phillips, P. Jonathon},
  booktitle =    {Advances in Neural Information Processing Systems 11
                  (NIPS)},
  editor =       {Kearns, M. and Solla, S. and Cohn, D.},
  month =        {November},
  note =
                  {\url{https://proceedings.neurips.cc/paper_files/paper/1998/file/a2cc63e065705fe938a4dda49092966f-Paper.pdf}},
  openalex =     {W2103971661},
  publisher =    {MIT Press},
  series =       {Conference Track Proceedings},
  title =        {Support vector machines applied to face recognition},
  volume =       11,
  year =         1998
}

@inproceedings{piepenbrock1998role,
  address =      {Denver, Colorado, USA},
  author =       {Piepenbrock, Christian and Obermayer, Klaus},
  booktitle =    {Advances in Neural Information Processing Systems 11
                  (NIPS)},
  editor =       {Kearns, M. and Solla, S. and Cohn, D.},
  month =        {November},
  note =
                  {\url{https://proceedings.neurips.cc/paper_files/paper/1998/file/c559da2ba967eb820766939a658022c8-Paper.pdf}},
  openalex =     {W2170298440},
  publisher =    {MIT Press},
  series =       {Conference Track Proceedings},
  title =        {The Role of Lateral Cortical Competition in Ocular
                  Dominance Development},
  volume =       11,
  year =         1998
}

@inproceedings{platt1998using,
  address =      {Denver, Colorado, USA},
  author =       {Platt, John},
  booktitle =    {Advances in Neural Information Processing Systems 11
                  (NIPS)},
  editor =       {Kearns, M. and Solla, S. and Cohn, D.},
  month =        {November},
  note =
                  {\url{https://proceedings.neurips.cc/paper_files/paper/1998/file/7e1d842d0f7ee600116ffc6b2d87d83f-Paper.pdf}},
  openalex =     {W2105038653},
  publisher =    {MIT Press},
  series =       {Conference Track Proceedings},
  title =        {Using Analytic QP and Sparseness to Speed Training
                  of Support Vector Machines},
  volume =       11,
  year =         1998
}

@inproceedings{prank1998independent,
  address =      {Denver, Colorado, USA},
  author =       {Prank, Klaus and Börger, Julia and Mühlen, A. von
                  zur and Brabant, Georg and Schöfl, Christof},
  booktitle =    {Advances in Neural Information Processing Systems 11
                  (NIPS)},
  editor =       {Kearns, M. and Solla, S. and Cohn, D.},
  month =        {November},
  note =
                  {\url{https://proceedings.neurips.cc/paper_files/paper/1998/file/89ae0fe22c47d374bc9350ef99e01685-Paper.pdf}},
  openalex =     {W2142400845},
  publisher =    {MIT Press},
  series =       {Conference Track Proceedings},
  title =        {Independent Component Analysis of Intracellular
                  Calcium Spike Data},
  volume =       11,
  year =         1998
}

@inproceedings{rae1998on,
  address =      {Denver, Colorado, USA},
  author =       {Rae, H. and Sollich, Peter and Coolen, Anthony},
  booktitle =    {Advances in Neural Information Processing Systems 11
                  (NIPS)},
  editor =       {Kearns, M. and Solla, S. and Cohn, D.},
  month =        {November},
  note =
                  {\url{https://proceedings.neurips.cc/paper_files/paper/1998/file/495dabfd0ca768a3c3abd672079f48b6-Paper.pdf}},
  publisher =    {MIT Press},
  series =       {Conference Track Proceedings},
  title =        {On-Line Learning with Restricted Training Sets:
                  Exact Solution as Benchmark for General Theories},
  volume =       11,
  year =         1998
}

@inproceedings{raetsch1998regularizing,
  address =      {Denver, Colorado, USA},
  author =       {Rätsch, Gunnar and Onoda, Takashi and Müller, K.},
  booktitle =    {Advances in Neural Information Processing Systems 11
                  (NIPS)},
  editor =       {Kearns, M. and Solla, S. and Cohn, D.},
  month =        {November},
  note =
                  {\url{https://proceedings.neurips.cc/paper_files/paper/1998/file/71a58e8cb75904f24cde464161c3e766-Paper.pdf}},
  openalex =     {W2293879901},
  publisher =    {MIT Press},
  series =       {Conference Track Proceedings},
  title =        {Regularizing AdaBoost},
  volume =       11,
  year =         1998
}

@inproceedings{randlov1998learning,
  address =      {Denver, Colorado, USA},
  author =       {Randløv, Jette},
  booktitle =    {Advances in Neural Information Processing Systems 11
                  (NIPS)},
  editor =       {Kearns, M. and Solla, S. and Cohn, D.},
  month =        {November},
  note =
                  {\url{https://proceedings.neurips.cc/paper_files/paper/1998/file/8f19793b2671094e63a15ab883d50137-Paper.pdf}},
  openalex =     {W2106688224},
  publisher =    {MIT Press},
  series =       {Conference Track Proceedings},
  title =        {Learning Macro-Actions in Reinforcement Learning},
  volume =       11,
  year =         1998
}

@inproceedings{rao1998learning,
  address =      {Denver, Colorado, USA},
  author =       {Rao, Rajesh and Ruderman, Daniel},
  booktitle =    {Advances in Neural Information Processing Systems 11
                  (NIPS)},
  editor =       {Kearns, M. and Solla, S. and Cohn, D.},
  month =        {November},
  note =
                  {\url{https://proceedings.neurips.cc/paper_files/paper/1998/file/277281aada22045c03945dcb2ca6f2ec-Paper.pdf}},
  publisher =    {MIT Press},
  series =       {Conference Track Proceedings},
  title =        {Learning Lie Groups for Invariant Visual Perception},
  volume =       11,
  year =         1998
}

@inproceedings{rinberg1998multi,
  address =      {Denver, Colorado, USA},
  author =       {Rinberg, Dmitry and Davidowitz, Hanan and Tishby,
                  Naftali},
  booktitle =    {Advances in Neural Information Processing Systems 11
                  (NIPS)},
  editor =       {Kearns, M. and Solla, S. and Cohn, D.},
  month =        {November},
  note =
                  {\url{https://proceedings.neurips.cc/paper_files/paper/1998/file/1714726c817af50457d810aae9d27a2e-Paper.pdf}},
  openalex =     {W2168690946},
  publisher =    {MIT Press},
  series =       {Conference Track Proceedings},
  title =        {Multi-Electrode Spike Sorting by Clustering Transfer
                  Functions},
  volume =       11,
  year =         1998
}

@inproceedings{rosenholtz1998general,
  address =      {Denver, Colorado, USA},
  author =       {Rosenholtz, Ruth},
  booktitle =    {Advances in Neural Information Processing Systems 11
                  (NIPS)},
  editor =       {Kearns, M. and Solla, S. and Cohn, D.},
  month =        {November},
  note =
                  {\url{https://proceedings.neurips.cc/paper_files/paper/1998/file/cda72177eba360ff16b7f836e2754370-Paper.pdf}},
  openalex =     {W2021226990},
  publisher =    {MIT Press},
  series =       {Conference Track Proceedings},
  title =        {&lt;title&gt;General-purpose localization of
                  textured image regions&lt;/title&gt;},
  volume =       11,
  year =         1998
}

@inproceedings{sakurai1998tight,
  address =      {Denver, Colorado, USA},
  author =       {Sakurai, Akito},
  booktitle =    {Advances in Neural Information Processing Systems 11
                  (NIPS)},
  editor =       {Kearns, M. and Solla, S. and Cohn, D.},
  month =        {November},
  note =
                  {\url{https://proceedings.neurips.cc/paper_files/paper/1998/file/f18a6d1cde4b205199de8729a6637b42-Paper.pdf}},
  openalex =     {W2154946043},
  publisher =    {MIT Press},
  series =       {Conference Track Proceedings},
  title =        {Tight Bounds for the VC-Dimension of Piecewise
                  Polynomial Networks},
  volume =       11,
  year =         1998
}

@inproceedings{sato1998reinforcement,
  address =      {Denver, Colorado, USA},
  author =       {Sato, Masa-aki and Ishii, Shin},
  booktitle =    {Advances in Neural Information Processing Systems 11
                  (NIPS)},
  editor =       {Kearns, M. and Solla, S. and Cohn, D.},
  month =        {November},
  note =
                  {\url{https://proceedings.neurips.cc/paper_files/paper/1998/file/e9fd7c2c6623306db59b6aef5c0d5cac-Paper.pdf}},
  openalex =     {W2121174064},
  publisher =    {MIT Press},
  series =       {Conference Track Proceedings},
  title =        {Reinforcement Learning Based on On-Line EM
                  Algorithm},
  volume =       11,
  year =         1998
}

@inproceedings{saul1998markov,
  address =      {Denver, Colorado, USA},
  author =       {Saul, Lawrence K. and Rahim, Mazin G.},
  booktitle =    {Advances in Neural Information Processing Systems 11
                  (NIPS)},
  editor =       {Kearns, M. and Solla, S. and Cohn, D.},
  month =        {November},
  note =
                  {\url{https://proceedings.neurips.cc/paper_files/paper/1998/file/ebd6d2f5d60ff9afaeda1a81fc53e2d0-Paper.pdf}},
  openalex =     {W2118847434},
  publisher =    {MIT Press},
  series =       {Conference Track Proceedings},
  title =        {Markov Processes on Curves for Automatic Speech
                  Recognition},
  volume =       11,
  year =         1998
}

@inproceedings{scholkopf1998shrinking,
  address =      {Denver, Colorado, USA},
  author =       {Schölkopf, Bernhard and Bartlett, Peter L. and
                  Smola, Alex and Williamson, Robert C.},
  booktitle =    {Advances in Neural Information Processing Systems 11
                  (NIPS)},
  editor =       {Kearns, M. and Solla, S. and Cohn, D.},
  month =        {November},
  note =
                  {\url{https://proceedings.neurips.cc/paper_files/paper/1998/file/4d6e4749289c4ec58c0063a90deb3964-Paper.pdf}},
  openalex =     {W2142767931},
  publisher =    {MIT Press},
  series =       {Conference Track Proceedings},
  title =        {Shrinking the Tube: A New Support Vector Regression
                  Algorithm},
  volume =       11,
  year =         1998
}

@inproceedings{sharma1998probabilistic,
  address =      {Denver, Colorado, USA},
  author =       {Sharma, Ravi and Leen, Todd and Pavel, Misha},
  booktitle =    {Advances in Neural Information Processing Systems 11
                  (NIPS)},
  editor =       {Kearns, M. and Solla, S. and Cohn, D.},
  month =        {November},
  note =
                  {\url{https://proceedings.neurips.cc/paper_files/paper/1998/file/490640b43519c77281cb2f8471e61a71-Paper.pdf}},
  publisher =    {MIT Press},
  series =       {Conference Track Proceedings},
  title =        {Probabilistic Image Sensor Fusion},
  volume =       11,
  year =         1998
}

@inproceedings{simard1998boxlets,
  address =      {Denver, Colorado, USA},
  author =       {Simard, Patrice and Bottou, Léon and Haffner,
                  Patrick and LeCun, Yann},
  booktitle =    {Advances in Neural Information Processing Systems 11
                  (NIPS)},
  editor =       {Kearns, M. and Solla, S. and Cohn, D.},
  month =        {November},
  note =
                  {\url{https://proceedings.neurips.cc/paper_files/paper/1998/file/1bc0249a6412ef49b07fe6f62e6dc8de-Paper.pdf}},
  openalex =     {W2125199814},
  publisher =    {MIT Press},
  series =       {Conference Track Proceedings},
  title =        {Boxlets: A Fast Convolution Algorithm for Signal
                  Processing and Neural Networks},
  volume =       11,
  year =         1998
}

@inproceedings{simoncelli1998modeling,
  address =      {Denver, Colorado, USA},
  author =       {Simoncelli, Eero P. and Schwartz, Odelia},
  booktitle =    {Advances in Neural Information Processing Systems 11
                  (NIPS)},
  editor =       {Kearns, M. and Solla, S. and Cohn, D.},
  month =        {November},
  note =
                  {\url{https://proceedings.neurips.cc/paper_files/paper/1998/file/35309226eb45ec366ca86a4329a2b7c3-Paper.pdf}},
  openalex =     {W2104244367},
  publisher =    {MIT Press},
  series =       {Conference Track Proceedings},
  title =        {Modeling Surround Suppression in V1 Neurons with a
                  Statistically Derived Normalization Model},
  volume =       11,
  year =         1998
}

@inproceedings{Singer1998batch,
  address =      {Denver, Colorado, USA},
  author =       {Singer, Yoram and Warmuth, Manfred K.},
  booktitle =    {Advances in Neural Information Processing Systems 11
                  (NIPS)},
  editor =       {Kearns, M. and Solla, S. and Cohn, D.},
  month =        {November},
  note =
                  {\url{https://proceedings.neurips.cc/paper_files/paper/1998/file/8c00dee24c9878fea090ed070b44f1ab-Paper.pdf}},
  openalex =     {W2125145210},
  publisher =    {MIT Press},
  series =       {Conference Track Proceedings},
  title =        {Batch and On-Line Parameter Estimation of Gaussian
                  Mixtures Based on the Joint Entropy},
  volume =       11,
  year =         1998
}

@inproceedings{skantzos1998discontinuous,
  address =      {Denver, Colorado, USA},
  author =       {Skantzos, N. and Beckmann, C. and Coolen, Anthony},
  booktitle =    {Advances in Neural Information Processing Systems 11
                  (NIPS)},
  editor =       {Kearns, M. and Solla, S. and Cohn, D.},
  month =        {November},
  note =
                  {\url{https://proceedings.neurips.cc/paper_files/paper/1998/file/655ea4bd3b5736d88afc30c9212ccddf-Paper.pdf}},
  publisher =    {MIT Press},
  series =       {Conference Track Proceedings},
  title =        {Discontinuous Recall Transitions Induced by
                  Competition Between Short- and Long-Range
                  Interactions in Recurrent Networks},
  volume =       11,
  year =         1998
}

@inproceedings{smola1998semiparametric,
  address =      {Denver, Colorado, USA},
  author =       {Smola, Alex and Frieß, Thilo-Thomas and Schölkopf,
                  Bernhard},
  booktitle =    {Advances in Neural Information Processing Systems 11
                  (NIPS)},
  editor =       {Kearns, M. and Solla, S. and Cohn, D.},
  month =        {November},
  note =
                  {\url{https://proceedings.neurips.cc/paper_files/paper/1998/file/70efba66d3d8d53194fb1a8446ae07fa-Paper.pdf}},
  openalex =     {W2135845071},
  publisher =    {MIT Press},
  series =       {Conference Track Proceedings},
  title =        {Semiparametric Support Vector and Linear Programming
                  Machines},
  volume =       11,
  year =         1998
}

@inproceedings{sollich1998learning,
  address =      {Denver, Colorado, USA},
  author =       {Sollich, Peter},
  booktitle =    {Advances in Neural Information Processing Systems 11
                  (NIPS)},
  editor =       {Kearns, M. and Solla, S. and Cohn, D.},
  month =        {November},
  note =
                  {\url{https://proceedings.neurips.cc/paper_files/paper/1998/file/5cbdfd0dfa22a3fca7266376887f549b-Paper.pdf}},
  openalex =     {W2118195892},
  publisher =    {MIT Press},
  series =       {Conference Track Proceedings},
  title =        {Learning Curves for Gaussian Processes},
  volume =       11,
  year =         1998
}

@inproceedings{spence1998applications,
  address =      {Denver, Colorado, USA},
  author =       {Spence, Clay D. and Sajda, Paul},
  booktitle =    {Advances in Neural Information Processing Systems 11
                  (NIPS)},
  editor =       {Kearns, M. and Solla, S. and Cohn, D.},
  month =        {November},
  note =
                  {\url{https://proceedings.neurips.cc/paper_files/paper/1998/file/b5488aeff42889188d03c9895255cecc-Paper.pdf}},
  openalex =     {W2097744143},
  publisher =    {MIT Press},
  series =       {Conference Track Proceedings},
  title =        {Applications of Multi-Resolution Neural Networks to
                  Mammography},
  volume =       11,
  year =         1998
}

@inproceedings{stemmler1998information,
  address =      {Denver, Colorado, USA},
  author =       {Stemmler, Martin and Koch, Christof},
  booktitle =    {Advances in Neural Information Processing Systems 11
                  (NIPS)},
  editor =       {Kearns, M. and Solla, S. and Cohn, D.},
  month =        {November},
  note =
                  {\url{https://proceedings.neurips.cc/paper_files/paper/1998/file/452bf208bf901322968557227b8f6efe-Paper.pdf}},
  openalex =     {W2152454151},
  publisher =    {MIT Press},
  series =       {Conference Track Proceedings},
  title =        {Information Maximization in Single Neurons},
  volume =       11,
  year =         1998
}

@inproceedings{stocker1998computation,
  address =      {Denver, Colorado, USA},
  author =       {Stocker, Alan A. and Douglas, Rodney J.},
  booktitle =    {Advances in Neural Information Processing Systems 11
                  (NIPS)},
  editor =       {Kearns, M. and Solla, S. and Cohn, D.},
  month =        {November},
  note =
                  {\url{https://proceedings.neurips.cc/paper_files/paper/1998/file/b2dd140336c9df867c087a29b2e66034-Paper.pdf}},
  openalex =     {W2117543255},
  publisher =    {MIT Press},
  series =       {Conference Track Proceedings},
  title =        {Computation of Smooth Optical Flow in a Feedback
                  Connected Analog Network},
  volume =       11,
  year =         1998
}

@inproceedings{suematsu1998reinforcement,
  address =      {Denver, Colorado, USA},
  author =       {Suematsu, Nobuo and Hayashi, Akira},
  booktitle =    {Advances in Neural Information Processing Systems 11
                  (NIPS)},
  editor =       {Kearns, M. and Solla, S. and Cohn, D.},
  month =        {November},
  note =
                  {\url{https://proceedings.neurips.cc/paper_files/paper/1998/file/6d3a1e06d6a06349436bc054313b648c-Paper.pdf}},
  openalex =     {W2113013121},
  publisher =    {MIT Press},
  series =       {Conference Track Proceedings},
  title =        {A Reinforcement Learning Algorithm in Partially
                  Observable Environments Using Short-Term Memory},
  volume =       11,
  year =         1998
}

@inproceedings{sutton1998improved,
  address =      {Denver, Colorado, USA},
  author =       {Sutton, Richard S. and Singh, Satinder and Precup,
                  Doina and Ravindran, Balaraman},
  booktitle =    {Advances in Neural Information Processing Systems 11
                  (NIPS)},
  editor =       {Kearns, M. and Solla, S. and Cohn, D.},
  month =        {November},
  note =
                  {\url{https://proceedings.neurips.cc/paper_files/paper/1998/file/9597353e41e6957b5e7aa79214fcb256-Paper.pdf}},
  openalex =     {W2123956999},
  publisher =    {MIT Press},
  series =       {Conference Track Proceedings},
  title =        {Improved Switching among Temporally Abstract
                  Actions},
  volume =       11,
  year =         1998
}

@inproceedings{tanaka1998theory,
  address =      {Denver, Colorado, USA},
  author =       {Tanaka, Toshiyuki},
  booktitle =    {Advances in Neural Information Processing Systems 11
                  (NIPS)},
  editor =       {Kearns, M. and Solla, S. and Cohn, D.},
  month =        {November},
  note =
                  {\url{https://proceedings.neurips.cc/paper_files/paper/1998/file/a368b0de8b91cfb3f91892fbf1ebd4b2-Paper.pdf}},
  openalex =     {W2172158897},
  publisher =    {MIT Press},
  series =       {Conference Track Proceedings},
  title =        {A Theory of Mean Field Approximation},
  volume =       11,
  year =         1998
}

@inproceedings{tenenbaum1998bayesian,
  address =      {Denver, Colorado, USA},
  author =       {Tenenbaum, Joshua B.},
  booktitle =    {Advances in Neural Information Processing Systems 11
                  (NIPS)},
  editor =       {Kearns, M. and Solla, S. and Cohn, D.},
  month =        {November},
  note =
                  {\url{https://proceedings.neurips.cc/paper_files/paper/1998/file/d010396ca8abf6ead8cacc2c2f2f26c7-Paper.pdf}},
  openalex =     {W2138138984},
  publisher =    {MIT Press},
  series =       {Conference Track Proceedings},
  title =        {Bayesian Modeling of Human Concept Learning},
  volume =       11,
  year =         1998
}

@inproceedings{thornber1998orientation,
  address =      {Denver, Colorado, USA},
  author =       {Williams, Lance R. and Thornber, Karvel K.},
  booktitle =    {Advances in Neural Information Processing Systems 11
                  (NIPS)},
  editor =       {Kearns, M. and Solla, S. and Cohn, D.},
  month =        {November},
  note =
                  {\url{https://proceedings.neurips.cc/paper_files/paper/1998/file/109d2dd3608f669ca17920c511c2a41e-Paper.pdf}},
  openalex =     {W2140645652},
  publisher =    {MIT Press},
  series =       {Conference Track Proceedings},
  title =        {Orientation, Scale, and Discontinuity as Emergent
                  Properties of Illusory Contour Shape},
  volume =       11,
  year =         1998
}

@inproceedings{tipping1998probabilistic,
  address =      {Denver, Colorado, USA},
  author =       {Tipping, Michael E.},
  booktitle =    {Advances in Neural Information Processing Systems 11
                  (NIPS)},
  editor =       {Kearns, M. and Solla, S. and Cohn, D.},
  month =        {November},
  note =
                  {\url{https://proceedings.neurips.cc/paper_files/paper/1998/file/b132ecc1609bfcf302615847c1caa69a-Paper.pdf}},
  openalex =     {W2135561481},
  publisher =    {MIT Press},
  series =       {Conference Track Proceedings},
  title =        {Probabilistic Visualisation of High-Dimensional
                  Binary Data},
  volume =       11,
  year =         1998
}

@inproceedings{ueda1998smem,
  address =      {Denver, Colorado, USA},
  author =       {Ueda, Naonori and Nakano, Ryohei and Ghahramani,
                  Zoubin and Hinton, Geoffrey E.},
  booktitle =    {Advances in Neural Information Processing Systems 11
                  (NIPS)},
  editor =       {Kearns, M. and Solla, S. and Cohn, D.},
  month =        {November},
  note =
                  {\url{https://proceedings.neurips.cc/paper_files/paper/1998/file/253f7b5d921338af34da817c00f42753-Paper.pdf}},
  openalex =     {W2114759290},
  publisher =    {MIT Press},
  series =       {Conference Track Proceedings},
  title =        {SMEM Algorithm for Mixture Models},
  volume =       11,
  year =         1998
}

@inproceedings{vasconcelos1998learning,
  address =      {Denver, Colorado, USA},
  author =       {Vasconcelos, Nuno and Lippman, Andrew},
  booktitle =    {Advances in Neural Information Processing Systems 11
                  (NIPS)},
  editor =       {Kearns, M. and Solla, S. and Cohn, D.},
  month =        {November},
  note =
                  {\url{https://proceedings.neurips.cc/paper_files/paper/1998/file/819c9fbfb075d62a16393b9fe4fcbaa5-Paper.pdf}},
  openalex =     {W2160560153},
  publisher =    {MIT Press},
  series =       {Conference Track Proceedings},
  title =        {Learning Mixture Hierarchies},
  volume =       11,
  year =         1998
}

@inproceedings{vivarelli1998discovering,
  address =      {Denver, Colorado, USA},
  author =       {Vivarelli, Francesco and Williams, Christopher
                  K. I.},
  booktitle =    {Advances in Neural Information Processing Systems 11
                  (NIPS)},
  editor =       {Kearns, M. and Solla, S. and Cohn, D.},
  month =        {November},
  note =
                  {\url{https://proceedings.neurips.cc/paper_files/paper/1998/file/ed4227734ed75d343320b6a5fd16ce57-Paper.pdf}},
  openalex =     {W2163057507},
  publisher =    {MIT Press},
  series =       {Conference Track Proceedings},
  title =        {Discovering Hidden Features with Gaussian Processes
                  Regression},
  volume =       11,
  year =         1998
}

@inproceedings{wahba1998bias,
  address =      {Denver, Colorado, USA},
  author =       {Wahba, Grace and Lin, Xiwu and Gao, Fangyu and
                  Xiang, Dong and Klein, Ronald and Klein, Ronald},
  booktitle =    {Advances in Neural Information Processing Systems 11
                  (NIPS)},
  editor =       {Kearns, M. and Solla, S. and Cohn, D.},
  month =        {November},
  note =
                  {\url{https://proceedings.neurips.cc/paper_files/paper/1998/file/bffc98347ee35b3ead06728d6f073c68-Paper.pdf}},
  openalex =     {W2111611307},
  publisher =    {MIT Press},
  series =       {Conference Track Proceedings},
  title =        {The Bias-Variance Tradeoff and the Randomized GACV},
  volume =       11,
  year =         1998
}

@inproceedings{weinshall1998classification,
  address =      {Denver, Colorado, USA},
  author =       {Weinshall, Daphna and Jacobs, David W. and Gdalyahu,
                  Yoram},
  booktitle =    {Advances in Neural Information Processing Systems 11
                  (NIPS)},
  editor =       {Kearns, M. and Solla, S. and Cohn, D.},
  month =        {November},
  note =
                  {\url{https://proceedings.neurips.cc/paper_files/paper/1998/file/88a199611ac2b85bd3f76e8ee7e55650-Paper.pdf}},
  openalex =     {W2131473842},
  publisher =    {MIT Press},
  series =       {Conference Track Proceedings},
  title =        {Classification in Non-Metric Spaces},
  volume =       11,
  year =         1998
}

@inproceedings{wheeler1998basis,
  address =      {Denver, Colorado, USA},
  author =       {Wheeler, Kevin and Dhawan, Atam P.},
  booktitle =    {Advances in Neural Information Processing Systems 11
                  (NIPS)},
  editor =       {Kearns, M. and Solla, S. and Cohn, D.},
  month =        {November},
  note =
                  {\url{https://proceedings.neurips.cc/paper_files/paper/1998/file/fc528592c3858f90196fbfacc814f235-Paper.pdf}},
  openalex =     {W2110022960},
  publisher =    {MIT Press},
  series =       {Conference Track Proceedings},
  title =        {Basis Selection for Wavelet Regression},
  volume =       11,
  year =         1998
}

@inproceedings{williams1998dts,
  address =      {Denver, Colorado, USA},
  author =       {Williams, Christopher K. I. and Adams, Nicholas J.},
  booktitle =    {Advances in Neural Information Processing Systems 11
                  (NIPS)},
  editor =       {Kearns, M. and Solla, S. and Cohn, D.},
  month =        {November},
  note =
                  {\url{https://proceedings.neurips.cc/paper_files/paper/1998/file/748ba69d3e8d1af87f84fee909eef339-Paper.pdf}},
  openalex =     {W2108344269},
  publisher =    {MIT Press},
  series =       {Conference Track Proceedings},
  title =        {DTs: Dynamic Trees},
  volume =       11,
  year =         1998
}

@inproceedings{williams1998experimental,
  address =      {Denver, Colorado, USA},
  author =       {Williams, John K. and Singh, Satinder},
  booktitle =    {Advances in Neural Information Processing Systems 11
                  (NIPS)},
  editor =       {Kearns, M. and Solla, S. and Cohn, D.},
  month =        {November},
  note =
                  {\url{https://proceedings.neurips.cc/paper_files/paper/1998/file/1cd3882394520876dc88d1472aa2a93f-Paper.pdf}},
  openalex =     {W2149126181},
  publisher =    {MIT Press},
  series =       {Conference Track Proceedings},
  title =        {Experimental Results on Learning Stochastic
                  Memoryless Policies for Partially Observable Markov
                  Decision Processes},
  volume =       11,
  year =         1998
}

@inproceedings{williamson1998robot,
  address =      {Denver, Colorado, USA},
  author =       {Williamson, Matthew M. and Murray‐Smith, Roderick
                  and Hansen, Volker},
  booktitle =    {Advances in Neural Information Processing Systems 11
                  (NIPS)},
  editor =       {Kearns, M. and Solla, S. and Cohn, D.},
  month =        {November},
  note =
                  {\url{https://proceedings.neurips.cc/paper_files/paper/1998/file/b60c5ab647a27045b462934977ccad9a-Paper.pdf}},
  openalex =     {W2147620251},
  publisher =    {MIT Press},
  series =       {Conference Track Proceedings},
  title =        {Robot Docking Using Mixtures of Gaussians},
  volume =       11,
  year =         1998
}

@inproceedings{wolpert1998using,
  address =      {Denver, Colorado, USA},
  author =       {Wolpert, David H. and Tumer, Kagan and Frank,
                  Jeremy},
  booktitle =    {Advances in Neural Information Processing Systems 11
                  (NIPS)},
  editor =       {Kearns, M. and Solla, S. and Cohn, D.},
  month =        {November},
  note =
                  {\url{https://proceedings.neurips.cc/paper_files/paper/1998/file/5129a5ddcd0dcd755232baa04c231698-Paper.pdf}},
  openalex =     {W2126306851},
  publisher =    {MIT Press},
  series =       {Conference Track Proceedings},
  title =        {Using Collective Intelligence to Route Internet
                  Traffic},
  volume =       11,
  year =         1998
}

@inproceedings{yoon1998effect,
  address =      {Denver, Colorado, USA},
  author =       {Yoon, Hyoungsoo and Sompolinsky, Haim},
  booktitle =    {Advances in Neural Information Processing Systems 11
                  (NIPS)},
  editor =       {Kearns, M. and Solla, S. and Cohn, D.},
  month =        {November},
  note =
                  {\url{https://proceedings.neurips.cc/paper_files/paper/1998/file/41a60377ba920919939d83326ebee5a1-Paper.pdf}},
  openalex =     {W2158571236},
  publisher =    {MIT Press},
  series =       {Conference Track Proceedings},
  title =        {The Effect of Correlations on the Fisher Information
                  of Population Codes},
  volume =       11,
  year =         1998
}

@inproceedings{yuille1998convergence,
  address =      {Denver, Colorado, USA},
  author =       {Yuille, Alan and Coughlan, James M.},
  booktitle =    {Advances in Neural Information Processing Systems 11
                  (NIPS)},
  editor =       {Kearns, M. and Solla, S. and Cohn, D.},
  month =        {November},
  note =
                  {\url{https://proceedings.neurips.cc/paper_files/paper/1998/file/2b3bf3eee2475e03885a110e9acaab61-Paper.pdf}},
  openalex =     {W2156741519},
  publisher =    {MIT Press},
  series =       {Conference Track Proceedings},
  title =        {Convergence Rates of Algorithms for Visual Search:
                  Detecting Visual Contours},
  volume =       11,
  year =         1998
}

@inproceedings{zemel1998distributional,
  address =      {Denver, Colorado, USA},
  author =       {Zemel, Richard S. and Dayan, Peter},
  booktitle =    {Advances in Neural Information Processing Systems 11
                  (NIPS)},
  editor =       {Kearns, M. and Solla, S. and Cohn, D.},
  month =        {November},
  note =
                  {\url{https://proceedings.neurips.cc/paper_files/paper/1998/file/4e9cec1f583056459111d63e24f3b8ef-Paper.pdf}},
  openalex =     {W2137463787},
  publisher =    {MIT Press},
  series =       {Conference Track Proceedings},
  title =        {Distributional Population Codes and Multiple Motion
                  Models},
  volume =       11,
  year =         1998
}

@inproceedings{zhang1998blind,
  address =      {Denver, Colorado, USA},
  author =       {Zhang, Liqing and Cichocki, Andrzej},
  booktitle =    {Advances in Neural Information Processing Systems 11
                  (NIPS)},
  editor =       {Kearns, M. and Solla, S. and Cohn, D.},
  month =        {November},
  note =
                  {\url{https://proceedings.neurips.cc/paper_files/paper/1998/file/dfa92d8f817e5b08fcaafb50d03763cf-Paper.pdf}},
  openalex =     {W2107585460},
  publisher =    {MIT Press},
  series =       {Conference Track Proceedings},
  title =        {Blind Separation of Filtered Sources Using
                  State-Space Approach},
  volume =       11,
  year =         1998
}

@inproceedings{zhou1998high,
  address =      {Denver, Colorado, USA},
  author =       {Zhou, Ping and Austin, Jim and Kennedy, J.V.},
  booktitle =    {Advances in Neural Information Processing Systems 11
                  (NIPS)},
  editor =       {Kearns, M. and Solla, S. and Cohn, D.},
  month =        {November},
  note =
                  {\url{https://proceedings.neurips.cc/paper_files/paper/1998/file/fa1e9c965314ccd7810fb5ea838303e5-Paper.pdf}},
  openalex =     {W2118361959},
  publisher =    {MIT Press},
  series =       {Conference Track Proceedings},
  title =        {A High Performance k-NN Classifier Using a Binary
                  Correlation Matrix Memory},
  volume =       11,
  year =         1998
}
