@inproceedings{adorján1999recurrent,
  address = {Denver, Colorado, USA},
  author = {Adorján, Péter and Schwabe, Lars and Piepenbrock, Christian and Obermayer, Klaus},
  booktitle = {Advances in Neural Information Processing Systems 12 (NIPS)},
  editor = {S. Solla and T. Leen and K. Müller},
  key = {adorján1999recurrent},
  month = {November},
  note = {\url{https://proceedings.neurips.cc/paper_files/paper/1999/file/831c2f88a604a07ca94314b56a4921b8-Paper.pdf}},
  openalex = {W2109335998},
  publisher = {MIT Press},
  series = {Conference Track Proceedings},
  title = {Recurrent Cortical Competition: Strengthen or Weaken?},
  volume = {12},
  year = {1999}
}

@inproceedings{andrieu1999robust,
  address = {Denver, Colorado, USA},
  author = {Andrieu, Christophe and de Freitas, João and Doucet, Arnaud},
  booktitle = {Advances in Neural Information Processing Systems 12 (NIPS)},
  editor = {S. Solla and T. Leen and K. Müller},
  month = {November},
  note = {\url{https://proceedings.neurips.cc/paper_files/paper/1999/file/b3b43aeeacb258365cc69cdaf42a68af-Paper.pdf}},
  publisher = {MIT Press},
  series = {Conference Track Proceedings},
  title = {Robust Full Bayesian Methods for Neural Networks},
  volume = {12},
  year = {1999}
}

@inproceedings{attias1999independent,
  address = {Denver, Colorado, USA},
  author = {Attias, Hagai},
  booktitle = {Advances in Neural Information Processing Systems 12 (NIPS)},
  editor = {S. Solla and T. Leen and K. Müller},
  key = {attias1999independent},
  month = {November},
  note = {\url{https://proceedings.neurips.cc/paper_files/paper/1999/file/6a81681a7af700c6385d36577ebec359-Paper.pdf}},
  openalex = {W2110763772},
  publisher = {MIT Press},
  series = {Conference Track Proceedings},
  title = {Independent Factor Analysis with Temporally Structured Sources},
  volume = {12},
  year = {1999}
}

@inproceedings{attias1999variational,
  address = {Denver, Colorado, USA},
  author = {Attias, Hagai},
  booktitle = {Advances in Neural Information Processing Systems 12 (NIPS)},
  editor = {S. Solla and T. Leen and K. Müller},
  key = {attias1999variational},
  month = {November},
  note = {\url{https://proceedings.neurips.cc/paper_files/paper/1999/file/74563ba21a90da13dacf2a73e3ddefa7-Paper.pdf}},
  publisher = {MIT Press},
  series = {Conference Track Proceedings},
  title = {A Variational Bayesian Framework for Graphical Models},
  volume = {12},
  year = {1999}
}

@inproceedings{bakker1999robust,
  address = {Denver, Colorado, USA},
  author = {Bakker, Rembrandt and Schouten, J.C. and Coppens, Marc‐Olivier and Takens, Floris and Giles, C. Lee and Bleek, C.M. van den},
  booktitle = {Advances in Neural Information Processing Systems 12 (NIPS)},
  editor = {S. Solla and T. Leen and K. Müller},
  key = {bakker1999robust},
  month = {November},
  note = {\url{https://proceedings.neurips.cc/paper_files/paper/1999/file/81c650caac28cdefce4de5ddc18befa0-Paper.pdf}},
  openalex = {W2150637077},
  publisher = {MIT Press},
  series = {Conference Track Proceedings},
  title = {Robust Learning of Chaotic Attractors},
  volume = {12},
  year = {1999}
}

@inproceedings{barber1999gaussian,
  address = {Denver, Colorado, USA},
  author = {Barber, David and Sollich, Peter},
  booktitle = {Advances in Neural Information Processing Systems 12 (NIPS)},
  editor = {S. Solla and T. Leen and K. Müller},
  month = {November},
  note = {\url{https://proceedings.neurips.cc/paper_files/paper/1999/file/f670ef5d2d6bdf8f29450a970494dd64-Paper.pdf}},
  openalex = {W2109849264},
  publisher = {MIT Press},
  series = {Conference Track Proceedings},
  title = {Gaussian Fields for Approximate Inference in Layered Sigmoid Belief Networks},
  volume = {12},
  year = {1999}
}

@inproceedings{bartlett1999image,
  address = {Denver, Colorado, USA},
  author = {Bartlett, Marian Stewart and Donato, Gianluca and Movellan, Javier R. and Hager, Joseph C. and Ekman, Paul and Sejnowski, Terrence J.},
  booktitle = {Advances in Neural Information Processing Systems 12 (NIPS)},
  editor = {S. Solla and T. Leen and K. Müller},
  month = {November},
  note = {\url{https://proceedings.neurips.cc/paper_files/paper/1999/file/393c55aea738548df743a186d15f3bef-Paper.pdf}},
  openalex = {W2100866252},
  publisher = {MIT Press},
  series = {Conference Track Proceedings},
  title = {Image Representations for Facial Expression Coding},
  volume = {12},
  year = {1999}
}

@inproceedings{bayliss1999recognizing,
  address = {Denver, Colorado, USA},
  author = {Bayliss, Jessica D. and Ballard, Dana H.},
  booktitle = {Advances in Neural Information Processing Systems 12 (NIPS)},
  editor = {S. Solla and T. Leen and K. Müller},
  month = {November},
  note = {\url{https://proceedings.neurips.cc/paper_files/paper/1999/file/fddd7938a71db5f81fcc621673ab67b7-Paper.pdf}},
  openalex = {W2151790668},
  publisher = {MIT Press},
  series = {Conference Track Proceedings},
  title = {Recognizing Evoked Potentials in a Virtual Environment},
  volume = {12},
  year = {1999}
}

@inproceedings{bengio1999modeling,
  address = {Denver, Colorado, USA},
  author = {Bengio, Yoshua and Bengio, Samy},
  booktitle = {Advances in Neural Information Processing Systems 12 (NIPS)},
  editor = {S. Solla and T. Leen and K. Müller},
  month = {November},
  note = {\url{https://proceedings.neurips.cc/paper_files/paper/1999/file/e6384711491713d29bc63fc5eeb5ba4f-Paper.pdf}},
  openalex = {W2103936488},
  publisher = {MIT Press},
  series = {Conference Track Proceedings},
  title = {Modeling High-Dimensional Discrete Data with Multi-Layer Neural Networks},
  volume = {12},
  year = {1999}
}

@inproceedings{briegel1999robust,
  address = {Denver, Colorado, USA},
  author = {Briegel, T. and Tresp, Volker},
  booktitle = {Advances in Neural Information Processing Systems 12 (NIPS)},
  editor = {S. Solla and T. Leen and K. Müller},
  month = {November},
  note = {\url{https://proceedings.neurips.cc/paper_files/paper/1999/file/db29450c3f5e97f97846693611f98c15-Paper.pdf}},
  openalex = {W2104112579},
  publisher = {MIT Press},
  series = {Conference Track Proceedings},
  title = {Robust Neural Network Regression for Offline and Online Learning},
  volume = {12},
  year = {1999}
}

@inproceedings{brown1999low,
  address = {Denver, Colorado, USA},
  author = {Brown, Timothy X.},
  booktitle = {Advances in Neural Information Processing Systems 12 (NIPS)},
  editor = {S. Solla and T. Leen and K. Müller},
  month = {November},
  note = {\url{https://proceedings.neurips.cc/paper_files/paper/1999/file/54f5f4071faca32ad5285fef87b78646-Paper.pdf}},
  openalex = {W2157758004},
  publisher = {MIT Press},
  series = {Conference Track Proceedings},
  title = {Low Power Wireless Communication via Reinforcement Learning},
  volume = {12},
  year = {1999}
}

@inproceedings{brown1999oscillatory,
  address = {Denver, Colorado, USA},
  author = {Brown, Guy and Wang, DeLiang},
  booktitle = {Advances in Neural Information Processing Systems 12 (NIPS)},
  editor = {S. Solla and T. Leen and K. Müller},
  month = {November},
  note = {\url{https://proceedings.neurips.cc/paper_files/paper/1999/file/cdf1035c34ec380218a8cc9a43d438f9-Paper.pdf}},
  publisher = {MIT Press},
  series = {Conference Track Proceedings},
  title = {An Oscillatory Correlation Framework for Computational Auditory Scene Analysis},
  volume = {12},
  year = {1999}
}

@inproceedings{buhmann1999model,
  address = {Denver, Colorado, USA},
  author = {Buhmann, Joachim M. and Held, Marcus},
  booktitle = {Advances in Neural Information Processing Systems 12 (NIPS)},
  editor = {S. Solla and T. Leen and K. Müller},
  key = {buhmann1999model},
  month = {November},
  note = {\url{https://proceedings.neurips.cc/paper_files/paper/1999/file/757f843a169cc678064d9530d12a1881-Paper.pdf}},
  openalex = {W2121557504},
  publisher = {MIT Press},
  series = {Conference Track Proceedings},
  title = {Model Selection in Clustering by Uniform Convergence Bounds},
  volume = {12},
  year = {1999}
}

@inproceedings{burges1999uniqueness,
  address = {Denver, Colorado, USA},
  author = {Burges, Christopher J. C. and Crisp, David J.},
  booktitle = {Advances in Neural Information Processing Systems 12 (NIPS)},
  editor = {S. Solla and T. Leen and K. Müller},
  month = {November},
  note = {\url{https://proceedings.neurips.cc/paper_files/paper/1999/file/c4492cbe90fbdbf88a5aec486aa81ed5-Paper.pdf}},
  openalex = {W2168420538},
  publisher = {MIT Press},
  series = {Conference Track Proceedings},
  title = {Uniqueness of the SVM Solution},
  volume = {12},
  year = {1999}
}

@inproceedings{carreiraperpiñán1999reconstruction,
  address = {Denver, Colorado, USA},
  author = {Carreira-Perpiñán, Miguel Á.},
  booktitle = {Advances in Neural Information Processing Systems 12 (NIPS)},
  editor = {S. Solla and T. Leen and K. Müller},
  key = {carreira-perpiñán1999reconstruction},
  month = {November},
  note = {\url{https://proceedings.neurips.cc/paper_files/paper/1999/file/9a4400501febb2a95e79248486a5f6d3-Paper.pdf}},
  openalex = {W2108186306},
  publisher = {MIT Press},
  series = {Conference Track Proceedings},
  title = {Reconstruction of Sequential Data with Probabilistic Models and Continuity Constraints},
  volume = {12},
  year = {1999}
}

@inproceedings{chapelle1999model,
  address = {Denver, Colorado, USA},
  author = {Chapelle, Olivier and Vapnik, Vladimir},
  booktitle = {Advances in Neural Information Processing Systems 12 (NIPS)},
  editor = {S. Solla and T. Leen and K. Müller},
  month = {November},
  note = {\url{https://proceedings.neurips.cc/paper_files/paper/1999/file/e449b9317dad920c0dd5ad0a2a2d5e49-Paper.pdf}},
  openalex = {W2158078575},
  publisher = {MIT Press},
  series = {Conference Track Proceedings},
  title = {Model Selection for Support Vector Machines},
  volume = {12},
  year = {1999}
}

@inproceedings{chapelle1999transductive,
  address = {Denver, Colorado, USA},
  author = {Chapelle, Olivier and Vapnik, Vladimir and Weston, Jason},
  booktitle = {Advances in Neural Information Processing Systems 12 (NIPS)},
  editor = {S. Solla and T. Leen and K. Müller},
  month = {November},
  note = {\url{https://proceedings.neurips.cc/paper_files/paper/1999/file/ef2a4be5473ab0b3cc286e67b1f59f44-Paper.pdf}},
  openalex = {W2145366000},
  publisher = {MIT Press},
  series = {Conference Track Proceedings},
  title = {Transductive Inference for Estimating Values of Functions},
  volume = {12},
  year = {1999}
}

@inproceedings{chechik1999effective,
  address = {Denver, Colorado, USA},
  author = {Chechik, Gal and Meilijson, Isaac and Ruppin, Eytan},
  booktitle = {Advances in Neural Information Processing Systems 12 (NIPS)},
  editor = {S. Solla and T. Leen and K. Müller},
  month = {November},
  note = {\url{https://proceedings.neurips.cc/paper_files/paper/1999/file/f0bda020d2470f2e74990a07a607ebd9-Paper.pdf}},
  openalex = {W2112126127},
  publisher = {MIT Press},
  series = {Conference Track Proceedings},
  title = {Effective Learning Requires Neuronal Remodeling of Hebbian Synapses},
  volume = {12},
  year = {1999}
}

@inproceedings{chklovskii1999optimal,
  address = {Denver, Colorado, USA},
  author = {Chklovskii, Dmitri B.},
  booktitle = {Advances in Neural Information Processing Systems 12 (NIPS)},
  editor = {S. Solla and T. Leen and K. Müller},
  month = {November},
  note = {\url{https://proceedings.neurips.cc/paper_files/paper/1999/file/270edd69788dce200a3b395a6da6fdb7-Paper.pdf}},
  openalex = {W2125472588},
  publisher = {MIT Press},
  series = {Conference Track Proceedings},
  title = {Optimal Sizes of Dendritic and Axonal Arbors in a Topographic Projection},
  volume = {12},
  year = {1999}
}

@inproceedings{chklovskii1999wiring,
  address = {Denver, Colorado, USA},
  author = {Chklovskii, Dmitri B. and Stevens, Charles F.},
  booktitle = {Advances in Neural Information Processing Systems 12 (NIPS)},
  editor = {S. Solla and T. Leen and K. Müller},
  key = {chklovskii1999wiring},
  month = {November},
  note = {\url{https://proceedings.neurips.cc/paper_files/paper/1999/file/7137debd45ae4d0ab9aa953017286b20-Paper.pdf}},
  openalex = {W2166141945},
  publisher = {MIT Press},
  series = {Conference Track Proceedings},
  title = {Wiring Optimization in the Brain},
  volume = {12},
  year = {1999}
}

@inproceedings{choi1999environment,
  address = {Denver, Colorado, USA},
  author = {Choi, Samuel and Yeung, Dit-Yan and Zhang, Nevin},
  booktitle = {Advances in Neural Information Processing Systems 12 (NIPS)},
  editor = {S. Solla and T. Leen and K. Müller},
  month = {November},
  note = {\url{https://proceedings.neurips.cc/paper_files/paper/1999/file/e8d92f99edd25e2cef48eca48320a1a5-Paper.pdf}},
  publisher = {MIT Press},
  series = {Conference Track Proceedings},
  title = {An Environment Model for Nonstationary Reinforcement Learning},
  volume = {12},
  year = {1999}
}

@inproceedings{coolen1999dynamics,
  address = {Denver, Colorado, USA},
  author = {Coolen, Anthony and Mace, C.},
  booktitle = {Advances in Neural Information Processing Systems 12 (NIPS)},
  editor = {S. Solla and T. Leen and K. Müller},
  month = {November},
  note = {\url{https://proceedings.neurips.cc/paper_files/paper/1999/file/b59a51a3c0bf9c5228fde841714f523a-Paper.pdf}},
  publisher = {MIT Press},
  series = {Conference Track Proceedings},
  title = {Dynamics of Supervised Learning with Restricted Training Sets and Noisy Teachers},
  volume = {12},
  year = {1999}
}

@inproceedings{crisp1999geometric,
  address = {Denver, Colorado, USA},
  author = {Crisp, David J. and Burges, Christopher J. C.},
  booktitle = {Advances in Neural Information Processing Systems 12 (NIPS)},
  editor = {S. Solla and T. Leen and K. Müller},
  key = {crisp1999geometric},
  month = {November},
  note = {\url{https://proceedings.neurips.cc/paper_files/paper/1999/file/7fea637fd6d02b8f0adf6f7dc36aed93-Paper.pdf}},
  openalex = {W2156736119},
  publisher = {MIT Press},
  series = {Conference Track Proceedings},
  title = {A Geometric Interpretation of v-SVM Classifiers},
  volume = {12},
  year = {1999}
}

@inproceedings{csato1999efficient,
  address = {Denver, Colorado, USA},
  author = {Csató, Lehel and Fokoué, Ernest and Opper, Manfred and Schottky, Bernhard and Winther, Ole},
  booktitle = {Advances in Neural Information Processing Systems 12 (NIPS)},
  editor = {S. Solla and T. Leen and K. Müller},
  month = {November},
  note = {\url{https://proceedings.neurips.cc/paper_files/paper/1999/file/26751be1181460baf78db8d5eb7aad39-Paper.pdf}},
  openalex = {W2100494227},
  publisher = {MIT Press},
  series = {Conference Track Proceedings},
  title = {Efficient Approaches to Gaussian Process Classification},
  volume = {12},
  year = {1999}
}

@inproceedings{deco1999neurodynamical,
  address = {Denver, Colorado, USA},
  author = {Deco, Gustavo and Zihl, Josef},
  booktitle = {Advances in Neural Information Processing Systems 12 (NIPS)},
  editor = {S. Solla and T. Leen and K. Müller},
  month = {November},
  note = {\url{https://proceedings.neurips.cc/paper_files/paper/1999/file/b3bbccd6c008e727785cb81b1aa08ac5-Paper.pdf}},
  openalex = {W2120707780},
  publisher = {MIT Press},
  series = {Conference Track Proceedings},
  title = {A Neurodynamical Approach to Visual Attention},
  volume = {12},
  year = {1999}
}

@inproceedings{dietterich1999state,
  address = {Denver, Colorado, USA},
  author = {Dietterich, Thomas G.},
  booktitle = {Advances in Neural Information Processing Systems 12 (NIPS)},
  editor = {S. Solla and T. Leen and K. Müller},
  month = {November},
  note = {\url{https://proceedings.neurips.cc/paper_files/paper/1999/file/e5a4d6bf330f23a8707bb0d6001dfbe8-Paper.pdf}},
  openalex = {W1754881896},
  publisher = {MIT Press},
  series = {Conference Track Proceedings},
  title = {State Abstraction in MAXQ Hierarchical Reinforcement Learning},
  volume = {12},
  year = {1999}
}

@inproceedings{downs1999nonnegative,
  address = {Denver, Colorado, USA},
  author = {Downs, Oliver B. and Mackay, David and Lee, Daniel D.},
  booktitle = {Advances in Neural Information Processing Systems 12 (NIPS)},
  editor = {S. Solla and T. Leen and K. Müller},
  key = {downs1999nonnegative},
  month = {November},
  note = {\url{https://proceedings.neurips.cc/paper_files/paper/1999/file/955a1584af63a546588caae4d23840b3-Paper.pdf}},
  openalex = {W2105556268},
  publisher = {MIT Press},
  series = {Conference Track Proceedings},
  title = {The Nonnegative Boltzmann Machine},
  volume = {12},
  year = {1999}
}

@inproceedings{duffy1999potential,
  address = {Denver, Colorado, USA},
  author = {Duffy, Nigel and Helmbold, David P.},
  booktitle = {Advances in Neural Information Processing Systems 12 (NIPS)},
  editor = {S. Solla and T. Leen and K. Müller},
  key = {duffy1999potential},
  month = {November},
  note = {\url{https://proceedings.neurips.cc/paper_files/paper/1999/file/70ece1e1e0931919438fcfc6bd5f199c-Paper.pdf}},
  openalex = {W2294105907},
  publisher = {MIT Press},
  series = {Conference Track Proceedings},
  title = {Potential Boosters},
  volume = {12},
  year = {1999}
}

@inproceedings{eurich1999neural,
  address = {Denver, Colorado, USA},
  author = {Eurich, Christian W. and Wilke, Stefan and Schwegler, Helmut},
  booktitle = {Advances in Neural Information Processing Systems 12 (NIPS)},
  editor = {S. Solla and T. Leen and K. Müller},
  month = {November},
  note = {\url{https://proceedings.neurips.cc/paper_files/paper/1999/file/e22dd5dabde45eda5a1a67772c8e25dd-Paper.pdf}},
  openalex = {W2149720325},
  publisher = {MIT Press},
  series = {Conference Track Proceedings},
  title = {Neural Representation of Multi-Dimensional Stimuli},
  volume = {12},
  year = {1999}
}

@inproceedings{fisher1999learning,
  address = {Denver, Colorado, USA},
  author = {Fisher III, John W and Ihler, Alexander and Viola, Paul},
  booktitle = {Advances in Neural Information Processing Systems 12 (NIPS)},
  editor = {S. Solla and T. Leen and K. Müller},
  key = {fisher1999learning},
  month = {November},
  note = {\url{https://proceedings.neurips.cc/paper_files/paper/1999/file/8698ff92115213ab187d31d4ee5da8ea-Paper.pdf}},
  publisher = {MIT Press},
  series = {Conference Track Proceedings},
  title = {Learning Informative Statistics: A Nonparametric Approach},
  volume = {12},
  year = {1999}
}

@inproceedings{flake1999differentiating,
  address = {Denver, Colorado, USA},
  author = {Flake, Gary and Pearlmutter, Barak},
  booktitle = {Advances in Neural Information Processing Systems 12 (NIPS)},
  editor = {S. Solla and T. Leen and K. Müller},
  month = {November},
  note = {\url{https://proceedings.neurips.cc/paper_files/paper/1999/file/b9f94c77652c9a76fc8a442748cd54bd-Paper.pdf}},
  publisher = {MIT Press},
  series = {Conference Track Proceedings},
  title = {Differentiating Functions of the Jacobian with Respect to the Weights},
  volume = {12},
  year = {1999}
}

@inproceedings{frey1999local,
  address = {Denver, Colorado, USA},
  author = {Frey, Brendan J.},
  booktitle = {Advances in Neural Information Processing Systems 12 (NIPS)},
  editor = {S. Solla and T. Leen and K. Müller},
  key = {frey1999local},
  month = {November},
  note = {\url{https://proceedings.neurips.cc/paper_files/paper/1999/file/96de2547f44254c97f5f4f1f402711c1-Paper.pdf}},
  openalex = {W2168790308},
  publisher = {MIT Press},
  series = {Conference Track Proceedings},
  title = {Local Probability Propagation for Factor Analysis},
  volume = {12},
  year = {1999}
}

@inproceedings{ghahramani1999variational,
  address = {Denver, Colorado, USA},
  author = {Ghahramani, Zoubin and Beal, Matthew J.},
  booktitle = {Advances in Neural Information Processing Systems 12 (NIPS)},
  editor = {S. Solla and T. Leen and K. Müller},
  month = {November},
  note = {\url{https://proceedings.neurips.cc/paper_files/paper/1999/file/2451041557a22145b3701b0184109cab-Paper.pdf}},
  openalex = {W2151454335},
  publisher = {MIT Press},
  series = {Conference Track Proceedings},
  title = {Variational Inference for Bayesian Mixtures of Factor Analysers},
  volume = {12},
  year = {1999}
}

@inproceedings{ghisellicrippa1999effects,
  address = {Denver, Colorado, USA},
  author = {Ghiselli-Crippa, Thea and Munro, Paul},
  booktitle = {Advances in Neural Information Processing Systems 12 (NIPS)},
  editor = {S. Solla and T. Leen and K. Müller},
  month = {November},
  note = {\url{https://proceedings.neurips.cc/paper_files/paper/1999/file/ba1b3eba322eab5d895aa3023fe78b9c-Paper.pdf}},
  openalex = {W2154051454},
  publisher = {MIT Press},
  series = {Conference Track Proceedings},
  title = {Effects of Spatial and Temporal Contiguity on the Acquisition of Spatial Information},
  volume = {12},
  year = {1999}
}

@inproceedings{golden1999kirchoff,
  address = {Denver, Colorado, USA},
  author = {Golden, Richard M.},
  booktitle = {Advances in Neural Information Processing Systems 12 (NIPS)},
  editor = {S. Solla and T. Leen and K. Müller},
  month = {November},
  note = {\url{https://proceedings.neurips.cc/paper_files/paper/1999/file/418ef6127e44214882c61e372e866691-Paper.pdf}},
  openalex = {W2166145198},
  publisher = {MIT Press},
  series = {Conference Track Proceedings},
  title = {Kirchoff Law Markov Fields for Analog Circuit Design},
  volume = {12},
  year = {1999}
}

@inproceedings{graepel1999bayesian,
  address = {Denver, Colorado, USA},
  author = {Graepel, Thore and Herbrich, Ralf and Obermayer, Klaus},
  booktitle = {Advances in Neural Information Processing Systems 12 (NIPS)},
  editor = {S. Solla and T. Leen and K. Müller},
  key = {graepel1999bayesian},
  month = {November},
  note = {\url{https://proceedings.neurips.cc/paper_files/paper/1999/file/a51c896c9cb81ecb5a199d51ac9fc3c5-Paper.pdf}},
  openalex = {W2293789987},
  publisher = {MIT Press},
  series = {Conference Track Proceedings},
  title = {Bayesian Transduction},
  volume = {12},
  year = {1999}
}

@inproceedings{hansen1999bayesian,
  address = {Denver, Colorado, USA},
  author = {Hansen, Lars},
  booktitle = {Advances in Neural Information Processing Systems 12 (NIPS)},
  editor = {S. Solla and T. Leen and K. Müller},
  month = {November},
  note = {\url{https://proceedings.neurips.cc/paper_files/paper/1999/file/52d080a3e172c33fd6886a37e7288491-Paper.pdf}},
  publisher = {MIT Press},
  series = {Conference Track Proceedings},
  title = {Bayesian Averaging is Well-Temperated},
  volume = {12},
  year = {1999}
}

@inproceedings{hershey1999audio,
  address = {Denver, Colorado, USA},
  author = {Hershey, John R. and Movellan, Javier R.},
  booktitle = {Advances in Neural Information Processing Systems 12 (NIPS)},
  editor = {S. Solla and T. Leen and K. Müller},
  month = {November},
  note = {\url{https://proceedings.neurips.cc/paper_files/paper/1999/file/b618c3210e934362ac261db280128c22-Paper.pdf}},
  openalex = {W2164899449},
  publisher = {MIT Press},
  series = {Conference Track Proceedings},
  title = {Audio Vision: Using Audio-Visual Synchrony to Locate Sounds},
  volume = {12},
  year = {1999}
}

@inproceedings{hinton1999learning,
  address = {Denver, Colorado, USA},
  author = {Hinton, Geoffrey E. and Ghahramani, Zoubin and Teh, Yee Whye},
  booktitle = {Advances in Neural Information Processing Systems 12 (NIPS)},
  editor = {S. Solla and T. Leen and K. Müller},
  month = {November},
  note = {\url{https://proceedings.neurips.cc/paper_files/paper/1999/file/5a142a55461d5fef016acfb927fee0bd-Paper.pdf}},
  openalex = {W2125240890},
  publisher = {MIT Press},
  series = {Conference Track Proceedings},
  title = {Learning to Parse Images},
  volume = {12},
  year = {1999}
}

@inproceedings{hinton1999spiking,
  address = {Denver, Colorado, USA},
  author = {Hinton, Geoffrey E. and Brown, Andrew D.},
  booktitle = {Advances in Neural Information Processing Systems 12 (NIPS)},
  editor = {S. Solla and T. Leen and K. Müller},
  month = {November},
  note = {\url{https://proceedings.neurips.cc/paper_files/paper/1999/file/62889e73828c756c961c5a6d6c01a463-Paper.pdf}},
  openalex = {W2122225791},
  publisher = {MIT Press},
  series = {Conference Track Proceedings},
  title = {Spiking Boltzmann Machines},
  volume = {12},
  year = {1999}
}

@inproceedings{ho1999bayesian,
  address = {Denver, Colorado, USA},
  author = {Hø jen-Sørensen, Pedro and Hansen, Lars and Rasmussen, Carl},
  booktitle = {Advances in Neural Information Processing Systems 12 (NIPS)},
  editor = {S. Solla and T. Leen and K. Müller},
  month = {November},
  note = {\url{https://proceedings.neurips.cc/paper_files/paper/1999/file/52c5189391854c93e8a0e1326e56c14f-Paper.pdf}},
  publisher = {MIT Press},
  series = {Conference Track Proceedings},
  title = {Bayesian Modelling of fMRI Lime Series},
  volume = {12},
  year = {1999}
}

@inproceedings{hofmann1999learning,
  address = {Denver, Colorado, USA},
  author = {Hofmann, Thomas},
  booktitle = {Advances in Neural Information Processing Systems 12 (NIPS)},
  editor = {S. Solla and T. Leen and K. Müller},
  key = {hofmann1999learning},
  month = {November},
  note = {\url{https://proceedings.neurips.cc/paper_files/paper/1999/file/9d2682367c3935defcb1f9e247a97c0d-Paper.pdf}},
  openalex = {W2166023018},
  publisher = {MIT Press},
  series = {Conference Track Proceedings},
  title = {Learning the Similarity of Documents: An Information-Geometric Approach to Document Retrieval and Categorization},
  volume = {12},
  year = {1999}
}

@inproceedings{horn1999distributed,
  address = {Denver, Colorado, USA},
  author = {Horn, D. and Levy, Nir and Meilijson, Isaac and Ruppin, Eytan},
  booktitle = {Advances in Neural Information Processing Systems 12 (NIPS)},
  editor = {S. Solla and T. Leen and K. Müller},
  month = {November},
  note = {\url{https://proceedings.neurips.cc/paper_files/paper/1999/file/375c71349b295fbe2dcdca9206f20a06-Paper.pdf}},
  openalex = {W2165985821},
  publisher = {MIT Press},
  series = {Conference Track Proceedings},
  title = {Distributed Synchrony of Spiking Neurons in a Hebbian Cell Assembly},
  volume = {12},
  year = {1999}
}

@inproceedings{howe1999bayesian,
  address = {Denver, Colorado, USA},
  author = {Howe, Nicholas R. and Leventon, Michael E. and Freeman, William T.},
  booktitle = {Advances in Neural Information Processing Systems 12 (NIPS)},
  editor = {S. Solla and T. Leen and K. Müller},
  key = {howe1999bayesian},
  month = {November},
  note = {\url{https://proceedings.neurips.cc/paper_files/paper/1999/file/9fe97fff97f089661135d0487843108e-Paper.pdf}},
  openalex = {W2098813977},
  publisher = {MIT Press},
  series = {Conference Track Proceedings},
  title = {Bayesian Reconstruction of 3D Human Motion from Single-Camera Video},
  volume = {12},
  year = {1999}
}

@inproceedings{hyvarinen1999emergence,
  address = {Denver, Colorado, USA},
  author = {Hyvärinen, Aapo and Hoyer, Patrik O.},
  booktitle = {Advances in Neural Information Processing Systems 12 (NIPS)},
  editor = {S. Solla and T. Leen and K. Müller},
  month = {November},
  note = {\url{https://proceedings.neurips.cc/paper_files/paper/1999/file/148510031349642de5ca0c544f31b2ef-Paper.pdf}},
  openalex = {W2154594384},
  publisher = {MIT Press},
  series = {Conference Track Proceedings},
  title = {Emergence of Topography and Complex Cell Properties from Natural Images using Extensions of ICA},
  volume = {12},
  year = {1999}
}

@inproceedings{isbell1999parallel,
  address = {Denver, Colorado, USA},
  author = {Isbell, Charles L. and Husbands, Parry},
  booktitle = {Advances in Neural Information Processing Systems 12 (NIPS)},
  editor = {S. Solla and T. Leen and K. Müller},
  month = {November},
  note = {\url{https://proceedings.neurips.cc/paper_files/paper/1999/file/c59b469d724f7919b7d35514184fdc0f-Paper.pdf}},
  openalex = {W2127556726},
  publisher = {MIT Press},
  series = {Conference Track Proceedings},
  title = {The Parallel Problems Server: an Interactive Tool for Large Scale Machine Learning},
  volume = {12},
  year = {1999}
}

@inproceedings{jaakkola1999maximum,
  address = {Denver, Colorado, USA},
  author = {Jaakkola, Tommi and Meila, Marina and Jebara, Tony},
  booktitle = {Advances in Neural Information Processing Systems 12 (NIPS)},
  editor = {S. Solla and T. Leen and K. Müller},
  month = {November},
  note = {\url{https://proceedings.neurips.cc/paper_files/paper/1999/file/4fa53be91b4933d536748a60458b9797-Paper.pdf}},
  publisher = {MIT Press},
  series = {Conference Track Proceedings},
  title = {Maximum Entropy Discrimination},
  volume = {12},
  year = {1999}
}

@inproceedings{jin1999neural,
  address = {Denver, Colorado, USA},
  author = {Jin, Craig and Schenkel, M. and Carlile, Simon},
  booktitle = {Advances in Neural Information Processing Systems 12 (NIPS)},
  editor = {S. Solla and T. Leen and K. Müller},
  month = {November},
  note = {\url{https://proceedings.neurips.cc/paper_files/paper/1999/file/ab2b41c63853f0a651ba9fbf502b0cd8-Paper.pdf}},
  openalex = {W2057823727},
  publisher = {MIT Press},
  series = {Conference Track Proceedings},
  title = {Neural system identification model of human sound localization},
  volume = {12},
  year = {1999}
}

@inproceedings{jin1999spectral,
  address = {Denver, Colorado, USA},
  author = {Jin, Craig and Corderoy, Anna and Carlile, Simon and Schaik, André van},
  booktitle = {Advances in Neural Information Processing Systems 12 (NIPS)},
  editor = {S. Solla and T. Leen and K. Müller},
  month = {November},
  note = {\url{https://proceedings.neurips.cc/paper_files/paper/1999/file/b29eed44276144e4e8103a661f9a78b7-Paper.pdf}},
  openalex = {W2103270712},
  publisher = {MIT Press},
  series = {Conference Track Proceedings},
  title = {Spectral Cues in Human Sound Localization},
  volume = {12},
  year = {1999}
}

@inproceedings{jojic1999topographic,
  address = {Denver, Colorado, USA},
  author = {Jojić, Nebojša and Frey, Brendan J.},
  booktitle = {Advances in Neural Information Processing Systems 12 (NIPS)},
  editor = {S. Solla and T. Leen and K. Müller},
  month = {November},
  note = {\url{https://proceedings.neurips.cc/paper_files/paper/1999/file/25e2a30f44898b9f3e978b1786dcd85c-Paper.pdf}},
  openalex = {W2104591426},
  publisher = {MIT Press},
  series = {Conference Track Proceedings},
  title = {Topographic Transformation as a Discrete Latent Variable},
  volume = {12},
  year = {1999}
}

@inproceedings{kabashima1999regular,
  address = {Denver, Colorado, USA},
  author = {Kabashima, Yoshiyuki and Murayama, T. and Saad, David and Vicente, Renato},
  booktitle = {Advances in Neural Information Processing Systems 12 (NIPS)},
  editor = {S. Solla and T. Leen and K. Müller},
  month = {November},
  note = {\url{https://proceedings.neurips.cc/paper_files/paper/1999/file/01e00f2f4bfcbb7505cb641066f2859b-Paper.pdf}},
  openalex = {W2138364277},
  publisher = {MIT Press},
  series = {Conference Track Proceedings},
  title = {Regular and Irregular Gallager-zype Error-Correcting Codes},
  volume = {12},
  year = {1999}
}

@inproceedings{kakade1999acquisition,
  address = {Denver, Colorado, USA},
  author = {Kakade, Sham M. and Dayan, Peter},
  booktitle = {Advances in Neural Information Processing Systems 12 (NIPS)},
  editor = {S. Solla and T. Leen and K. Müller},
  month = {November},
  note = {\url{https://proceedings.neurips.cc/paper_files/paper/1999/file/e9b73bccd1762555582b513ff9d02492-Paper.pdf}},
  openalex = {W2112376384},
  publisher = {MIT Press},
  series = {Conference Track Proceedings},
  title = {Acquisition in Autoshaping},
  volume = {12},
  year = {1999}
}

@inproceedings{kearns1999approximate,
  address = {Denver, Colorado, USA},
  author = {Kearns, Michael and Mansour, Yishay and Ng, Andrew},
  booktitle = {Advances in Neural Information Processing Systems 12 (NIPS)},
  editor = {S. Solla and T. Leen and K. Müller},
  month = {November},
  note = {\url{https://proceedings.neurips.cc/paper_files/paper/1999/file/4f398cb9d6bc79ae567298335b51ba8a-Paper.pdf}},
  publisher = {MIT Press},
  series = {Conference Track Proceedings},
  title = {Approximate Planning in Large POMDPs via Reusable Trajectories},
  volume = {12},
  year = {1999}
}

@inproceedings{konda1999actor,
  address = {Denver, Colorado, USA},
  author = {Konda, Vijay R. and Tsitsiklis, John N.},
  booktitle = {Advances in Neural Information Processing Systems 12 (NIPS)},
  editor = {S. Solla and T. Leen and K. Müller},
  month = {November},
  note = {\url{https://proceedings.neurips.cc/paper_files/paper/1999/file/6449f44a102fde848669bdd9eb6b76fa-Paper.pdf}},
  openalex = {W2156737235},
  publisher = {MIT Press},
  series = {Conference Track Proceedings},
  title = {Actor-critic algorithms},
  volume = {12},
  year = {1999}
}

@inproceedings{landolt1999oculo,
  address = {Denver, Colorado, USA},
  author = {Landolt, Oliver and Gyger, S.},
  booktitle = {Advances in Neural Information Processing Systems 12 (NIPS)},
  editor = {S. Solla and T. Leen and K. Müller},
  key = {landolt1999oculo},
  month = {November},
  note = {\url{https://proceedings.neurips.cc/paper_files/paper/1999/file/7e230522657ecdc50e4249581b861f8e-Paper.pdf}},
  openalex = {W2098081011},
  publisher = {MIT Press},
  series = {Conference Track Proceedings},
  title = {An Oculo-Motor System with Multi-Chip Neuromorphic Analog VLSI Control},
  volume = {12},
  year = {1999}
}

@inproceedings{laskov1999improved,
  address = {Denver, Colorado, USA},
  author = {Laskov, Pavel},
  booktitle = {Advances in Neural Information Processing Systems 12 (NIPS)},
  editor = {S. Solla and T. Leen and K. Müller},
  key = {laskov1999improved},
  month = {November},
  note = {\url{https://proceedings.neurips.cc/paper_files/paper/1999/file/8b5700012be65c9da25f49408d959ca0-Paper.pdf}},
  openalex = {W2167280730},
  publisher = {MIT Press},
  series = {Conference Track Proceedings},
  title = {An Improved Decomposition Algorithm for Regression Support Vector Machines},
  volume = {12},
  year = {1999}
}

@inproceedings{lee1999algorithms,
  address = {Denver, Colorado, USA},
  author = {Lee, Daniel D. and Rokni, Uri and Sompolinsky, Haim},
  booktitle = {Advances in Neural Information Processing Systems 12 (NIPS)},
  editor = {S. Solla and T. Leen and K. Müller},
  month = {November},
  note = {\url{https://proceedings.neurips.cc/paper_files/paper/1999/file/3c1e4bd67169b8153e0047536c9f541e-Paper.pdf}},
  openalex = {W2156969267},
  publisher = {MIT Press},
  series = {Conference Track Proceedings},
  title = {Algorithms for Independent Components Analysis and Higher Order Statistics},
  volume = {12},
  year = {1999}
}

@inproceedings{lee1999information,
  address = {Denver, Colorado, USA},
  author = {Lee, Tai Sing and Yu, Stella},
  booktitle = {Advances in Neural Information Processing Systems 12 (NIPS)},
  editor = {S. Solla and T. Leen and K. Müller},
  key = {lee1999information},
  month = {November},
  note = {\url{https://proceedings.neurips.cc/paper_files/paper/1999/file/8d420fa35754d1f1c19969c88780314d-Paper.pdf}},
  publisher = {MIT Press},
  series = {Conference Track Proceedings},
  title = {An Information-Theoretic Framework for Understanding Saccadic Eye Movements},
  volume = {12},
  year = {1999}
}

@inproceedings{lee1999robust,
  address = {Denver, Colorado, USA},
  author = {Lee, Soo-Young and Mozer, Michael C.},
  booktitle = {Advances in Neural Information Processing Systems 12 (NIPS)},
  editor = {S. Solla and T. Leen and K. Müller},
  month = {November},
  note = {\url{https://proceedings.neurips.cc/paper_files/paper/1999/file/5cf21ce30208cfffaa832c6e44bb567d-Paper.pdf}},
  openalex = {W2120294624},
  publisher = {MIT Press},
  series = {Conference Track Proceedings},
  title = {Robust Recognition of Noisy and Superimposed Patterns via Selective Attention},
  volume = {12},
  year = {1999}
}

@inproceedings{li1999can,
  address = {Denver, Colorado, USA},
  author = {Zhaoping, Li},
  booktitle = {Advances in Neural Information Processing Systems 12 (NIPS)},
  editor = {S. Solla and T. Leen and K. Müller},
  month = {November},
  note = {\url{https://proceedings.neurips.cc/paper_files/paper/1999/file/442cde81694ca09a626eeddefd1b74ca-Paper.pdf}},
  openalex = {W2149545164},
  publisher = {MIT Press},
  series = {Conference Track Proceedings},
  title = {Can VI Mechanisms Account for Figure-Ground and Medial Axis Effects?},
  volume = {12},
  year = {1999}
}

@inproceedings{li1999mixture,
  address = {Denver, Colorado, USA},
  author = {Li, Jonathan Q. and Barron, Andrew R.},
  booktitle = {Advances in Neural Information Processing Systems 12 (NIPS)},
  editor = {S. Solla and T. Leen and K. Müller},
  key = {li1999mixture},
  month = {November},
  note = {\url{https://proceedings.neurips.cc/paper_files/paper/1999/file/a0f3601dc682036423013a5d965db9aa-Paper.pdf}},
  openalex = {W2168227362},
  publisher = {MIT Press},
  series = {Conference Track Proceedings},
  title = {Mixture Density Estimation},
  volume = {12},
  year = {1999}
}

@inproceedings{li1999relaxed,
  address = {Denver, Colorado, USA},
  author = {Li, Yi and Long, Philip},
  booktitle = {Advances in Neural Information Processing Systems 12 (NIPS)},
  editor = {S. Solla and T. Leen and K. Müller},
  month = {November},
  note = {\url{https://proceedings.neurips.cc/paper_files/paper/1999/file/515ab26c135e92ed8bf3a594d67e4ade-Paper.pdf}},
  publisher = {MIT Press},
  series = {Conference Track Proceedings},
  title = {The Relaxed Online Maximum Margin Algorithm},
  volume = {12},
  year = {1999}
}

@inproceedings{li1999statistical,
  address = {Denver, Colorado, USA},
  author = {Li, Song and Wong, K. Y. Michael},
  booktitle = {Advances in Neural Information Processing Systems 12 (NIPS)},
  editor = {S. Solla and T. Leen and K. Müller},
  key = {li1999statistical},
  month = {November},
  note = {\url{https://proceedings.neurips.cc/paper_files/paper/1999/file/673271cc47c1a4e77f57e239ed4d28a7-Paper.pdf}},
  openalex = {W2141064830},
  publisher = {MIT Press},
  series = {Conference Track Proceedings},
  title = {Statistical Dynamics of Batch Learning},
  volume = {12},
  year = {1999}
}

@inproceedings{liao1999constructing,
  address = {Denver, Colorado, USA},
  author = {Liao, Yuansong and Moody, John},
  booktitle = {Advances in Neural Information Processing Systems 12 (NIPS)},
  editor = {S. Solla and T. Leen and K. Müller},
  key = {liao1999constructing},
  month = {November},
  note = {\url{https://proceedings.neurips.cc/paper_files/paper/1999/file/a588a6199feff5ba48402883d9b72700-Paper.pdf}},
  openalex = {W2140994537},
  publisher = {MIT Press},
  series = {Conference Track Proceedings},
  title = {Constructing Heterogeneous Committees Using Input Feature Grouping: Application to Economic Forecasting},
  volume = {12},
  year = {1999}
}

@inproceedings{liu1999perceptual,
  address = {Denver, Colorado, USA},
  author = {Liu, Xiuwen and Wang, DeLiang L.},
  booktitle = {Advances in Neural Information Processing Systems 12 (NIPS)},
  editor = {S. Solla and T. Leen and K. Müller},
  key = {liu1999perceptual},
  month = {November},
  note = {\url{https://proceedings.neurips.cc/paper_files/paper/1999/file/851300ee84c2b80ed40f51ed26d866fc-Paper.pdf}},
  openalex = {W2118202271},
  publisher = {MIT Press},
  series = {Conference Track Proceedings},
  title = {Perceptual Organization Based on Temporal Dynamics},
  volume = {12},
  year = {1999}
}

@inproceedings{liu1999winner,
  address = {Denver, Colorado, USA},
  author = {Lin, Shih-Chii},
  booktitle = {Advances in Neural Information Processing Systems 12 (NIPS)},
  editor = {S. Solla and T. Leen and K. Müller},
  month = {November},
  note = {\url{https://proceedings.neurips.cc/paper_files/paper/1999/file/3e7e0224018ab3cf51abb96464d518cd-Paper.pdf}},
  openalex = {W3149461773},
  publisher = {MIT Press},
  series = {Conference Track Proceedings},
  title = {A Winner-Take-All Circuit with Controllable Soft Max Property},
  volume = {12},
  year = {1999}
}

@inproceedings{maass1999neural,
  address = {Denver, Colorado, USA},
  author = {Maass, Wolfgang},
  booktitle = {Advances in Neural Information Processing Systems 12 (NIPS)},
  editor = {S. Solla and T. Leen and K. Müller},
  month = {November},
  note = {\url{https://proceedings.neurips.cc/paper_files/paper/1999/file/1c54985e4f95b7819ca0357c0cb9a09f-Paper.pdf}},
  openalex = {W2141700268},
  publisher = {MIT Press},
  series = {Conference Track Proceedings},
  title = {Neural Computation with Winner-Take-All as the Only Nonlinear Operation},
  volume = {12},
  year = {1999}
}

@inproceedings{mansour1999boosting,
  address = {Denver, Colorado, USA},
  author = {Mansour, Yishay and McAllester, David},
  booktitle = {Advances in Neural Information Processing Systems 12 (NIPS)},
  editor = {S. Solla and T. Leen and K. Müller},
  month = {November},
  note = {\url{https://proceedings.neurips.cc/paper_files/paper/1999/file/e1696007be4eefb81b1a1d39ce48681b-Paper.pdf}},
  openalex = {W2123793406},
  publisher = {MIT Press},
  series = {Conference Track Proceedings},
  title = {Boosting with Multi-Way Branching in Decision Trees},
  volume = {12},
  year = {1999}
}

@inproceedings{manwani1999channel,
  address = {Denver, Colorado, USA},
  author = {Manwani, Amit and Steinmetz, Peter N. and Koch, Christof},
  booktitle = {Advances in Neural Information Processing Systems 12 (NIPS)},
  editor = {S. Solla and T. Leen and K. Müller},
  month = {November},
  note = {\url{https://proceedings.neurips.cc/paper_files/paper/1999/file/2612aa892d962d6f8056b195ca6e550d-Paper.pdf}},
  openalex = {W2136854392},
  publisher = {MIT Press},
  series = {Conference Track Proceedings},
  title = {Channel Noise in Excitable Neural Membranes},
  volume = {12},
  year = {1999}
}

@inproceedings{margaritis1999bayesian,
  address = {Denver, Colorado, USA},
  author = {Margaritis, Dimitris and Thrun, Sebastian},
  booktitle = {Advances in Neural Information Processing Systems 12 (NIPS)},
  editor = {S. Solla and T. Leen and K. Müller},
  month = {November},
  note = {\url{https://proceedings.neurips.cc/paper_files/paper/1999/file/5d79099fcdf499f12b79770834c0164a-Paper.pdf}},
  openalex = {W2129564794},
  publisher = {MIT Press},
  series = {Conference Track Proceedings},
  title = {Bayesian Network Induction via Local Neighborhoods},
  volume = {12},
  year = {1999}
}

@inproceedings{mason1999boosting,
  address = {Denver, Colorado, USA},
  author = {Mason, Llew and Baxter, Jonathan and Bartlett, Peter L. and Frean, Marcus},
  booktitle = {Advances in Neural Information Processing Systems 12 (NIPS)},
  editor = {S. Solla and T. Leen and K. Müller},
  key = {mason1999boosting},
  month = {November},
  note = {\url{https://proceedings.neurips.cc/paper_files/paper/1999/file/96a93ba89a5b5c6c226e49b88973f46e-Paper.pdf}},
  openalex = {W2108263314},
  publisher = {MIT Press},
  series = {Conference Track Proceedings},
  title = {Boosting Algorithms as Gradient Descent},
  volume = {12},
  year = {1999}
}

@inproceedings{mesterharm1999multi,
  address = {Denver, Colorado, USA},
  author = {Mesterharm, Chris},
  booktitle = {Advances in Neural Information Processing Systems 12 (NIPS)},
  editor = {S. Solla and T. Leen and K. Müller},
  month = {November},
  note = {\url{https://proceedings.neurips.cc/paper_files/paper/1999/file/fc6709bfdf0572f183c1a84ce5276e96-Paper.pdf}},
  openalex = {W2141462139},
  publisher = {MIT Press},
  series = {Conference Track Proceedings},
  title = {A Multi-class Linear Learning Algorithm Related to Winnow},
  volume = {12},
  year = {1999}
}

@inproceedings{mika1999invariant,
  address = {Denver, Colorado, USA},
  author = {Mika, Sebastian and Rätsch, Gunnar and Weston, Jason and Schölkopf, Bernhard and Smola, Alex and Müller, Klaus‐Robert},
  booktitle = {Advances in Neural Information Processing Systems 12 (NIPS)},
  editor = {S. Solla and T. Leen and K. Müller},
  month = {November},
  note = {\url{https://proceedings.neurips.cc/paper_files/paper/1999/file/0efbe98067c6c73dba1250d2beaa81f9-Paper.pdf}},
  openalex = {W2096925994},
  publisher = {MIT Press},
  series = {Conference Track Proceedings},
  title = {Invariant Feature Extraction and Classification in Kernel Spaces},
  volume = {12},
  year = {1999}
}

@inproceedings{mjolsness1999from,
  address = {Denver, Colorado, USA},
  author = {Mjolsness, Eric and Mann, Tobias and Castaño, Rebecca and Wold, B},
  booktitle = {Advances in Neural Information Processing Systems 12 (NIPS)},
  editor = {S. Solla and T. Leen and K. Müller},
  key = {mjolsness1999from},
  month = {November},
  note = {\url{https://proceedings.neurips.cc/paper_files/paper/1999/file/8bb88f80d334b1869781beb89f7b73be-Paper.pdf}},
  openalex = {W2125393150},
  publisher = {MIT Press},
  series = {Conference Track Proceedings},
  title = {From Coexpression to Coregulation: An Approach to Inferring Transcriptional Regulation among Gene Classes from Large-Scale Expression Data},
  volume = {12},
  year = {1999}
}

@inproceedings{movellan1999information,
  address = {Denver, Colorado, USA},
  author = {Movellan, Javier R. and McClelland, James L.},
  booktitle = {Advances in Neural Information Processing Systems 12 (NIPS)},
  editor = {S. Solla and T. Leen and K. Müller},
  month = {November},
  note = {\url{https://proceedings.neurips.cc/paper_files/paper/1999/file/2cb6b10338a7fc4117a80da24b582060-Paper.pdf}},
  openalex = {W2162656889},
  publisher = {MIT Press},
  series = {Conference Track Proceedings},
  title = {Information Factorization in Connectionist Models of Perception},
  volume = {12},
  year = {1999}
}

@inproceedings{mozer1999churn,
  address = {Denver, Colorado, USA},
  author = {Mozer, Michael C. and Wolniewicz, Richard H. and Grimes, David B. and Johnson, Eric and Kaushansky, Howard},
  booktitle = {Advances in Neural Information Processing Systems 12 (NIPS)},
  editor = {S. Solla and T. Leen and K. Müller},
  month = {November},
  note = {\url{https://proceedings.neurips.cc/paper_files/paper/1999/file/fc9b003bb003a298c2ad0d05e4342bdc-Paper.pdf}},
  openalex = {W2106817624},
  publisher = {MIT Press},
  series = {Conference Track Proceedings},
  title = {Churn Reduction in the Wireless Industry},
  volume = {12},
  year = {1999}
}

@inproceedings{munro1999ltd,
  address = {Denver, Colorado, USA},
  author = {Munro, Paul and Hernández, Gerardina},
  booktitle = {Advances in Neural Information Processing Systems 12 (NIPS)},
  editor = {S. Solla and T. Leen and K. Müller},
  key = {munro1999ltd},
  month = {November},
  note = {\url{https://proceedings.neurips.cc/paper_files/paper/1999/file/7dd0240cd412efde8bc165e864d3644f-Paper.pdf}},
  openalex = {W2162890749},
  publisher = {MIT Press},
  series = {Conference Track Proceedings},
  title = {LTD Facilitates Learning in a Noisy Environment},
  volume = {12},
  year = {1999}
}

@inproceedings{murphy1999bayesian,
  address = {Denver, Colorado, USA},
  author = {Murphy, Kevin P.},
  booktitle = {Advances in Neural Information Processing Systems 12 (NIPS)},
  editor = {S. Solla and T. Leen and K. Müller},
  key = {murphy1999bayesian},
  month = {November},
  note = {\url{https://proceedings.neurips.cc/paper_files/paper/1999/file/66be31e4c40d676991f2405aaecc6934-Paper.pdf}},
  openalex = {W2112793821},
  publisher = {MIT Press},
  series = {Conference Track Proceedings},
  title = {Bayesian Map Learning in Dynamic Environments},
  volume = {12},
  year = {1999}
}

@inproceedings{nadeau1999inference,
  address = {Denver, Colorado, USA},
  author = {Bengio, Yoshua and Nadeau, Claude},
  booktitle = {Advances in Neural Information Processing Systems 12 (NIPS)},
  editor = {S. Solla and T. Leen and K. Müller},
  key = {nadeau1999inference},
  month = {November},
  note = {\url{https://proceedings.neurips.cc/paper_files/paper/1999/file/7d12b66d3df6af8d429c1a357d8b9e1a-Paper.pdf}},
  openalex = {W3123294050},
  publisher = {MIT Press},
  series = {Conference Track Proceedings},
  title = {Inference for the Generalization Error},
  volume = {12},
  year = {1999}
}

@inproceedings{ng1999approximate,
  address = {Denver, Colorado, USA},
  author = {Ng, Andrew and Jordan, Michael},
  booktitle = {Advances in Neural Information Processing Systems 12 (NIPS)},
  editor = {S. Solla and T. Leen and K. Müller},
  key = {ng1999approximate},
  month = {November},
  note = {\url{https://proceedings.neurips.cc/paper_files/paper/1999/file/84f0f20482cde7e5eacaf7364a643d33-Paper.pdf}},
  publisher = {MIT Press},
  series = {Conference Track Proceedings},
  title = {Approximate Inference Algorithms for Two-Layer Bayesian Networks},
  volume = {12},
  year = {1999}
}

@inproceedings{ng1999policy,
  address = {Denver, Colorado, USA},
  author = {Ng, Andrew and Parr, Ronald and Koller, Daphne},
  booktitle = {Advances in Neural Information Processing Systems 12 (NIPS)},
  editor = {S. Solla and T. Leen and K. Müller},
  month = {November},
  note = {\url{https://proceedings.neurips.cc/paper_files/paper/1999/file/54e36c5ff5f6a1802925ca009f3ebb68-Paper.pdf}},
  publisher = {MIT Press},
  series = {Conference Track Proceedings},
  title = {Policy Search via Density Estimation},
  volume = {12},
  year = {1999}
}

@inproceedings{ohira1999resonance,
  address = {Denver, Colorado, USA},
  author = {Ohira, Toru and Sato, Yuzuru and Cowan, Jack D.},
  booktitle = {Advances in Neural Information Processing Systems 12 (NIPS)},
  editor = {S. Solla and T. Leen and K. Müller},
  key = {ohira1999resonance},
  month = {November},
  note = {\url{https://proceedings.neurips.cc/paper_files/paper/1999/file/712a3c9878efeae8ff06d57432016ceb-Paper.pdf}},
  openalex = {W2167735111},
  publisher = {MIT Press},
  series = {Conference Track Proceedings},
  title = {Resonance in a Stochastic Neuron Model with Delayed Interaction},
  volume = {12},
  year = {1999}
}

@inproceedings{olshausen1999learning,
  address = {Denver, Colorado, USA},
  author = {Olshausen, Bruno A. and Millman, K. Jarrod},
  booktitle = {Advances in Neural Information Processing Systems 12 (NIPS)},
  editor = {S. Solla and T. Leen and K. Müller},
  month = {November},
  note = {\url{https://proceedings.neurips.cc/paper_files/paper/1999/file/b0f2ad44d26e1a6f244201fe0fd864d1-Paper.pdf}},
  openalex = {W2109742299},
  publisher = {MIT Press},
  series = {Conference Track Proceedings},
  title = {Learning Sparse Codes with a Mixture-of-Gaussians Prior},
  volume = {12},
  year = {1999}
}

@inproceedings{ormoneit1999optimal,
  address = {Denver, Colorado, USA},
  author = {Ormoneit, Dirk and Hastie, Trevor},
  booktitle = {Advances in Neural Information Processing Systems 12 (NIPS)},
  editor = {S. Solla and T. Leen and K. Müller},
  month = {November},
  note = {\url{https://proceedings.neurips.cc/paper_files/paper/1999/file/d8d31bd778da8bdd536187c36e48892b-Paper.pdf}},
  openalex = {W2150575761},
  publisher = {MIT Press},
  series = {Conference Track Proceedings},
  title = {Optimal kernel shapes for local linear regression},
  volume = {12},
  year = {1999}
}

@inproceedings{parfitt1999graded,
  address = {Denver, Colorado, USA},
  author = {Parfitt, S. H. and Tiño, Peter and Dorffner, Georg},
  booktitle = {Advances in Neural Information Processing Systems 12 (NIPS)},
  editor = {S. Solla and T. Leen and K. Müller},
  month = {November},
  note = {\url{https://proceedings.neurips.cc/paper_files/paper/1999/file/ae614c557843b1df326cb29c57225459-Paper.pdf}},
  openalex = {W2123198242},
  publisher = {MIT Press},
  series = {Conference Track Proceedings},
  title = {Graded Grammaticality in Prediction Fractal Machines},
  volume = {12},
  year = {1999}
}

@inproceedings{parra1999unmixing,
  address = {Denver, Colorado, USA},
  author = {Parra, Lucas C. and Spence, Clay D. and Sajda, Paul and Ziehe, Andreas and Müller, Klaus‐Robert},
  booktitle = {Advances in Neural Information Processing Systems 12 (NIPS)},
  editor = {S. Solla and T. Leen and K. Müller},
  key = {parra1999unmixing},
  month = {November},
  note = {\url{https://proceedings.neurips.cc/paper_files/paper/1999/file/798ed7d4ee7138d49b8828958048130a-Paper.pdf}},
  openalex = {W2120248066},
  publisher = {MIT Press},
  series = {Conference Track Proceedings},
  title = {Unmixing Hyperspectral Data},
  volume = {12},
  year = {1999}
}

@inproceedings{patel1999bifurcation,
  address = {Denver, Colorado, USA},
  author = {Patel, Girish N. and Cymbalyuk, Gennady and Calabrese, Ronald L. and DeWeerth, Stephen P.},
  booktitle = {Advances in Neural Information Processing Systems 12 (NIPS)},
  editor = {S. Solla and T. Leen and K. Müller},
  month = {November},
  note = {\url{https://proceedings.neurips.cc/paper_files/paper/1999/file/d43ab110ab2489d6b9b2caa394bf920f-Paper.pdf}},
  openalex = {W2161687621},
  publisher = {MIT Press},
  series = {Conference Track Proceedings},
  title = {Bifurcation Analysis of a Silicon Neuron},
  volume = {12},
  year = {1999}
}

@inproceedings{patel1999neuromorphic,
  address = {Denver, Colorado, USA},
  author = {Patel, Girish N. and Brown, E.A. and DeWeerth, Stephen P.},
  booktitle = {Advances in Neural Information Processing Systems 12 (NIPS)},
  editor = {S. Solla and T. Leen and K. Müller},
  month = {November},
  note = {\url{https://proceedings.neurips.cc/paper_files/paper/1999/file/acab0116c354964a558e65bdd07ff047-Paper.pdf}},
  openalex = {W2151050136},
  publisher = {MIT Press},
  series = {Conference Track Proceedings},
  title = {A Neuromorphic VLSI System for Modeling the Neural Control of Axial Locomotion},
  volume = {12},
  year = {1999}
}

@inproceedings{piche1999neural,
  address = {Denver, Colorado, USA},
  author = {Piche, S. and Keeler, James D. and Martin, Greg and Boe, Gene and Johnson, Doug and Gerules, Mark},
  booktitle = {Advances in Neural Information Processing Systems 12 (NIPS)},
  editor = {S. Solla and T. Leen and K. Müller},
  month = {November},
  note = {\url{https://proceedings.neurips.cc/paper_files/paper/1999/file/db957c626a8cd7a27231adfbf51e20eb-Paper.pdf}},
  openalex = {W2155353042},
  publisher = {MIT Press},
  series = {Conference Track Proceedings},
  title = {Neural Network Based Model Predictive Control},
  volume = {12},
  year = {1999}
}

@inproceedings{platt1999large,
  address = {Denver, Colorado, USA},
  author = {Platt, John and Cristianini, Nello and Shawe‐Taylor, John},
  booktitle = {Advances in Neural Information Processing Systems 12 (NIPS)},
  editor = {S. Solla and T. Leen and K. Müller},
  month = {November},
  note = {\url{https://proceedings.neurips.cc/paper_files/paper/1999/file/4abe17a1c80cbdd2aa241b70840879de-Paper.pdf}},
  openalex = {W2157239837},
  publisher = {MIT Press},
  series = {Conference Track Proceedings},
  title = {Large Margin DAGs for Multiclass Classification},
  volume = {12},
  year = {1999}
}

@inproceedings{poirazi1999memory,
  address = {Denver, Colorado, USA},
  author = {Poirazi, Panayiota and Mel, Bartlett W.},
  booktitle = {Advances in Neural Information Processing Systems 12 (NIPS)},
  editor = {S. Solla and T. Leen and K. Müller},
  month = {November},
  note = {\url{https://proceedings.neurips.cc/paper_files/paper/1999/file/e4873aa9a05cc5ed839561d121516766-Paper.pdf}},
  openalex = {W2123555956},
  publisher = {MIT Press},
  series = {Conference Track Proceedings},
  title = {Memory Capacity of Linear vs. Nonlinear Models of Dendritic Integration},
  volume = {12},
  year = {1999}
}

@inproceedings{rao1999predictive,
  address = {Denver, Colorado, USA},
  author = {Rao, Rajesh and Sejnowski, Terrence J.},
  booktitle = {Advances in Neural Information Processing Systems 12 (NIPS)},
  editor = {S. Solla and T. Leen and K. Müller},
  month = {November},
  note = {\url{https://proceedings.neurips.cc/paper_files/paper/1999/file/b865367fc4c0845c0682bd466e6ebf4c-Paper.pdf}},
  publisher = {MIT Press},
  series = {Conference Track Proceedings},
  title = {Predictive Sequence Learning in Recurrent Neocortical Circuits},
  volume = {12},
  year = {1999}
}

@inproceedings{rasmussen1999infinite,
  address = {Denver, Colorado, USA},
  author = {Rasmussen, Carl Edward},
  booktitle = {Advances in Neural Information Processing Systems 12 (NIPS)},
  editor = {S. Solla and T. Leen and K. Müller},
  key = {rasmussen1999infinite},
  month = {November},
  note = {\url{https://proceedings.neurips.cc/paper_files/paper/1999/file/97d98119037c5b8a9663cb21fb8ebf47-Paper.pdf}},
  openalex = {W2120636621},
  publisher = {MIT Press},
  series = {Conference Track Proceedings},
  title = {The Infinite Gaussian Mixture Model},
  volume = {12},
  year = {1999}
}

@inproceedings{ratsche1999v,
  address = {Denver, Colorado, USA},
  author = {Rätsch, Gunnar and Schölkopf, Bernhard and Smola, Alex and Müller, Klaus‐Robert and Onoda, Takashi and Mika, Sebastian},
  booktitle = {Advances in Neural Information Processing Systems 12 (NIPS)},
  editor = {S. Solla and T. Leen and K. Müller},
  month = {November},
  note = {\url{https://proceedings.neurips.cc/paper_files/paper/1999/file/28dc6b0e1b33769b4b94685e4f4d1e5c-Paper.pdf}},
  openalex = {W2105310066},
  publisher = {MIT Press},
  series = {Conference Track Proceedings},
  title = {v-Arc: Ensemble Learning in the Presence of Outliers},
  volume = {12},
  year = {1999}
}

@inproceedings{renart1999recurrent,
  address = {Denver, Colorado, USA},
  author = {Renart, Alfonso and Parga, Néstor and Rolls, Edmund T.},
  booktitle = {Advances in Neural Information Processing Systems 12 (NIPS)},
  editor = {S. Solla and T. Leen and K. Müller},
  month = {November},
  note = {\url{https://proceedings.neurips.cc/paper_files/paper/1999/file/2a27b8144ac02f67687f76782a3b5d8f-Paper.pdf}},
  openalex = {W2126515524},
  publisher = {MIT Press},
  series = {Conference Track Proceedings},
  title = {A Recurrent Model of the Interaction Between Prefrontal and Inferotemporal Cortex in Delay Tasks},
  volume = {12},
  year = {1999}
}

@inproceedings{risaugusman1999understanding,
  address = {Denver, Colorado, USA},
  author = {Risau-Gusman, Sebastián and Gordon, Mirta B.},
  booktitle = {Advances in Neural Information Processing Systems 12 (NIPS)},
  editor = {S. Solla and T. Leen and K. Müller},
  key = {risau-gusman1999understanding},
  month = {November},
  note = {\url{https://proceedings.neurips.cc/paper_files/paper/1999/file/7eb7eabbe9bd03c2fc99881d04da9cbd-Paper.pdf}},
  openalex = {W2097244193},
  publisher = {MIT Press},
  series = {Conference Track Proceedings},
  title = {Understanding Stepwise Generalization of Support Vector Machines: a Toy Model},
  volume = {12},
  year = {1999}
}

@inproceedings{rodriguez1999reinforcement,
  address = {Denver, Colorado, USA},
  author = {Rodriguez, Andres C. and Parr, Ronald and Koller, Daphne},
  booktitle = {Advances in Neural Information Processing Systems 12 (NIPS)},
  editor = {S. Solla and T. Leen and K. Müller},
  month = {November},
  note = {\url{https://proceedings.neurips.cc/paper_files/paper/1999/file/158fc2ddd52ec2cf54d3c161f2dd6517-Paper.pdf}},
  openalex = {W2146398222},
  publisher = {MIT Press},
  series = {Conference Track Proceedings},
  title = {Reinforcement Learning Using Approximate Belief States},
  volume = {12},
  year = {1999}
}

@inproceedings{rosca1999broadband,
  address = {Denver, Colorado, USA},
  author = {Rosca, Justinian and Ruanaidh, Joseph Ó and Jourjine, Alexander and Rickard, Scott},
  booktitle = {Advances in Neural Information Processing Systems 12 (NIPS)},
  editor = {S. Solla and T. Leen and K. Müller},
  month = {November},
  note = {\url{https://proceedings.neurips.cc/paper_files/paper/1999/file/11d0e6287202fced83f79975ec59a3a6-Paper.pdf}},
  openalex = {W2119890508},
  publisher = {MIT Press},
  series = {Conference Track Proceedings},
  title = {Broadband Direction-Of-Arrival Estimation Based on Second Order Statistics},
  volume = {12},
  year = {1999}
}

@inproceedings{roth1999nonlinear,
  address = {Denver, Colorado, USA},
  author = {Röth, Volker and Steinhage, Volker},
  booktitle = {Advances in Neural Information Processing Systems 12 (NIPS)},
  editor = {S. Solla and T. Leen and K. Müller},
  month = {November},
  note = {\url{https://proceedings.neurips.cc/paper_files/paper/1999/file/c0d0e461de8d0024aebcb0a7c68836df-Paper.pdf}},
  openalex = {W2108146080},
  publisher = {MIT Press},
  series = {Conference Track Proceedings},
  title = {Nonlinear Discriminant Analysis Using Kernel Functions},
  volume = {12},
  year = {1999}
}

@inproceedings{roweis1999constrained,
  address = {Denver, Colorado, USA},
  author = {Roweis, Sam T.},
  booktitle = {Advances in Neural Information Processing Systems 12 (NIPS)},
  editor = {S. Solla and T. Leen and K. Müller},
  key = {roweis1999constrained},
  month = {November},
  note = {\url{https://proceedings.neurips.cc/paper_files/paper/1999/file/84c6494d30851c63a55cdb8cb047fadd-Paper.pdf}},
  openalex = {W2134195709},
  publisher = {MIT Press},
  series = {Conference Track Proceedings},
  title = {Constrained Hidden Markov Models},
  volume = {12},
  year = {1999}
}

@inproceedings{roy1999coastal,
  address = {Denver, Colorado, USA},
  author = {Roy, Nicholas and Thrun, Sebastian},
  booktitle = {Advances in Neural Information Processing Systems 12 (NIPS)},
  editor = {S. Solla and T. Leen and K. Müller},
  month = {November},
  note = {\url{https://proceedings.neurips.cc/paper_files/paper/1999/file/df9028fcb6b065e000ffe8a4f03eeb38-Paper.pdf}},
  openalex = {W2106237563},
  publisher = {MIT Press},
  series = {Conference Track Proceedings},
  title = {Coastal Navigation with Mobile Robots},
  volume = {12},
  year = {1999}
}

@inproceedings{rusmevichientong1999analysis,
  address = {Denver, Colorado, USA},
  author = {Rusmevichientong, Paat and Roy, Benjamin Van},
  booktitle = {Advances in Neural Information Processing Systems 12 (NIPS)},
  editor = {S. Solla and T. Leen and K. Müller},
  key = {rusmevichientong1999analysis},
  month = {November},
  note = {\url{https://proceedings.neurips.cc/paper_files/paper/1999/file/a63fc8c5d915e1f1a40f40e6c7499863-Paper.pdf}},
  openalex = {W2150964576},
  publisher = {MIT Press},
  series = {Conference Track Proceedings},
  title = {An Analysis of Turbo Decoding with Gaussian Densities},
  volume = {12},
  year = {1999}
}

@inproceedings{sallans1999learning,
  address = {Denver, Colorado, USA},
  author = {Sallans, Brian},
  booktitle = {Advances in Neural Information Processing Systems 12 (NIPS)},
  editor = {S. Solla and T. Leen and K. Müller},
  month = {November},
  note = {\url{https://proceedings.neurips.cc/paper_files/paper/1999/file/231141b34c82aa95e48810a9d1b33a79-Paper.pdf}},
  openalex = {W2114501936},
  publisher = {MIT Press},
  series = {Conference Track Proceedings},
  title = {Learning Factored Representations for Partially Observable Markov Decision Processes},
  volume = {12},
  year = {1999}
}

@inproceedings{schmitt1999lower,
  address = {Denver, Colorado, USA},
  author = {Schmitt, Michael},
  booktitle = {Advances in Neural Information Processing Systems 12 (NIPS)},
  editor = {S. Solla and T. Leen and K. Müller},
  month = {November},
  note = {\url{https://proceedings.neurips.cc/paper_files/paper/1999/file/4921f95baf824205e1b13f22d60357a1-Paper.pdf}},
  openalex = {W1593405531},
  publisher = {MIT Press},
  series = {Conference Track Proceedings},
  title = {Lower Bounds on the Complexity of Approximating Continuous Functions by Sigmoidal Neural Networks},
  volume = {12},
  year = {1999}
}

@inproceedings{schneidman1999information,
  address = {Denver, Colorado, USA},
  author = {Schneidman, Elad and Segev, Idan and Tishby, Naftali},
  booktitle = {Advances in Neural Information Processing Systems 12 (NIPS)},
  editor = {S. Solla and T. Leen and K. Müller},
  key = {schneidman1999information},
  month = {November},
  note = {\url{https://proceedings.neurips.cc/paper_files/paper/1999/file/a40511cad8383e5ae8ddd8b855d135da-Paper.pdf}},
  openalex = {W2166261868},
  publisher = {MIT Press},
  series = {Conference Track Proceedings},
  title = {Information Capacity and Robustness of Stochastic Neuron Models},
  volume = {12},
  year = {1999}
}

@inproceedings{schoner1999application,
  address = {Denver, Colorado, USA},
  author = {Schöner, Holger and Stetter, M. and Schießl, Ingo and Mayhew, John E. W. and Lund, Jennifer S. and McLoughlin, Niall and Obermayer, Klaus},
  booktitle = {Advances in Neural Information Processing Systems 12 (NIPS)},
  editor = {S. Solla and T. Leen and K. Müller},
  month = {November},
  note = {\url{https://proceedings.neurips.cc/paper_files/paper/1999/file/b2531e7bb29bf22e1daae486fae3417a-Paper.pdf}},
  openalex = {W2129466809},
  publisher = {MIT Press},
  series = {Conference Track Proceedings},
  title = {Application of Blind Separation of Sources to Optical Recording of Brain Activity},
  volume = {12},
  year = {1999}
}

@inproceedings{schraudolph1999online,
  address = {Denver, Colorado, USA},
  author = {Schraudolph, Nicol N. and Giannakopoulos, Xavier},
  booktitle = {Advances in Neural Information Processing Systems 12 (NIPS)},
  editor = {S. Solla and T. Leen and K. Müller},
  key = {schraudolph1999online},
  month = {November},
  note = {\url{https://proceedings.neurips.cc/paper_files/paper/1999/file/7437d136770f5b35194cb46c1653efaa-Paper.pdf}},
  openalex = {W2120957588},
  publisher = {MIT Press},
  series = {Conference Track Proceedings},
  title = {Online Independent Component Analysis with Local Learning Rate Adaptation},
  volume = {12},
  year = {1999}
}

@inproceedings{schuster1999better,
  address = {Denver, Colorado, USA},
  author = {Schuster, Mike},
  booktitle = {Advances in Neural Information Processing Systems 12 (NIPS)},
  editor = {S. Solla and T. Leen and K. Müller},
  key = {schuster1999better},
  month = {November},
  note = {\url{https://proceedings.neurips.cc/paper_files/paper/1999/file/6709e8d64a5f47269ed5cea9f625f7ab-Paper.pdf}},
  openalex = {W2112656927},
  publisher = {MIT Press},
  series = {Conference Track Proceedings},
  title = {Better Generative Models for Sequential Data Problems: Bidirectional Recurrent Mixture Density Networks},
  volume = {12},
  year = {1999}
}

@inproceedings{schuurmans1999greedy,
  address = {Denver, Colorado, USA},
  author = {Southey, Finnegan and Schuurmans, Dale and Ghodsi, Ali},
  booktitle = {Advances in Neural Information Processing Systems 12 (NIPS)},
  editor = {S. Solla and T. Leen and K. Müller},
  key = {schuurmans1999greedy},
  month = {November},
  note = {\url{https://proceedings.neurips.cc/paper_files/paper/1999/file/8303a79b1e19a194f1875981be5bdb6f-Paper.pdf}},
  openalex = {W2164968235},
  publisher = {MIT Press},
  series = {Conference Track Proceedings},
  title = {Regularized Greedy Importance Sampling},
  volume = {12},
  year = {1999}
}

@inproceedings{schölkopf1999support,
  address = {Denver, Colorado, USA},
  author = {Schölkopf, Bernhard and Williamson, Robert C. and Smola, Alex and Shawe‐Taylor, John and Platt, John},
  booktitle = {Advances in Neural Information Processing Systems 12 (NIPS)},
  editor = {S. Solla and T. Leen and K. Müller},
  key = {schölkopf1999support},
  month = {November},
  note = {\url{https://proceedings.neurips.cc/paper_files/paper/1999/file/8725fb777f25776ffa9076e44fcfd776-Paper.pdf}},
  openalex = {W2105497548},
  publisher = {MIT Press},
  series = {Conference Track Proceedings},
  title = {Support Vector Method for Novelty Detection},
  volume = {12},
  year = {1999}
}

@inproceedings{seeger1999bayesian,
  address = {Denver, Colorado, USA},
  author = {Seeger, Matthias},
  booktitle = {Advances in Neural Information Processing Systems 12 (NIPS)},
  editor = {S. Solla and T. Leen and K. Müller},
  month = {November},
  note = {\url{https://proceedings.neurips.cc/paper_files/paper/1999/file/404dcc91b2aeaa7caa47487d1483e48a-Paper.pdf}},
  openalex = {W2129869373},
  publisher = {MIT Press},
  series = {Conference Track Proceedings},
  title = {Bayesian Model Selection for Support Vector Machines, Gaussian Processes and Other Kernel Classifiers},
  volume = {12},
  year = {1999}
}

@inproceedings{siegelmann1999noisy,
  address = {Denver, Colorado, USA},
  author = {Siegelmann, Hava T. and Roitershtein, Alexander and Ben‐Hur, Asa},
  booktitle = {Advances in Neural Information Processing Systems 12 (NIPS)},
  editor = {S. Solla and T. Leen and K. Müller},
  key = {siegelmann1999noisy},
  month = {November},
  note = {\url{https://proceedings.neurips.cc/paper_files/paper/1999/file/94e4451ad23909020c28b26ca3a13cb8-Paper.pdf}},
  openalex = {W2145732358},
  publisher = {MIT Press},
  series = {Conference Track Proceedings},
  title = {Noisy Neural Networks and Generalizations},
  volume = {12},
  year = {1999}
}

@inproceedings{singer1999leveraged,
  address = {Denver, Colorado, USA},
  author = {Singer, Yoram},
  booktitle = {Advances in Neural Information Processing Systems 12 (NIPS)},
  editor = {S. Solla and T. Leen and K. Müller},
  month = {November},
  note = {\url{https://proceedings.neurips.cc/paper_files/paper/1999/file/21be9a4bd4f81549a9d1d241981cec3c-Paper.pdf}},
  openalex = {W2120350760},
  publisher = {MIT Press},
  series = {Conference Track Proceedings},
  title = {Leveraged Vector Machines},
  volume = {12},
  year = {1999}
}

@inproceedings{singh1999reinforcement,
  address = {Denver, Colorado, USA},
  author = {Singh, Satinder and Kearns, Michael and Litman, Diane and Walker, Marilyn},
  booktitle = {Advances in Neural Information Processing Systems 12 (NIPS)},
  editor = {S. Solla and T. Leen and K. Müller},
  month = {November},
  note = {\url{https://proceedings.neurips.cc/paper_files/paper/1999/file/36d7534290610d9b7e9abed244dd2f28-Paper.pdf}},
  openalex = {W2163068732},
  publisher = {MIT Press},
  series = {Conference Track Proceedings},
  title = {Reinforcement Learning for Spoken Dialogue Systems},
  volume = {12},
  year = {1999}
}

@inproceedings{slonim1999agglomerative,
  address = {Denver, Colorado, USA},
  author = {Slonim, Noam and Tishby, Naftali},
  booktitle = {Advances in Neural Information Processing Systems 12 (NIPS)},
  editor = {S. Solla and T. Leen and K. Müller},
  month = {November},
  note = {\url{https://proceedings.neurips.cc/paper_files/paper/1999/file/be3e9d3f7d70537357c67bb3f4086846-Paper.pdf}},
  openalex = {W2103723258},
  publisher = {MIT Press},
  series = {Conference Track Proceedings},
  title = {Agglomerative Information Bottleneck},
  volume = {12},
  year = {1999}
}

@inproceedings{smith1999speech,
  address = {Denver, Colorado, USA},
  author = {Smith, Gavin and de Freitas, João and Robinson, Tony and Niranjan, Mahesan},
  booktitle = {Advances in Neural Information Processing Systems 12 (NIPS)},
  editor = {S. Solla and T. Leen and K. Müller},
  month = {November},
  note = {\url{https://proceedings.neurips.cc/paper_files/paper/1999/file/d860bd12ce9c026814bbdfc1c573f0f5-Paper.pdf}},
  publisher = {MIT Press},
  series = {Conference Track Proceedings},
  title = {Speech Modelling Using Subspace and EM Techniques},
  volume = {12},
  year = {1999}
}

@inproceedings{smola1999entropy,
  address = {Denver, Colorado, USA},
  author = {Smola, Alex and Shawe‐Taylor, John and Schölkopf, Bernhard and Williamson, Robert C.},
  booktitle = {Advances in Neural Information Processing Systems 12 (NIPS)},
  editor = {S. Solla and T. Leen and K. Müller},
  month = {November},
  note = {\url{https://proceedings.neurips.cc/paper_files/paper/1999/file/08e6bea8e90ba87af3c9554d94db6579-Paper.pdf}},
  openalex = {W2128768232},
  publisher = {MIT Press},
  series = {Conference Track Proceedings},
  title = {The Entropy Regularization Information Criterion},
  volume = {12},
  year = {1999}
}

@inproceedings{sollich1999probabilistic,
  address = {Denver, Colorado, USA},
  author = {Sollich, Peter},
  booktitle = {Advances in Neural Information Processing Systems 12 (NIPS)},
  editor = {S. Solla and T. Leen and K. Müller},
  month = {November},
  note = {\url{https://proceedings.neurips.cc/paper_files/paper/1999/file/a941493eeea57ede8214fd77d41806bc-Paper.pdf}},
  openalex = {W2115438515},
  publisher = {MIT Press},
  series = {Conference Track Proceedings},
  title = {Probabilistic Methods for Support Vector Machines},
  volume = {12},
  year = {1999}
}

@inproceedings{song1999image,
  address = {Denver, Colorado, USA},
  author = {Song, Xubo and Sill, Joseph and Abu‐Mostafa, Yaser S. and Kasdan, Harvey L.},
  booktitle = {Advances in Neural Information Processing Systems 12 (NIPS)},
  editor = {S. Solla and T. Leen and K. Müller},
  key = {song1999image},
  month = {November},
  note = {\url{https://proceedings.neurips.cc/paper_files/paper/1999/file/64f1f27bf1b4ec22924fd0acb550c235-Paper.pdf}},
  openalex = {W2116478415},
  publisher = {MIT Press},
  series = {Conference Track Proceedings},
  title = {Image Recognition in Context: Application to Microscopic Urinalysis},
  volume = {12},
  year = {1999}
}

@inproceedings{spence1999hierarchical,
  address = {Denver, Colorado, USA},
  author = {Spence, Clay D. and Parra, Lucas C.},
  booktitle = {Advances in Neural Information Processing Systems 12 (NIPS)},
  editor = {S. Solla and T. Leen and K. Müller},
  month = {November},
  note = {\url{https://proceedings.neurips.cc/paper_files/paper/1999/file/365d17770080c807a0e47ae9118d8641-Paper.pdf}},
  openalex = {W2158704084},
  publisher = {MIT Press},
  series = {Conference Track Proceedings},
  title = {Hierarchical Image Probability (H1P) Models},
  volume = {12},
  year = {1999}
}

@inproceedings{sugiyama1999training,
  address = {Denver, Colorado, USA},
  author = {Sugiyama, Masashi and Ogawa, Hidemitsu},
  booktitle = {Advances in Neural Information Processing Systems 12 (NIPS)},
  editor = {S. Solla and T. Leen and K. Müller},
  month = {November},
  note = {\url{https://proceedings.neurips.cc/paper_files/paper/1999/file/647c722bf90a49140184672e0d3723e3-Paper.pdf}},
  openalex = {W2115633849},
  publisher = {MIT Press},
  series = {Conference Track Proceedings},
  title = {Training Data Selection for Optimal Generalization in Trigonometric Polynomial Networks},
  volume = {12},
  year = {1999}
}

@inproceedings{sundararajan1999predictive,
  address = {Denver, Colorado, USA},
  author = {Sundararajan, S. and Keerthi, S. Sathiya},
  booktitle = {Advances in Neural Information Processing Systems 12 (NIPS)},
  editor = {S. Solla and T. Leen and K. Müller},
  month = {November},
  note = {\url{https://proceedings.neurips.cc/paper_files/paper/1999/file/e8fd4a8a5bab2b3785d794ab51fef55c-Paper.pdf}},
  openalex = {W2152937653},
  publisher = {MIT Press},
  series = {Conference Track Proceedings},
  title = {Predictive Approaches for Choosing Hyperparameters in Gaussian Processes},
  volume = {12},
  year = {1999}
}

@inproceedings{sutton1999policy,
  address = {Denver, Colorado, USA},
  author = {Sutton, Richard S. and McAllester, David and Singh, Satinder and Mansour, Yishay},
  booktitle = {Advances in Neural Information Processing Systems 12 (NIPS)},
  editor = {S. Solla and T. Leen and K. Müller},
  month = {November},
  note = {\url{https://proceedings.neurips.cc/paper_files/paper/1999/file/464d828b85b0bed98e80ade0a5c43b0f-Paper.pdf}},
  openalex = {W2155027007},
  publisher = {MIT Press},
  series = {Conference Track Proceedings},
  title = {Policy Gradient Methods for Reinforcement Learning with Function Approximation},
  volume = {12},
  year = {1999}
}

@inproceedings{sykacek1999on,
  address = {Denver, Colorado, USA},
  author = {Sykacek, Peter},
  booktitle = {Advances in Neural Information Processing Systems 12 (NIPS)},
  editor = {S. Solla and T. Leen and K. Müller},
  month = {November},
  note = {\url{https://proceedings.neurips.cc/paper_files/paper/1999/file/c1fea270c48e8079d8ddf7d06d26ab52-Paper.pdf}},
  openalex = {W2170063046},
  publisher = {MIT Press},
  series = {Conference Track Proceedings},
  title = {On Input Selection with Reversible Jump Markov Chain Monte Carlo Sampling},
  volume = {12},
  year = {1999}
}

@inproceedings{tang1999meg,
  address = {Denver, Colorado, USA},
  author = {Tang, Akaysha C. and Pearlmutter, Barak A. and Hely, Tim and Zibulevsky, Michael and Weisend, Michael P.},
  booktitle = {Advances in Neural Information Processing Systems 12 (NIPS)},
  editor = {S. Solla and T. Leen and K. Müller},
  month = {November},
  note = {\url{https://proceedings.neurips.cc/paper_files/paper/1999/file/02f039058bd48307e6f653a2005c9dd2-Paper.pdf}},
  openalex = {W2137242579},
  publisher = {MIT Press},
  series = {Conference Track Proceedings},
  title = {An MEG Study of Response Latency and Variability in the Human Visual System During a Visual-Motor Integration Task},
  volume = {12},
  year = {1999}
}

@inproceedings{tenenbaum1999rules,
  address = {Denver, Colorado, USA},
  author = {Tenenbaum, Joshua B.},
  booktitle = {Advances in Neural Information Processing Systems 12 (NIPS)},
  editor = {S. Solla and T. Leen and K. Müller},
  key = {tenenbaum1999rules},
  month = {November},
  note = {\url{https://proceedings.neurips.cc/paper_files/paper/1999/file/86d7c8a08b4aaa1bc7c599473f5dddda-Paper.pdf}},
  openalex = {W2119084537},
  publisher = {MIT Press},
  series = {Conference Track Proceedings},
  title = {Rules and Similarity in Concept Learning},
  volume = {12},
  year = {1999}
}

@inproceedings{thrun1999monte,
  address = {Denver, Colorado, USA},
  author = {Thrun, Sebastian},
  booktitle = {Advances in Neural Information Processing Systems 12 (NIPS)},
  editor = {S. Solla and T. Leen and K. Müller},
  month = {November},
  note = {\url{https://proceedings.neurips.cc/paper_files/paper/1999/file/299570476c6f0309545110c592b6a63b-Paper.pdf}},
  openalex = {W2113889826},
  publisher = {MIT Press},
  series = {Conference Track Proceedings},
  title = {Monte Carlo POMDPs},
  volume = {12},
  year = {1999}
}

@inproceedings{tino1999building,
  address = {Denver, Colorado, USA},
  author = {Tiňo, Peter and Dorffner, Georg},
  booktitle = {Advances in Neural Information Processing Systems 12 (NIPS)},
  editor = {S. Solla and T. Leen and K. Müller},
  month = {November},
  note = {\url{https://proceedings.neurips.cc/paper_files/paper/1999/file/17ed8abedc255908be746d245e50263a-Paper.pdf}},
  openalex = {W2126228757},
  publisher = {MIT Press},
  series = {Conference Track Proceedings},
  title = {Building Predictive Models from Fractal Representations of Symbolic Sequences},
  volume = {12},
  year = {1999}
}

@inproceedings{tipping1999relevance,
  address = {Denver, Colorado, USA},
  author = {Tipping, Michael E.},
  booktitle = {Advances in Neural Information Processing Systems 12 (NIPS)},
  editor = {S. Solla and T. Leen and K. Müller},
  month = {November},
  note = {\url{https://proceedings.neurips.cc/paper_files/paper/1999/file/f3144cefe89a60d6a1afaf7859c5076b-Paper.pdf}},
  openalex = {W2137512539},
  publisher = {MIT Press},
  series = {Conference Track Proceedings},
  title = {The Relevance Vector Machine},
  volume = {12},
  year = {1999}
}

@inproceedings{tonkes1999evolving,
  address = {Denver, Colorado, USA},
  author = {Tonkes, Bradley and Blair, Alan and Wiles, Janet},
  booktitle = {Advances in Neural Information Processing Systems 12 (NIPS)},
  editor = {S. Solla and T. Leen and K. Müller},
  month = {November},
  note = {\url{https://proceedings.neurips.cc/paper_files/paper/1999/file/4a2ddf148c5a9c42151a529e8cbdcc06-Paper.pdf}},
  openalex = {W2160047837},
  publisher = {MIT Press},
  series = {Conference Track Proceedings},
  title = {Evolving Learnable Languages},
  volume = {12},
  year = {1999}
}

@inproceedings{vaithyanathan1999generalized,
  address = {Denver, Colorado, USA},
  author = {Vaithyanathan, Shivakumar and Dom, Byron},
  booktitle = {Advances in Neural Information Processing Systems 12 (NIPS)},
  editor = {S. Solla and T. Leen and K. Müller},
  key = {vaithyanathan1999generalized},
  month = {November},
  note = {\url{https://proceedings.neurips.cc/paper_files/paper/1999/file/89f03f7d02720160f1b04cf5b27f5ccb-Paper.pdf}},
  openalex = {W2099005519},
  publisher = {MIT Press},
  series = {Conference Track Proceedings},
  title = {Generalized Model Selection for Unsupervised Learning in High Dimensions},
  volume = {12},
  year = {1999}
}

@inproceedings{van1999analog,
  address = {Denver, Colorado, USA},
  author = {Schaik, André van},
  booktitle = {Advances in Neural Information Processing Systems 12 (NIPS)},
  editor = {S. Solla and T. Leen and K. Müller},
  key = {van1999analog},
  month = {November},
  note = {\url{https://proceedings.neurips.cc/paper_files/paper/1999/file/8b6a80c3cf2cbd5f967063618dc54f39-Paper.pdf}},
  openalex = {W2138872356},
  publisher = {MIT Press},
  series = {Conference Track Proceedings},
  title = {An Analog VLSI Model of Periodicity Extraction},
  volume = {12},
  year = {1999}
}

@inproceedings{vapnik1999support,
  address = {Denver, Colorado, USA},
  author = {Vapnik, Vladimir and Mukherjee, Sayan},
  booktitle = {Advances in Neural Information Processing Systems 12 (NIPS)},
  editor = {S. Solla and T. Leen and K. Müller},
  month = {November},
  note = {\url{https://proceedings.neurips.cc/paper_files/paper/1999/file/207f88018f72237565570f8a9e5ca240-Paper.pdf}},
  openalex = {W2159026946},
  publisher = {MIT Press},
  series = {Conference Track Proceedings},
  title = {Support Vector Method for Multivariate Density Estimation},
  volume = {12},
  year = {1999}
}

@inproceedings{vasconcelos1999learning,
  address = {Denver, Colorado, USA},
  author = {Vasconcelos, Nuno and Lippman, Andrew},
  booktitle = {Advances in Neural Information Processing Systems 12 (NIPS)},
  editor = {S. Solla and T. Leen and K. Müller},
  key = {vasconcelos1999learning},
  month = {November},
  note = {\url{https://proceedings.neurips.cc/paper_files/paper/1999/file/7283518d47a05a09d33779a17adf1707-Paper.pdf}},
  openalex = {W2097005463},
  publisher = {MIT Press},
  series = {Conference Track Proceedings},
  title = {Learning from User Feedback in Image Retrieval Systems},
  volume = {12},
  year = {1999}
}

@inproceedings{wainwright1999scale,
  address = {Denver, Colorado, USA},
  author = {Wainwright, Martin J. and Simoncelli, Eero P.},
  booktitle = {Advances in Neural Information Processing Systems 12 (NIPS)},
  editor = {S. Solla and T. Leen and K. Müller},
  key = {wainwright1999scale},
  month = {November},
  note = {\url{https://proceedings.neurips.cc/paper_files/paper/1999/file/6a5dfac4be1502501489fc0f5a24b667-Paper.pdf}},
  openalex = {W2119938170},
  publisher = {MIT Press},
  series = {Conference Track Proceedings},
  title = {Scale Mixtures of Gaussians and the Statistics of Natural Images},
  volume = {12},
  year = {1999}
}

@inproceedings{wan1999dual,
  address = {Denver, Colorado, USA},
  author = {Wan, Eric and van der Merwe, Rudolph and Nelson, Alex},
  booktitle = {Advances in Neural Information Processing Systems 12 (NIPS)},
  editor = {S. Solla and T. Leen and K. Müller},
  month = {November},
  note = {\url{https://proceedings.neurips.cc/paper_files/paper/1999/file/f50a6c02a3fc5a3a5d4d9391f05f3efc-Paper.pdf}},
  publisher = {MIT Press},
  series = {Conference Track Proceedings},
  title = {Dual Estimation and the Unscented Transformation},
  volume = {12},
  year = {1999}
}

@inproceedings{watanabe1999algebraic,
  address = {Denver, Colorado, USA},
  author = {Watanabe, Sumio},
  booktitle = {Advances in Neural Information Processing Systems 12 (NIPS)},
  editor = {S. Solla and T. Leen and K. Müller},
  key = {watanabe1999algebraic},
  month = {November},
  note = {\url{https://proceedings.neurips.cc/paper_files/paper/1999/file/752d25a1f8dbfb2d656bac3094bfb81c-Paper.pdf}},
  openalex = {W2129429921},
  publisher = {MIT Press},
  series = {Conference Track Proceedings},
  title = {Algebraic Analysis for Non-regular Learning Machines},
  volume = {12},
  year = {1999}
}

@inproceedings{weijters1999learning,
  address = {Denver, Colorado, USA},
  author = {Weijters, Ton and Bosch, Antal van den and Postma, Eric},
  booktitle = {Advances in Neural Information Processing Systems 12 (NIPS)},
  editor = {S. Solla and T. Leen and K. Müller},
  month = {November},
  note = {\url{https://proceedings.neurips.cc/paper_files/paper/1999/file/f63f65b503e22cb970527f23c9ad7db1-Paper.pdf}},
  openalex = {W2135999057},
  publisher = {MIT Press},
  series = {Conference Track Proceedings},
  title = {Learning Statistically Neutral Tasks without Expert Guidance},
  volume = {12},
  year = {1999}
}

@inproceedings{weiss1999correctness,
  address = {Denver, Colorado, USA},
  author = {Weiss, Yair and Freeman, William T.},
  booktitle = {Advances in Neural Information Processing Systems 12 (NIPS)},
  editor = {S. Solla and T. Leen and K. Müller},
  month = {November},
  note = {\url{https://proceedings.neurips.cc/paper_files/paper/1999/file/10c272d06794d3e5785d5e7c5356e9ff-Paper.pdf}},
  openalex = {W2158122241},
  publisher = {MIT Press},
  series = {Conference Track Proceedings},
  title = {Correctness of Belief Propagation in Gaussian Graphical Models of Arbitrary Topology},
  volume = {12},
  year = {1999}
}

@inproceedings{williams1999mcmc,
  address = {Denver, Colorado, USA},
  author = {Williams, Christopher K. I.},
  booktitle = {Advances in Neural Information Processing Systems 12 (NIPS)},
  editor = {S. Solla and T. Leen and K. Müller},
  key = {williams1999mcmc},
  month = {November},
  note = {\url{https://proceedings.neurips.cc/paper_files/paper/1999/file/973a5f0ccbc4ee3524ccf035d35b284b-Paper.pdf}},
  openalex = {W2160157087},
  publisher = {MIT Press},
  series = {Conference Track Proceedings},
  title = {A MCMC Approach to Hierarchical Mixture Modelling},
  volume = {12},
  year = {1999}
}

@inproceedings{wu1999population,
  address = {Denver, Colorado, USA},
  author = {Wu, Si and Nakahara, Hiroyuki and Murata, Noboru and Amari, Shun-ichi},
  booktitle = {Advances in Neural Information Processing Systems 12 (NIPS)},
  editor = {S. Solla and T. Leen and K. Müller},
  month = {November},
  note = {\url{https://proceedings.neurips.cc/paper_files/paper/1999/file/11c484ea9305ea4c7bb6b2e6d570d466-Paper.pdf}},
  publisher = {MIT Press},
  series = {Conference Track Proceedings},
  title = {Population Decoding Based on an Unfaithful Model},
  volume = {12},
  year = {1999}
}

@inproceedings{xie1999spike,
  address = {Denver, Colorado, USA},
  author = {Xie, Xiaohui and Seung, H. Sebastian},
  booktitle = {Advances in Neural Information Processing Systems 12 (NIPS)},
  editor = {S. Solla and T. Leen and K. Müller},
  month = {November},
  note = {\url{https://proceedings.neurips.cc/paper_files/paper/1999/file/c0560792e4a3c79e62f76cbf9fb277dd-Paper.pdf}},
  openalex = {W2121392865},
  publisher = {MIT Press},
  series = {Conference Track Proceedings},
  title = {Spike-based Learning Rules and Stabilization of Persistent Neural Activity},
  volume = {12},
  year = {1999}
}

@inproceedings{yang1999data,
  address = {Denver, Colorado, USA},
  author = {Yang, Howard H. and Moody, John},
  booktitle = {Advances in Neural Information Processing Systems 12 (NIPS)},
  editor = {S. Solla and T. Leen and K. Müller},
  key = {yang1999data},
  month = {November},
  note = {\url{https://proceedings.neurips.cc/paper_files/paper/1999/file/8c01a75941549a705cf7275e41b21f0d-Paper.pdf}},
  openalex = {W2155344811},
  publisher = {MIT Press},
  series = {Conference Track Proceedings},
  title = {Data Visualization and Feature Selection: New Algorithms for Nongaussian Data},
  volume = {12},
  year = {1999}
}

@inproceedings{yang1999managing,
  address = {Denver, Colorado, USA},
  author = {Yang, Zhiyong and Zemel, Richard S.},
  booktitle = {Advances in Neural Information Processing Systems 12 (NIPS)},
  editor = {S. Solla and T. Leen and K. Müller},
  key = {yang1999managing},
  month = {November},
  note = {\url{https://proceedings.neurips.cc/paper_files/paper/1999/file/6e62a992c676f611616097dbea8ea030-Paper.pdf}},
  openalex = {W2114349498},
  publisher = {MIT Press},
  series = {Conference Track Proceedings},
  title = {Managing Uncertainty in Cue Combination},
  volume = {12},
  year = {1999}
}

@inproceedings{yang1999search,
  address = {Denver, Colorado, USA},
  author = {Yang, Howard H. and Heřmanský, Hynek},
  booktitle = {Advances in Neural Information Processing Systems 12 (NIPS)},
  editor = {S. Solla and T. Leen and K. Müller},
  month = {November},
  note = {\url{https://proceedings.neurips.cc/paper_files/paper/1999/file/cc42acc8ce334185e0193753adb6cb77-Paper.pdf}},
  openalex = {W2129223887},
  publisher = {MIT Press},
  series = {Conference Track Proceedings},
  title = {Search for Information Bearing Components in Speech},
  volume = {12},
  year = {1999}
}

@inproceedings{yang1999snow,
  address = {Denver, Colorado, USA},
  author = {Yang, Ming–Hsuan and Roth, Dan and Ahuja, Narendra},
  booktitle = {Advances in Neural Information Processing Systems 12 (NIPS)},
  editor = {S. Solla and T. Leen and K. Müller},
  month = {November},
  note = {\url{https://proceedings.neurips.cc/paper_files/paper/1999/file/3e15cc11f979ed25912dff5b0669f2cd-Paper.pdf}},
  openalex = {W2138560582},
  publisher = {MIT Press},
  series = {Conference Track Proceedings},
  title = {A SNoW-Based Face Detector},
  volume = {12},
  year = {1999}
}

@inproceedings{zemel1999generative,
  address = {Denver, Colorado, USA},
  author = {Zemel, Richard S. and Mozer, Michael C.},
  booktitle = {Advances in Neural Information Processing Systems 12 (NIPS)},
  editor = {S. Solla and T. Leen and K. Müller},
  month = {November},
  note = {\url{https://proceedings.neurips.cc/paper_files/paper/1999/file/e721a54a8cf18c8543d44782d9ef681f-Paper.pdf}},
  openalex = {W2103041741},
  publisher = {MIT Press},
  series = {Conference Track Proceedings},
  title = {A Generative Model for Attractor Dynamics},
  volume = {12},
  year = {1999}
}

@inproceedings{zhang1999semiparametric,
  address = {Denver, Colorado, USA},
  author = {Zhang, Liqing and Amari, Shun-ichi and Cichocki, Andrzej},
  booktitle = {Advances in Neural Information Processing Systems 12 (NIPS)},
  editor = {S. Solla and T. Leen and K. Müller},
  month = {November},
  note = {\url{https://proceedings.neurips.cc/paper_files/paper/1999/file/b147a61c1d07c1c999560f62add6dbc7-Paper.pdf}},
  publisher = {MIT Press},
  series = {Conference Track Proceedings},
  title = {Semiparametric Approach to Multichannel Blind Deconvolution of Nonminimum Phase Systems},
  volume = {12},
  year = {1999}
}

@inproceedings{zhang1999some,
  address = {Denver, Colorado, USA},
  author = {Zhang, Tong},
  booktitle = {Advances in Neural Information Processing Systems 12 (NIPS)},
  editor = {S. Solla and T. Leen and K. Müller},
  key = {zhang1999some},
  month = {November},
  note = {\url{https://proceedings.neurips.cc/paper_files/paper/1999/file/7c4ede33a62160a19586f6e26eaefacf-Paper.pdf}},
  openalex = {W2107685997},
  publisher = {MIT Press},
  series = {Conference Track Proceedings},
  title = {Some Theoretical Results Concerning the Convergence of Compositions of Regularized Linear Functions},
  volume = {12},
  year = {1999}
}

@inproceedings{zlochin1999manifold,
  address = {Denver, Colorado, USA},
  author = {Zlochin, Mark and Baram, Yoram},
  booktitle = {Advances in Neural Information Processing Systems 12 (NIPS)},
  editor = {S. Solla and T. Leen and K. Müller},
  month = {November},
  note = {\url{https://proceedings.neurips.cc/paper_files/paper/1999/file/d2cdf047a6674cef251d56544a3cf029-Paper.pdf}},
  openalex = {W2136491832},
  publisher = {MIT Press},
  series = {Conference Track Proceedings},
  title = {Manifold Stochastic Dynamics for Bayesian Learning},
  volume = {12},
  year = {1999}
}
