@inproceedings{aguera2000can,
  address = {Denver, Colorado, USA},
  author = {Arcas, Blaise Agüera y and Fairhall, Adrienne L. and Bialek, William},
  booktitle = {Advances in Neural Information Processing Systems 13 (NIPS)},
  editor = {T. Leen and T. Dietterich and V. Tresp},
  month = {November},
  note = {\url{https://proceedings.neurips.cc/paper_files/paper/2000/file/a19acd7d2689207f9047f8cb01357370-Paper.pdf}},
  openalex = {W2108674742},
  publisher = {MIT Press},
  series = {Conference Track Proceedings},
  title = {What Can a Single Neuron Compute},
  volume = {13},
  year = {2000}
}

@inproceedings{aharonovbarki2000does,
  address = {Denver, Colorado, USA},
  author = {Aharonov-Barki, Ranit and Meilijson, Isaac and Ruppin, Eytan},
  booktitle = {Advances in Neural Information Processing Systems 13 (NIPS)},
  editor = {T. Leen and T. Dietterich and V. Tresp},
  month = {November},
  note = {\url{https://proceedings.neurips.cc/paper_files/paper/2000/file/0533a888904bd4867929dffd884d60b8-Paper.pdf}},
  openalex = {W2109207068},
  publisher = {MIT Press},
  series = {Conference Track Proceedings},
  title = {Who Does What? A Novel Algorithm to Determine Function Localization},
  volume = {13},
  year = {2000}
}

@inproceedings{andre2000programmable,
  address = {Denver, Colorado, USA},
  author = {André, David and Russell, Stuart},
  booktitle = {Advances in Neural Information Processing Systems 13 (NIPS)},
  editor = {T. Leen and T. Dietterich and V. Tresp},
  month = {November},
  note = {\url{https://proceedings.neurips.cc/paper_files/paper/2000/file/11108a3dbfe4636cb40b84b803b2fff6-Paper.pdf}},
  openalex = {W2089561656},
  publisher = {MIT Press},
  series = {Conference Track Proceedings},
  title = {State abstraction for programmable reinforcement learning agents},
  volume = {13},
  year = {2000}
}

@inproceedings{archer2000from,
  address = {Denver, Colorado, USA},
  author = {Archer, Cynthia and Leen, Todd},
  booktitle = {Advances in Neural Information Processing Systems 13 (NIPS)},
  editor = {T. Leen and T. Dietterich and V. Tresp},
  month = {November},
  note = {\url{https://proceedings.neurips.cc/paper_files/paper/2000/file/4888241374e8c62ddd9b4c3cfd091f96-Paper.pdf}},
  publisher = {MIT Press},
  series = {Conference Track Proceedings},
  title = {From Mixtures of Mixtures to Adaptive Transform Coding},
  volume = {13},
  year = {2000}
}

@inproceedings{archie2000dendritic,
  address = {Denver, Colorado, USA},
  author = {Archie, Kevin A. and Mel, Bartlett W.},
  booktitle = {Advances in Neural Information Processing Systems 13 (NIPS)},
  editor = {Leen, T. and Dietterich, T. and Tresp, V.},
  month = {November},
  note = {\url{https://proceedings.neurips.cc/paper_files/paper/2000/file/ff1418e8cc993fe8abcfe3ce2003e5c5-Paper.pdf}},
  openalex = {W2147002520},
  publisher = {MIT Press},
  series = {Conference Track Proceedings},
  title = {Dendritic Compartmentalization Could Underlie Competition and Attentional Biasing of Simultaneous Visual Stimuli},
  volume = {13},
  year = {2000}
}

@inproceedings{arleo2000place,
  address = {Denver, Colorado, USA},
  author = {Arleo, Angelo and Smeraldi, Fabrizio and Hug, Stéphane and Gerstner, Wulfram},
  booktitle = {Advances in Neural Information Processing Systems 13 (NIPS)},
  editor = {Leen, T. and Dietterich, T. and Tresp, V.},
  month = {November},
  note = {\url{https://proceedings.neurips.cc/paper_files/paper/2000/file/cd14821dab219ea06e2fd1a2df2e3582-Paper.pdf}},
  openalex = {W2155286882},
  publisher = {MIT Press},
  series = {Conference Track Proceedings},
  title = {Place Cells and Spatial Navigation Based on 2D Visual Feature Extraction, Path Integration, and Reinforcement Learning},
  volume = {13},
  year = {2000}
}

@inproceedings{attias2000speech,
  address = {Denver, Colorado, USA},
  author = {Attias, Hagai and Platt, John and Acero, Alex and Deng, Li},
  booktitle = {Advances in Neural Information Processing Systems 13 (NIPS)},
  editor = {T. Leen and T. Dietterich and V. Tresp},
  month = {November},
  note = {\url{https://proceedings.neurips.cc/paper_files/paper/2000/file/65699726a3c601b9f31bf04019c8593c-Paper.pdf}},
  publisher = {MIT Press},
  series = {Conference Track Proceedings},
  title = {Speech Denoising and Dereverberation Using Probabilistic Models},
  volume = {13},
  year = {2000}
}

@inproceedings{bae2000combining,
  address = {Denver, Colorado, USA},
  author = {Bae, Un-Min and Lee, Soo-Young},
  booktitle = {Advances in Neural Information Processing Systems 13 (NIPS)},
  editor = {Leen, T. and Dietterich, T. and Tresp, V.},
  month = {November},
  note = {\url{https://proceedings.neurips.cc/paper_files/paper/2000/file/f2d887e01a80e813d9080038decbbabb-Paper.pdf}},
  openalex = {W2141637884},
  publisher = {MIT Press},
  series = {Conference Track Proceedings},
  title = {Combining ICA and Top-Down Attention for Robust Speech Recognition},
  volume = {13},
  year = {2000}
}

@inproceedings{becker2000modelling,
  address = {Denver, Colorado, USA},
  author = {Becker, Suzanna and Burgess, Neil},
  booktitle = {Advances in Neural Information Processing Systems 13 (NIPS)},
  editor = {T. Leen and T. Dietterich and V. Tresp},
  month = {November},
  note = {\url{https://proceedings.neurips.cc/paper_files/paper/2000/file/65fc52ed8f88c81323a418ca94cec2ed-Paper.pdf}},
  openalex = {W2142905457},
  publisher = {MIT Press},
  series = {Conference Track Proceedings},
  title = {Modelling Spatial Recall, Mental Imagery and Neglect},
  volume = {13},
  year = {2000}
}

@inproceedings{belongie2000shape,
  address = {Denver, Colorado, USA},
  author = {Belongie, Serge and Malik, Jitendra and Puzicha, Jan},
  booktitle = {Advances in Neural Information Processing Systems 13 (NIPS)},
  editor = {Leen, T. and Dietterich, T. and Tresp, V.},
  month = {November},
  note = {\url{https://proceedings.neurips.cc/paper_files/paper/2000/file/c44799b04a1c72e3c8593a53e8000c78-Paper.pdf}},
  openalex = {W2108444897},
  publisher = {MIT Press},
  series = {Conference Track Proceedings},
  title = {Shape Context: A New Descriptor for Shape Matching and Object Recognition},
  volume = {13},
  year = {2000}
}

@inproceedings{bendavid2000efficient,
  address = {Denver, Colorado, USA},
  author = {Ben-David, Shai and Simon, Hans Ulrich},
  booktitle = {Advances in Neural Information Processing Systems 13 (NIPS)},
  editor = {T. Leen and T. Dietterich and V. Tresp},
  month = {November},
  note = {\url{https://proceedings.neurips.cc/paper_files/paper/2000/file/39027dfad5138c9ca0c474d71db915c3-Paper.pdf}},
  openalex = {W2106948187},
  publisher = {MIT Press},
  series = {Conference Track Proceedings},
  title = {Efficient Learning of Linear Perceptrons},
  volume = {13},
  year = {2000}
}

@inproceedings{bengio2000neural,
  address = {Denver, Colorado, USA},
  author = {Bengio, Yoshua and Ducharme, Réjean and Vincent, Pascal},
  booktitle = {Advances in Neural Information Processing Systems 13 (NIPS)},
  editor = {T. Leen and T. Dietterich and V. Tresp},
  month = {November},
  note = {\url{https://proceedings.neurips.cc/paper_files/paper/2000/file/728f206c2a01bf572b5940d7d9a8fa4c-Paper.pdf}},
  openalex = {W2140679639},
  publisher = {MIT Press},
  series = {Conference Track Proceedings},
  title = {A Neural Probabilistic Language Model},
  volume = {13},
  year = {2000}
}

@inproceedings{benhur2000support,
  address = {Denver, Colorado, USA},
  author = {Ben‐Hur, Asa and Horn, D. and Siegelmann, Hava T. and Vapnik, Vladimir},
  booktitle = {Advances in Neural Information Processing Systems 13 (NIPS)},
  editor = {T. Leen and T. Dietterich and V. Tresp},
  month = {November},
  note = {\url{https://proceedings.neurips.cc/paper_files/paper/2000/file/14cfdb59b5bda1fc245aadae15b1984a-Paper.pdf}},
  openalex = {W2097755267},
  publisher = {MIT Press},
  series = {Conference Track Proceedings},
  title = {A Support Vector Method for Clustering},
  volume = {13},
  year = {2000}
}

@inproceedings{bhattacharyya2000variational,
  address = {Denver, Colorado, USA},
  author = {Bhattacharyya, Chiranjib and Keerthi, S. Sathiya},
  booktitle = {Advances in Neural Information Processing Systems 13 (NIPS)},
  editor = {Leen, T. and Dietterich, T. and Tresp, V.},
  month = {November},
  note = {\url{https://proceedings.neurips.cc/paper_files/paper/2000/file/e74c0d42b4433905293aab661fcf8ddb-Paper.pdf}},
  openalex = {W2101058190},
  publisher = {MIT Press},
  series = {Conference Track Proceedings},
  title = {A Variational Mean-Field Theory for Sigmoidal Belief Networks},
  volume = {13},
  year = {2000}
}

@inproceedings{bialek2000stability,
  address = {Denver, Colorado, USA},
  author = {Bialek, William},
  booktitle = {Advances in Neural Information Processing Systems 13 (NIPS)},
  editor = {T. Leen and T. Dietterich and V. Tresp},
  month = {November},
  note = {\url{https://proceedings.neurips.cc/paper_files/paper/2000/file/82cadb0649a3af4968404c9f6031b233-Paper.pdf}},
  openalex = {W2133658130},
  publisher = {MIT Press},
  series = {Conference Track Proceedings},
  title = {Stability and Noise in Biochemical Switches},
  volume = {13},
  year = {2000}
}

@inproceedings{bogacz2000emergence,
  address = {Denver, Colorado, USA},
  author = {Bogacz, Rafał and Brown, Malcolm W. and Giraud-Carrier, Christophe},
  booktitle = {Advances in Neural Information Processing Systems 13 (NIPS)},
  editor = {T. Leen and T. Dietterich and V. Tresp},
  month = {November},
  note = {\url{https://proceedings.neurips.cc/paper_files/paper/2000/file/136f951362dab62e64eb8e841183c2a9-Paper.pdf}},
  openalex = {W2117425421},
  publisher = {MIT Press},
  series = {Conference Track Proceedings},
  title = {Emergence of Movement Sensitive Neurons' Properties by Learning a Sparse Code for Natural Moving Images},
  volume = {13},
  year = {2000}
}

@inproceedings{bourlard2000new,
  address = {Denver, Colorado, USA},
  author = {Bourlard, Hervé and Bengio, Samy and Weber, Katrin},
  booktitle = {Advances in Neural Information Processing Systems 13 (NIPS)},
  editor = {Leen, T. and Dietterich, T. and Tresp, V.},
  month = {November},
  note = {\url{https://proceedings.neurips.cc/paper_files/paper/2000/file/cb79f8fa58b91d3af6c9c991f63962d3-Paper.pdf}},
  openalex = {W2101732903},
  publisher = {MIT Press},
  series = {Conference Track Proceedings},
  title = {New Approaches Towards Robust and Adaptive Speech Recognition},
  volume = {13},
  year = {2000}
}

@inproceedings{bousquet2000algorithmic,
  address = {Denver, Colorado, USA},
  author = {Bousquet, Olivier and Elisseeff, André},
  booktitle = {Advances in Neural Information Processing Systems 13 (NIPS)},
  editor = {T. Leen and T. Dietterich and V. Tresp},
  month = {November},
  note = {\url{https://proceedings.neurips.cc/paper_files/paper/2000/file/49ad23d1ec9fa4bd8d77d02681df5cfa-Paper.pdf}},
  openalex = {W2110630246},
  publisher = {MIT Press},
  series = {Conference Track Proceedings},
  title = {Algorithmic Stability and Generalization Performance},
  volume = {13},
  year = {2000}
}

@inproceedings{boyan2000exact,
  address = {Denver, Colorado, USA},
  author = {Boyan, Justin A. and Littman, Michael L.},
  booktitle = {Advances in Neural Information Processing Systems 13 (NIPS)},
  editor = {T. Leen and T. Dietterich and V. Tresp},
  month = {November},
  note = {\url{https://proceedings.neurips.cc/paper_files/paper/2000/file/09b15d48a1514d8209b192a8b8f34e48-Paper.pdf}},
  openalex = {W2168945108},
  publisher = {MIT Press},
  series = {Conference Track Proceedings},
  title = {Exact Solutions to Time-Dependent MDPs},
  volume = {13},
  year = {2000}
}

@inproceedings{brown2000direct,
  address = {Denver, Colorado, USA},
  author = {Brown, Timothy},
  booktitle = {Advances in Neural Information Processing Systems 13 (NIPS)},
  editor = {T. Leen and T. Dietterich and V. Tresp},
  month = {November},
  note = {\url{https://proceedings.neurips.cc/paper_files/paper/2000/file/8c8a58fa97c205ff222de3685497742c-Paper.pdf}},
  publisher = {MIT Press},
  series = {Conference Track Proceedings},
  title = {Direct Classification with Indirect Data},
  volume = {13},
  year = {2000}
}

@inproceedings{cadez2000model,
  address = {Denver, Colorado, USA},
  author = {Cadez, Igor V. and Smyth, Padhraic},
  booktitle = {Advances in Neural Information Processing Systems 13 (NIPS)},
  editor = {T. Leen and T. Dietterich and V. Tresp},
  month = {November},
  note = {\url{https://proceedings.neurips.cc/paper_files/paper/2000/file/69d1fc78dbda242c43ad6590368912d4-Paper.pdf}},
  openalex = {W2130080687},
  publisher = {MIT Press},
  series = {Conference Track Proceedings},
  title = {Model Complexity, Goodness of Fit and Diminishing Returns},
  volume = {13},
  year = {2000}
}

@inproceedings{campbell2000linear,
  address = {Denver, Colorado, USA},
  author = {Campbell, Colin and Bennett, Kristin P.},
  booktitle = {Advances in Neural Information Processing Systems 13 (NIPS)},
  editor = {T. Leen and T. Dietterich and V. Tresp},
  month = {November},
  note = {\url{https://proceedings.neurips.cc/paper_files/paper/2000/file/0e087ec55dcbe7b2d7992d6b69b519fb-Paper.pdf}},
  openalex = {W2126652588},
  publisher = {MIT Press},
  series = {Conference Track Proceedings},
  title = {A Linear Programming Approach to Novelty Detection},
  volume = {13},
  year = {2000}
}

@inproceedings{carlstrom2000decomposition,
  address = {Denver, Colorado, USA},
  author = {Carlström, Jakob},
  booktitle = {Advances in Neural Information Processing Systems 13 (NIPS)},
  editor = {T. Leen and T. Dietterich and V. Tresp},
  month = {November},
  note = {\url{https://proceedings.neurips.cc/paper_files/paper/2000/file/b432f34c5a997c8e7c806a895ecc5e25-Paper.pdf}},
  openalex = {W2142613925},
  publisher = {MIT Press},
  series = {Conference Track Proceedings},
  title = {Decomposition of Reinforcement Learning for Admission Control of Self-Similar Call Arrival Processes},
  volume = {13},
  year = {2000}
}

@inproceedings{caruana2000overfitting,
  address = {Denver, Colorado, USA},
  author = {Caruana, Rich and Lawrence, Steve and Giles, C. Lee},
  booktitle = {Advances in Neural Information Processing Systems 13 (NIPS)},
  editor = {T. Leen and T. Dietterich and V. Tresp},
  month = {November},
  note = {\url{https://proceedings.neurips.cc/paper_files/paper/2000/file/059fdcd96baeb75112f09fa1dcc740cc-Paper.pdf}},
  openalex = {W2156876426},
  publisher = {MIT Press},
  series = {Conference Track Proceedings},
  title = {Overfitting in Neural Nets: Backpropagation, Conjugate Gradient, and Early Stopping},
  volume = {13},
  year = {2000}
}

@inproceedings{cauwenberghs2000incremental,
  address = {Denver, Colorado, USA},
  author = {Cauwenberghs, Gert and Poggio, Tomaso},
  booktitle = {Advances in Neural Information Processing Systems 13 (NIPS)},
  editor = {T. Leen and T. Dietterich and V. Tresp},
  month = {November},
  note = {\url{https://proceedings.neurips.cc/paper_files/paper/2000/file/155fa09596c7e18e50b58eb7e0c6ccb4-Paper.pdf}},
  openalex = {W2108807072},
  publisher = {MIT Press},
  series = {Conference Track Proceedings},
  title = {Incremental and Decremental Support Vector Machine Learning},
  volume = {13},
  year = {2000}
}

@inproceedings{chapelle2000vicinal,
  address = {Denver, Colorado, USA},
  author = {Chapelle, Olivier and Weston, Jason and Bottou, Léon and Vapnik, Vladimir},
  booktitle = {Advances in Neural Information Processing Systems 13 (NIPS)},
  editor = {T. Leen and T. Dietterich and V. Tresp},
  month = {November},
  note = {\url{https://proceedings.neurips.cc/paper_files/paper/2000/file/ba9a56ce0a9bfa26e8ed9e10b2cc8f46-Paper.pdf}},
  openalex = {W2151239833},
  publisher = {MIT Press},
  series = {Conference Track Proceedings},
  title = {Vicinal Risk Minimization},
  volume = {13},
  year = {2000}
}

@inproceedings{chechik2000temporally,
  address = {Denver, Colorado, USA},
  author = {Chechik, Gal and Tishby, Naftali},
  booktitle = {Advances in Neural Information Processing Systems 13 (NIPS)},
  editor = {Leen, T. and Dietterich, T. and Tresp, V.},
  month = {November},
  note = {\url{https://proceedings.neurips.cc/paper_files/paper/2000/file/e1314fc026da60d837353d20aefaf054-Paper.pdf}},
  openalex = {W2127480198},
  publisher = {MIT Press},
  series = {Conference Track Proceedings},
  title = {Temporally Dependent Plasticity: An Information Theoretic Account},
  volume = {13},
  year = {2000}
}

@inproceedings{chen2000gaussianization,
  address = {Denver, Colorado, USA},
  author = {Chen, Scott and Gopinath, Ramesh},
  booktitle = {Advances in Neural Information Processing Systems 13 (NIPS)},
  editor = {T. Leen and T. Dietterich and V. Tresp},
  month = {November},
  note = {\url{https://proceedings.neurips.cc/paper_files/paper/2000/file/3c947bc2f7ff007b86a9428b74654de5-Paper.pdf}},
  publisher = {MIT Press},
  series = {Conference Track Proceedings},
  title = {Gaussianization},
  volume = {13},
  year = {2000}
}

@inproceedings{cohn2000missing,
  address = {Denver, Colorado, USA},
  author = {Cohn, David and Hofmann, Thomas},
  booktitle = {Advances in Neural Information Processing Systems 13 (NIPS)},
  editor = {Leen, T. and Dietterich, T. and Tresp, V.},
  month = {November},
  note = {\url{https://proceedings.neurips.cc/paper_files/paper/2000/file/f45a1078feb35de77d26b3f7a52ef502-Paper.pdf}},
  openalex = {W2108346334},
  publisher = {MIT Press},
  series = {Conference Track Proceedings},
  title = {The Missing Link - A Probabilistic Model of Document Content and Hypertext Connectivity},
  volume = {13},
  year = {2000}
}

@inproceedings{coughlan2000manhattan,
  address = {Denver, Colorado, USA},
  author = {Coughlan, James M. and Yuille, Alan},
  booktitle = {Advances in Neural Information Processing Systems 13 (NIPS)},
  editor = {T. Leen and T. Dietterich and V. Tresp},
  month = {November},
  note = {\url{https://proceedings.neurips.cc/paper_files/paper/2000/file/90e1357833654983612fb05e3ec9148c-Paper.pdf}},
  openalex = {W2152380633},
  publisher = {MIT Press},
  series = {Conference Track Proceedings},
  title = {The Manhattan World Assumption: Regularities in Scene Statistics which Enable Bayesian Inference},
  volume = {13},
  year = {2000}
}

@inproceedings{crammer2000improved,
  address = {Denver, Colorado, USA},
  author = {Crammer, Koby and Singer, Yoram},
  booktitle = {Advances in Neural Information Processing Systems 13 (NIPS)},
  editor = {Leen, T. and Dietterich, T. and Tresp, V.},
  month = {November},
  note = {\url{https://proceedings.neurips.cc/paper_files/paper/2000/file/ecd62de20ea67e1c2d933d311b08178a-Paper.pdf}},
  openalex = {W2121420451},
  publisher = {MIT Press},
  series = {Conference Track Proceedings},
  title = {Improved Output Coding for Classification Using Continuous Relaxation},
  volume = {13},
  year = {2000}
}

@inproceedings{csató2000sparse,
  address = {Denver, Colorado, USA},
  author = {Csató, Lehel and Opper, Manfred},
  booktitle = {Advances in Neural Information Processing Systems 13 (NIPS)},
  editor = {T. Leen and T. Dietterich and V. Tresp},
  month = {November},
  note = {\url{https://proceedings.neurips.cc/paper_files/paper/2000/file/56f9f88906aebf4ad985aaec7fa01313-Paper.pdf}},
  openalex = {W2149842772},
  publisher = {MIT Press},
  series = {Conference Track Proceedings},
  title = {Sparse Representation for Gaussian Process Models},
  volume = {13},
  year = {2000}
}

@inproceedings{dayan2000competition,
  address = {Denver, Colorado, USA},
  author = {Dayan, Peter},
  booktitle = {Advances in Neural Information Processing Systems 13 (NIPS)},
  editor = {Leen, T. and Dietterich, T. and Tresp, V.},
  month = {November},
  note = {\url{https://proceedings.neurips.cc/paper_files/paper/2000/file/c91591a8d461c2869b9f535ded3e213e-Paper.pdf}},
  openalex = {W2121347745},
  publisher = {MIT Press},
  series = {Conference Track Proceedings},
  title = {Competition and Arbors in Ocular Dominance},
  volume = {13},
  year = {2000}
}

@inproceedings{dayan2000explaining,
  address = {Denver, Colorado, USA},
  author = {Dayan, Peter and Kakade, Sham M.},
  booktitle = {Advances in Neural Information Processing Systems 13 (NIPS)},
  editor = {Leen, T. and Dietterich, T. and Tresp, V.},
  month = {November},
  note = {\url{https://proceedings.neurips.cc/paper_files/paper/2000/file/eb1e78328c46506b46a4ac4a1e378b91-Paper.pdf}},
  openalex = {W2122925528},
  publisher = {MIT Press},
  series = {Conference Track Proceedings},
  title = {Explaining Away in Weight Space},
  volume = {13},
  year = {2000}
}

@inproceedings{dellaert2000feature,
  address = {Denver, Colorado, USA},
  author = {Dellaert, Frank and Seitz, Steven M. and Thrun, Sebastian and Thorpe, C.},
  booktitle = {Advances in Neural Information Processing Systems 13 (NIPS)},
  editor = {Leen, T. and Dietterich, T. and Tresp, V.},
  month = {November},
  note = {\url{https://proceedings.neurips.cc/paper_files/paper/2000/file/d7657583058394c828ee150fada65345-Paper.pdf}},
  openalex = {W2157635638},
  publisher = {MIT Press},
  series = {Conference Track Proceedings},
  title = {Feature Correspondence: A Markov Chain Monte Carlo Approach},
  volume = {13},
  year = {2000}
}

@inproceedings{deneve2000new,
  address = {Denver, Colorado, USA},
  author = {Denève, Sophie and Duhamel, Jean‐René and Pouget, Alexandre},
  booktitle = {Advances in Neural Information Processing Systems 13 (NIPS)},
  editor = {Leen, T. and Dietterich, T. and Tresp, V.},
  month = {November},
  note = {\url{https://proceedings.neurips.cc/paper_files/paper/2000/file/d757719ed7c2b66dd17dcee2a3cb29f4-Paper.pdf}},
  openalex = {W2114715177},
  publisher = {MIT Press},
  series = {Conference Track Proceedings},
  title = {A New Model of Spatial Representation in Multimodal Brain Areas},
  volume = {13},
  year = {2000}
}

@inproceedings{domeniconi2000adaptive,
  address = {Denver, Colorado, USA},
  author = {Domeniconi, Carlotta and Peng, Jing and Gunopulos, Dimitrios},
  booktitle = {Advances in Neural Information Processing Systems 13 (NIPS)},
  editor = {T. Leen and T. Dietterich and V. Tresp},
  month = {November},
  note = {\url{https://proceedings.neurips.cc/paper_files/paper/2000/file/7e9e346dc5fd268b49bf418523af8679-Paper.pdf}},
  openalex = {W2125834616},
  publisher = {MIT Press},
  series = {Conference Track Proceedings},
  title = {An Adaptive Metric Machine for Pattern Classification},
  volume = {13},
  year = {2000}
}

@inproceedings{downs2000high,
  address = {Denver, Colorado, USA},
  author = {Downs, Oliver B.},
  booktitle = {Advances in Neural Information Processing Systems 13 (NIPS)},
  editor = {T. Leen and T. Dietterich and V. Tresp},
  month = {November},
  note = {\url{https://proceedings.neurips.cc/paper_files/paper/2000/file/139f0874f2ded2e41b0393c4ac5644f7-Paper.pdf}},
  openalex = {W2133499455},
  publisher = {MIT Press},
  series = {Conference Track Proceedings},
  title = {High-temperature Expansions for Learning Models of Nonnegative Data},
  volume = {13},
  year = {2000}
}

@inproceedings{dugas2000incorporating,
  address = {Denver, Colorado, USA},
  author = {Dugas, Charles and Bengio, Yoshua and Bélisle, François and Nadeau, Claude and García, René},
  booktitle = {Advances in Neural Information Processing Systems 13 (NIPS)},
  editor = {T. Leen and T. Dietterich and V. Tresp},
  month = {November},
  note = {\url{https://proceedings.neurips.cc/paper_files/paper/2000/file/44968aece94f667e4095002d140b5896-Paper.pdf}},
  openalex = {W2168148636},
  publisher = {MIT Press},
  series = {Conference Track Proceedings},
  title = {Incorporating Second-Order Functional Knowledge for Better Option Pricing},
  volume = {13},
  year = {2000}
}

@inproceedings{edelman2000productive,
  address = {Denver, Colorado, USA},
  author = {Edelman, Shimon and Intrator, Nathan},
  booktitle = {Advances in Neural Information Processing Systems 13 (NIPS)},
  editor = {Leen, T. and Dietterich, T. and Tresp, V.},
  month = {November},
  note = {\url{https://proceedings.neurips.cc/paper_files/paper/2000/file/fface8385abbf94b4593a0ed53a0c70f-Paper.pdf}},
  openalex = {W2144712082},
  publisher = {MIT Press},
  series = {Conference Track Proceedings},
  title = {A Productive, Systematic Framework for the Representation of Visual Structure},
  volume = {13},
  year = {2000}
}

@inproceedings{elidan2000discovering,
  address = {Denver, Colorado, USA},
  author = {Elidan, Gal and Lotner, Noam and Friedman, Nir and Koller, Daphne},
  booktitle = {Advances in Neural Information Processing Systems 13 (NIPS)},
  editor = {T. Leen and T. Dietterich and V. Tresp},
  month = {November},
  note = {\url{https://proceedings.neurips.cc/paper_files/paper/2000/file/95e6834d0a3d99e9ea8811855ae9229d-Paper.pdf}},
  openalex = {W2103160678},
  publisher = {MIT Press},
  series = {Conference Track Proceedings},
  title = {Discovering Hidden Variables: A Structure-Based Approach},
  volume = {13},
  year = {2000}
}

@inproceedings{fairhall2000multiple,
  address = {Denver, Colorado, USA},
  author = {Fairhall, Adrienne L. and Lewen, Geoffrey D. and Bialek, William and Steveninck, Rob R. de Ruyter van},
  booktitle = {Advances in Neural Information Processing Systems 13 (NIPS)},
  editor = {T. Leen and T. Dietterich and V. Tresp},
  month = {November},
  note = {\url{https://proceedings.neurips.cc/paper_files/paper/2000/file/645098b086d2f9e1e0e939c27f9f2d6f-Paper.pdf}},
  openalex = {W2121654015},
  publisher = {MIT Press},
  series = {Conference Track Proceedings},
  title = {Multiple Timescales of Adaptation in a Neural Code},
  volume = {13},
  year = {2000}
}

@inproceedings{fisher2000learning,
  address = {Denver, Colorado, USA},
  author = {Fisher, John W. and Darrell, Trevor and Freeman, William T. and Viola, Paul},
  booktitle = {Advances in Neural Information Processing Systems 13 (NIPS)},
  editor = {T. Leen and T. Dietterich and V. Tresp},
  month = {November},
  note = {\url{https://proceedings.neurips.cc/paper_files/paper/2000/file/11f524c3fbfeeca4aa916edcb6b6392e-Paper.pdf}},
  openalex = {W2106488367},
  publisher = {MIT Press},
  series = {Conference Track Proceedings},
  title = {Learning Joint Statistical Models for Audio-Visual Fusion and Segregation},
  volume = {13},
  year = {2000}
}

@inproceedings{frey2000accumulator,
  address = {Denver, Colorado, USA},
  author = {Frey, Brendan J. and Kannan, Anitha},
  booktitle = {Advances in Neural Information Processing Systems 13 (NIPS)},
  editor = {T. Leen and T. Dietterich and V. Tresp},
  month = {November},
  note = {\url{https://proceedings.neurips.cc/paper_files/paper/2000/file/537de305e941fccdbba5627e3eefbb24-Paper.pdf}},
  openalex = {W2141144997},
  publisher = {MIT Press},
  series = {Conference Track Proceedings},
  title = {Accumulator Networks: Suitors of Local Probability Propagation},
  volume = {13},
  year = {2000}
}

@inproceedings{frey2000sequentially,
  address = {Denver, Colorado, USA},
  author = {Frey, Brendan J. and Patrascu, Relu and Jaakkola, Tommi and Moran, Jodi},
  booktitle = {Advances in Neural Information Processing Systems 13 (NIPS)},
  editor = {Leen, T. and Dietterich, T. and Tresp, V.},
  month = {November},
  note = {\url{https://proceedings.neurips.cc/paper_files/paper/2000/file/f0bbac6fa079f1e00b2c14c1d3c6ccf0-Paper.pdf}},
  openalex = {W2128547631},
  publisher = {MIT Press},
  series = {Conference Track Proceedings},
  title = {Sequentially Fitting ``Inclusive'' Trees for Inference in Noisy-OR Networks},
  volume = {13},
  year = {2000}
}

@inproceedings{gales2000factored,
  address = {Denver, Colorado, USA},
  author = {Gales, Mark},
  booktitle = {Advances in Neural Information Processing Systems 13 (NIPS)},
  editor = {Leen, T. and Dietterich, T. and Tresp, V.},
  month = {November},
  note = {\url{https://proceedings.neurips.cc/paper_files/paper/2000/file/fb8feff253bb6c834deb61ec76baa893-Paper.pdf}},
  openalex = {W2168958822},
  publisher = {MIT Press},
  series = {Conference Track Proceedings},
  title = {Factored Semi-Tied Covariance Matrices},
  volume = {13},
  year = {2000}
}

@inproceedings{gentile2000new,
  address = {Denver, Colorado, USA},
  author = {Gentile, Claudio},
  booktitle = {Advances in Neural Information Processing Systems 13 (NIPS)},
  editor = {Leen, T. and Dietterich, T. and Tresp, V.},
  month = {November},
  note = {\url{https://proceedings.neurips.cc/paper_files/paper/2000/file/d072677d210ac4c03ba046120f0802ec-Paper.pdf}},
  openalex = {W1762008180},
  publisher = {MIT Press},
  series = {Conference Track Proceedings},
  title = {A new approximate maximal margin classification algorithm},
  volume = {13},
  year = {2000}
}

@inproceedings{ghahramani2000propagation,
  address = {Denver, Colorado, USA},
  author = {Ghahramani, Zoubin and Beal, Matthew J.},
  booktitle = {Advances in Neural Information Processing Systems 13 (NIPS)},
  editor = {T. Leen and T. Dietterich and V. Tresp},
  month = {November},
  note = {\url{https://proceedings.neurips.cc/paper_files/paper/2000/file/77369e37b2aa1404f416275183ab055f-Paper.pdf}},
  openalex = {W2098084154},
  publisher = {MIT Press},
  series = {Conference Track Proceedings},
  title = {Propagation Algorithms for Variational Bayesian Learning},
  volume = {13},
  year = {2000}
}

@inproceedings{gordon2000reinforcement,
  address = {Denver, Colorado, USA},
  author = {Gordon, Geoffrey J.},
  booktitle = {Advances in Neural Information Processing Systems 13 (NIPS)},
  editor = {T. Leen and T. Dietterich and V. Tresp},
  month = {November},
  note = {\url{https://proceedings.neurips.cc/paper_files/paper/2000/file/04df4d434d481c5bb723be1b6df1ee65-Paper.pdf}},
  openalex = {W2137466452},
  publisher = {MIT Press},
  series = {Conference Track Proceedings},
  title = {Reinforcement Learning with Function Approximation Converges to a Region},
  volume = {13},
  year = {2000}
}

@inproceedings{graepel2000from,
  address = {Denver, Colorado, USA},
  author = {Graepel, Thore and Herbrich, Ralf and Williamson, Robert C.},
  booktitle = {Advances in Neural Information Processing Systems 13 (NIPS)},
  editor = {Leen, T. and Dietterich, T. and Tresp, V.},
  month = {November},
  note = {\url{https://proceedings.neurips.cc/paper_files/paper/2000/file/d305281faf947ca7acade9ad5c8c818c-Paper.pdf}},
  openalex = {W2098641446},
  publisher = {MIT Press},
  series = {Conference Track Proceedings},
  title = {From Margin to Sparsity},
  volume = {13},
  year = {2000}
}

@inproceedings{graepel2000kernel,
  address = {Denver, Colorado, USA},
  author = {Graepel, Thore and Herbrich, Ralf},
  booktitle = {Advances in Neural Information Processing Systems 13 (NIPS)},
  editor = {Leen, T. and Dietterich, T. and Tresp, V.},
  month = {November},
  note = {\url{https://proceedings.neurips.cc/paper_files/paper/2000/file/dc40b7120e77741d191c0d2b82cea7be-Paper.pdf}},
  openalex = {W2156622608},
  publisher = {MIT Press},
  series = {Conference Track Proceedings},
  title = {The Kernel Gibbs Sampler},
  volume = {13},
  year = {2000}
}

@inproceedings{gray2000,
  address = {Denver, Colorado, USA},
  author = {Gray, Alexander G. and Moore, Andrew},
  booktitle = {Advances in Neural Information Processing Systems 13 (NIPS)},
  editor = {T. Leen and T. Dietterich and V. Tresp},
  month = {November},
  note = {\url{https://proceedings.neurips.cc/paper_files/paper/2000/file/7385db9a3f11415bc0e9e2625fae3734-Paper.pdf}},
  openalex = {W2146558186},
  publisher = {MIT Press},
  series = {Conference Track Proceedings},
  title = {`N-Body' Problems in Statistical Learning},
  volume = {13},
  year = {2000}
}

@inproceedings{gray2000comparison,
  address = {Denver, Colorado, USA},
  author = {Gray, Michael S. and Sejnowski, Terrence J. and Movellan, Javier R.},
  booktitle = {Advances in Neural Information Processing Systems 13 (NIPS)},
  editor = {Leen, T. and Dietterich, T. and Tresp, V.},
  month = {November},
  note = {\url{https://proceedings.neurips.cc/paper_files/paper/2000/file/f31b20466ae89669f9741e047487eb37-Paper.pdf}},
  openalex = {W2151462654},
  publisher = {MIT Press},
  series = {Conference Track Proceedings},
  title = {A Comparison of Image Processing Techniques for Visual Speech Recognition Applications},
  volume = {13},
  year = {2000}
}

@inproceedings{grimes2000interplay,
  address = {Denver, Colorado, USA},
  author = {Grimes, David B. and Mozer, Michael C.},
  booktitle = {Advances in Neural Information Processing Systems 13 (NIPS)},
  editor = {T. Leen and T. Dietterich and V. Tresp},
  month = {November},
  note = {\url{https://proceedings.neurips.cc/paper_files/paper/2000/file/17c3433fecc21b57000debdf7ad5c930-Paper.pdf}},
  openalex = {W2138520983},
  publisher = {MIT Press},
  series = {Conference Track Proceedings},
  title = {The Interplay of Symbolic and Subsymbolic Processes in Anagram Problem Solving},
  volume = {13},
  year = {2000}
}

@inproceedings{hahnloser2000permitted,
  address = {Denver, Colorado, USA},
  author = {Hahnloser, Richard and Seung, H. Sebastian},
  booktitle = {Advances in Neural Information Processing Systems 13 (NIPS)},
  editor = {Leen, T. and Dietterich, T. and Tresp, V.},
  month = {November},
  note = {\url{https://proceedings.neurips.cc/paper_files/paper/2000/file/c8cbd669cfb2f016574e9d147092b5bb-Paper.pdf}},
  publisher = {MIT Press},
  series = {Conference Track Proceedings},
  title = {Permitted and Forbidden Sets in Symmetric Threshold-Linear Networks},
  volume = {13},
  year = {2000}
}

@inproceedings{hayton2000support,
  address = {Denver, Colorado, USA},
  author = {Hayton, Paul and Schölkopf, Bernhard and Tarassenko, Lionel and Anuzis, Paul},
  booktitle = {Advances in Neural Information Processing Systems 13 (NIPS)},
  editor = {T. Leen and T. Dietterich and V. Tresp},
  month = {November},
  note = {\url{https://proceedings.neurips.cc/paper_files/paper/2000/file/7302e3f5e7c072aea8801faf8a492be0-Paper.pdf}},
  openalex = {W2125951032},
  publisher = {MIT Press},
  series = {Conference Track Proceedings},
  title = {Support Vector Novelty Detection Applied to Jet Engine Vibration Spectra},
  volume = {13},
  year = {2000}
}

@inproceedings{herbrich2000large,
  address = {Denver, Colorado, USA},
  author = {Herbrich, Ralf and Graepel, Thore},
  booktitle = {Advances in Neural Information Processing Systems 13 (NIPS)},
  editor = {T. Leen and T. Dietterich and V. Tresp},
  month = {November},
  note = {\url{https://proceedings.neurips.cc/paper_files/paper/2000/file/333222170ab9edca4785c39f55221fe7-Paper.pdf}},
  openalex = {W2101416458},
  publisher = {MIT Press},
  series = {Conference Track Proceedings},
  title = {Large Scale Bayes Point Machines},
  volume = {13},
  year = {2000}
}

@inproceedings{herbrich2000pac,
  address = {Denver, Colorado, USA},
  author = {Herbrich, Ralf and Graepel, Thore},
  booktitle = {Advances in Neural Information Processing Systems 13 (NIPS)},
  editor = {T. Leen and T. Dietterich and V. Tresp},
  month = {November},
  note = {\url{https://proceedings.neurips.cc/paper_files/paper/2000/file/06a15eb1c3836723b53e4abca8d9b879-Paper.pdf}},
  openalex = {W2158388185},
  publisher = {MIT Press},
  series = {Conference Track Proceedings},
  title = {A PAC-Bayesian Margin Bound for Linear Classifiers: Why SVMs work},
  volume = {13},
  year = {2000}
}

@inproceedings{hernandezgardiol2000hierarchical,
  address = {Denver, Colorado, USA},
  author = {Hernandez-Gardiol, Natalia and Mahadevan, Sridhar},
  booktitle = {Advances in Neural Information Processing Systems 13 (NIPS)},
  editor = {T. Leen and T. Dietterich and V. Tresp},
  month = {November},
  note = {\url{https://proceedings.neurips.cc/paper_files/paper/2000/file/85f007f8c50dd25f5a45fca73cad64bd-Paper.pdf}},
  openalex = {W2153175335},
  publisher = {MIT Press},
  series = {Conference Track Proceedings},
  title = {Hierarchical Memory-Based Reinforcement Learning},
  volume = {13},
  year = {2000}
}

@inproceedings{ho2000ensemble,
  address = {Denver, Colorado, USA},
  author = {Højen-Sørensen, Pedro and Winther, Ole and Hansen, Lars},
  booktitle = {Advances in Neural Information Processing Systems 13 (NIPS)},
  editor = {Leen, T. and Dietterich, T. and Tresp, V.},
  month = {November},
  note = {\url{https://proceedings.neurips.cc/paper_files/paper/2000/file/d1e946f4e67db4b362ad23818a6fb78a-Paper.pdf}},
  publisher = {MIT Press},
  series = {Conference Track Proceedings},
  title = {Ensemble Learning and Linear Response Theory for ICA},
  volume = {13},
  year = {2000}
}

@inproceedings{hochreiter2000beyond,
  address = {Denver, Colorado, USA},
  author = {Hochreiter, Sepp and Mozer, Michael C.},
  booktitle = {Advances in Neural Information Processing Systems 13 (NIPS)},
  editor = {T. Leen and T. Dietterich and V. Tresp},
  month = {November},
  note = {\url{https://proceedings.neurips.cc/paper_files/paper/2000/file/6e79ed05baec2754e25b4eac73a332d2-Paper.pdf}},
  openalex = {W2143552366},
  publisher = {MIT Press},
  series = {Conference Track Proceedings},
  title = {Beyond Maximum Likelihood and Density Estimation: A Sample-Based Criterion for Unsupervised Learning of Complex Models},
  volume = {13},
  year = {2000}
}

@inproceedings{hsu2000silicon,
  address = {Denver, Colorado, USA},
  author = {Hsu, David and Figueroa, Miguel and Diorio, C.},
  booktitle = {Advances in Neural Information Processing Systems 13 (NIPS)},
  editor = {T. Leen and T. Dietterich and V. Tresp},
  month = {November},
  note = {\url{https://proceedings.neurips.cc/paper_files/paper/2000/file/73e0f7487b8e5297182c5a711d20bf26-Paper.pdf}},
  openalex = {W2104579226},
  publisher = {MIT Press},
  series = {Conference Track Proceedings},
  title = {A Silicon Primitive for Competitive Learning},
  volume = {13},
  year = {2000}
}

@inproceedings{jebara2000on,
  address = {Denver, Colorado, USA},
  author = {Jebara, Tony and Pentland, Alex},
  booktitle = {Advances in Neural Information Processing Systems 13 (NIPS)},
  editor = {T. Leen and T. Dietterich and V. Tresp},
  month = {November},
  note = {\url{https://proceedings.neurips.cc/paper_files/paper/2000/file/44a2e0804995faf8d2e3b084a1e2db1d-Paper.pdf}},
  openalex = {W2150032453},
  publisher = {MIT Press},
  series = {Conference Track Proceedings},
  title = {On Reversing Jensen's Inequality},
  volume = {13},
  year = {2000}
}

@inproceedings{jonsson2000automated,
  address = {Denver, Colorado, USA},
  author = {Jönsson, Anders and Barto, Andrew G.},
  booktitle = {Advances in Neural Information Processing Systems 13 (NIPS)},
  editor = {T. Leen and T. Dietterich and V. Tresp},
  month = {November},
  note = {\url{https://proceedings.neurips.cc/paper_files/paper/2000/file/596dedf4498e258e4bdc9fd70df9a859-Paper.pdf}},
  openalex = {W2107628283},
  publisher = {MIT Press},
  series = {Conference Track Proceedings},
  title = {Automated State Abstraction for Options using the U-Tree Algorithm},
  volume = {13},
  year = {2000}
}

@inproceedings{kakade2000dopamine,
  address = {Denver, Colorado, USA},
  author = {Kakade, Sham M. and Dayan, Peter},
  booktitle = {Advances in Neural Information Processing Systems 13 (NIPS)},
  editor = {T. Leen and T. Dietterich and V. Tresp},
  month = {November},
  note = {\url{https://proceedings.neurips.cc/paper_files/paper/2000/file/2f25f6e326adb93c5787175dda209ab6-Paper.pdf}},
  openalex = {W2114524506},
  publisher = {MIT Press},
  series = {Conference Track Proceedings},
  title = {Dopamine: generalization and bonuses},
  volume = {13},
  year = {2000}
}

@inproceedings{kappen2000second,
  address = {Denver, Colorado, USA},
  author = {Kappen, Hilbert J. and Wiegerinck, Wim},
  booktitle = {Advances in Neural Information Processing Systems 13 (NIPS)},
  editor = {T. Leen and T. Dietterich and V. Tresp},
  month = {November},
  note = {\url{https://proceedings.neurips.cc/paper_files/paper/2000/file/865dfbde8a344b44095495f3591f7407-Paper.pdf}},
  openalex = {W2139275499},
  publisher = {MIT Press},
  series = {Conference Track Proceedings},
  title = {Second Order Approximations for Probability Models},
  volume = {13},
  year = {2000}
}

@inproceedings{kjems2000generalizable,
  address = {Denver, Colorado, USA},
  author = {Kjems, Ulrik and Hansen, Lars and Strother, Stephen},
  booktitle = {Advances in Neural Information Processing Systems 13 (NIPS)},
  editor = {T. Leen and T. Dietterich and V. Tresp},
  month = {November},
  note = {\url{https://proceedings.neurips.cc/paper_files/paper/2000/file/b4568df26077653eeadf29596708c94b-Paper.pdf}},
  publisher = {MIT Press},
  series = {Conference Track Proceedings},
  title = {Generalizable Singular Value Decomposition for Ill-posed Datasets},
  volume = {13},
  year = {2000}
}

@inproceedings{koltchinskii2000some,
  address = {Denver, Colorado, USA},
  author = {Koltchinskii, Vladimir and Panchenko, Dmitriy and Lozano, Fernando},
  booktitle = {Advances in Neural Information Processing Systems 13 (NIPS)},
  editor = {T. Leen and T. Dietterich and V. Tresp},
  month = {November},
  note = {\url{https://proceedings.neurips.cc/paper_files/paper/2000/file/6be5336db2c119736cf48f475e051bfe-Paper.pdf}},
  openalex = {W2147433012},
  publisher = {MIT Press},
  series = {Conference Track Proceedings},
  title = {Some New Bounds on the Generalization Error of Combined Classifiers},
  volume = {13},
  year = {2000}
}

@inproceedings{kowalczyk2000sparsity,
  address = {Denver, Colorado, USA},
  author = {Kowalczyk, Adam},
  booktitle = {Advances in Neural Information Processing Systems 13 (NIPS)},
  editor = {Leen, T. and Dietterich, T. and Tresp, V.},
  month = {November},
  note = {\url{https://proceedings.neurips.cc/paper_files/paper/2000/file/c164bbc9d6c72a52c599bbb43d8db8e1-Paper.pdf}},
  openalex = {W2118966834},
  publisher = {MIT Press},
  series = {Conference Track Proceedings},
  title = {Sparsity of Data Representation of Optimal Kernel Machine and Leave-one-out Estimator},
  volume = {13},
  year = {2000}
}

@inproceedings{kristjansson2000keeping,
  address = {Denver, Colorado, USA},
  author = {Kristjansson, Trausti and Frey, Brendan J.},
  booktitle = {Advances in Neural Information Processing Systems 13 (NIPS)},
  editor = {Leen, T. and Dietterich, T. and Tresp, V.},
  month = {November},
  note = {\url{https://proceedings.neurips.cc/paper_files/paper/2000/file/dfce06801e1a85d6d06f1fdd4475dacd-Paper.pdf}},
  openalex = {W2123081750},
  publisher = {MIT Press},
  series = {Conference Track Proceedings},
  title = {Keeping Flexible Active Contours on Track using Metropolis Updates},
  volume = {13},
  year = {2000}
}

@inproceedings{kurino2000smart,
  address = {Denver, Colorado, USA},
  author = {Kurino, Hiroyuki and Nakagawa, M. and Lee, Kang and Nakamura, Tomonori and Yamada, Yuusuke and Park, Ki and Koyanagi, Mitsumasa},
  booktitle = {Advances in Neural Information Processing Systems 13 (NIPS)},
  editor = {Leen, T. and Dietterich, T. and Tresp, V.},
  month = {November},
  note = {\url{https://proceedings.neurips.cc/paper_files/paper/2000/file/ff7d0f525b3be596a51fb919492c099c-Paper.pdf}},
  publisher = {MIT Press},
  series = {Conference Track Proceedings},
  title = {Smart Vision Chip Fabricated Using Three Dimensional Integration Technology},
  volume = {13},
  year = {2000}
}

@inproceedings{káli2000hippocampally,
  address = {Denver, Colorado, USA},
  author = {Káli, Szabolcs and Dayan, Peter},
  booktitle = {Advances in Neural Information Processing Systems 13 (NIPS)},
  editor = {T. Leen and T. Dietterich and V. Tresp},
  month = {November},
  note = {\url{https://proceedings.neurips.cc/paper_files/paper/2000/file/57c0531e13f40b91b3b0f1a30b529a1d-Paper.pdf}},
  openalex = {W2146094102},
  publisher = {MIT Press},
  series = {Conference Track Proceedings},
  title = {Hippocampally-Dependent Consolidation in a Hierarchical Model of Neocortex},
  volume = {13},
  year = {2000}
}

@inproceedings{lee2000algorithms,
  address = {Denver, Colorado, USA},
  author = {Lee, Daniel D. and Seung, H. Sebastian},
  booktitle = {Advances in Neural Information Processing Systems 13 (NIPS)},
  editor = {Leen, T. and Dietterich, T. and Tresp, V.},
  month = {November},
  note = {\url{https://proceedings.neurips.cc/paper_files/paper/2000/file/f9d1152547c0bde01830b7e8bd60024c-Paper.pdf}},
  openalex = {W2135029798},
  publisher = {MIT Press},
  series = {Conference Track Proceedings},
  title = {Algorithms for Non-negative Matrix Factorization},
  volume = {13},
  year = {2000}
}

@inproceedings{lee2000color,
  address = {Denver, Colorado, USA},
  author = {Lee, Te-Won and Wächtler, Thomas and Sejnowski, Terrence J.},
  booktitle = {Advances in Neural Information Processing Systems 13 (NIPS)},
  editor = {T. Leen and T. Dietterich and V. Tresp},
  month = {November},
  note = {\url{https://proceedings.neurips.cc/paper_files/paper/2000/file/0609154fa35b3194026346c9cac2a248-Paper.pdf}},
  openalex = {W2132295526},
  publisher = {MIT Press},
  series = {Conference Track Proceedings},
  title = {Color Opponency Constitutes a Sparse Representation for the Chromatic Structure of Natural Scenes},
  volume = {13},
  year = {2000}
}

@inproceedings{legenstein2000foundations,
  address = {Denver, Colorado, USA},
  author = {Legenstein, Robert and Maass, Wolfgang},
  booktitle = {Advances in Neural Information Processing Systems 13 (NIPS)},
  editor = {T. Leen and T. Dietterich and V. Tresp},
  month = {November},
  note = {\url{https://proceedings.neurips.cc/paper_files/paper/2000/file/ab7314887865c4265e896c6e209d1cd6-Paper.pdf}},
  openalex = {W2146516813},
  publisher = {MIT Press},
  series = {Conference Track Proceedings},
  title = {Foundations for a Circuit Complexity Theory of Sensory Processing},
  volume = {13},
  year = {2000}
}

@inproceedings{leisink2000tighter,
  address = {Denver, Colorado, USA},
  author = {Leisink, Martijn and Kappen, Hilbert},
  booktitle = {Advances in Neural Information Processing Systems 13 (NIPS)},
  editor = {T. Leen and T. Dietterich and V. Tresp},
  month = {November},
  note = {\url{https://proceedings.neurips.cc/paper_files/paper/2000/file/07a4e20a7bbeeb7a736682b26b16ebe8-Paper.pdf}},
  publisher = {MIT Press},
  series = {Conference Track Proceedings},
  title = {A Tighter Bound for Graphical Models},
  volume = {13},
  year = {2000}
}

@inproceedings{li2000position,
  address = {Denver, Colorado, USA},
  author = {Zhaoping, Li and Dayan, Peter},
  booktitle = {Advances in Neural Information Processing Systems 13 (NIPS)},
  editor = {Leen, T. and Dietterich, T. and Tresp, V.},
  month = {November},
  note = {\url{https://proceedings.neurips.cc/paper_files/paper/2000/file/c45008212f7bdf6eab6050c2a564435a-Paper.pdf}},
  openalex = {W2105746095},
  publisher = {MIT Press},
  series = {Conference Track Proceedings},
  title = {Position Variance, Recurrence and Perceptual Learning},
  volume = {13},
  year = {2000}
}

@inproceedings{liu2000homeostasis,
  address = {Denver, Colorado, USA},
  author = {Liu, Shih-Chii and Minch, Bradley},
  booktitle = {Advances in Neural Information Processing Systems 13 (NIPS)},
  editor = {T. Leen and T. Dietterich and V. Tresp},
  month = {November},
  note = {\url{https://proceedings.neurips.cc/paper_files/paper/2000/file/414e773d5b7e5c06d564f594bf6384d0-Paper.pdf}},
  publisher = {MIT Press},
  series = {Conference Track Proceedings},
  title = {Homeostasis in a Silicon Integrate and Fire Neuron},
  volume = {13},
  year = {2000}
}

@inproceedings{lodhi2000text,
  address = {Denver, Colorado, USA},
  author = {Lodhi, Huma and Shawe‐Taylor, John and Cristianini, Nello and Watkins, Christopher J.},
  booktitle = {Advances in Neural Information Processing Systems 13 (NIPS)},
  editor = {T. Leen and T. Dietterich and V. Tresp},
  month = {November},
  note = {\url{https://proceedings.neurips.cc/paper_files/paper/2000/file/68c694de94e6c110f42e587e8e48d852-Paper.pdf}},
  openalex = {W2107425660},
  publisher = {MIT Press},
  series = {Conference Track Proceedings},
  title = {Text Classification using String Kernels},
  volume = {13},
  year = {2000}
}

@inproceedings{lu2000constrained,
  address = {Denver, Colorado, USA},
  author = {Lu, Wei and Rajapakse, Jagath C.},
  booktitle = {Advances in Neural Information Processing Systems 13 (NIPS)},
  editor = {T. Leen and T. Dietterich and V. Tresp},
  month = {November},
  note = {\url{https://proceedings.neurips.cc/paper_files/paper/2000/file/8d55a249e6baa5c06772297520da2051-Paper.pdf}},
  openalex = {W2171040552},
  publisher = {MIT Press},
  series = {Conference Track Proceedings},
  title = {Constrained Independent Component Analysis},
  volume = {13},
  year = {2000}
}

@inproceedings{malzahn2000learning,
  address = {Denver, Colorado, USA},
  author = {Malzahn, Dörthe and Opper, Manfred},
  booktitle = {Advances in Neural Information Processing Systems 13 (NIPS)},
  editor = {Leen, T. and Dietterich, T. and Tresp, V.},
  month = {November},
  note = {\url{https://proceedings.neurips.cc/paper_files/paper/2000/file/ed519dacc89b2bead3f453b0b05a4a8b-Paper.pdf}},
  openalex = {W2100538233},
  publisher = {MIT Press},
  series = {Conference Track Proceedings},
  title = {Learning Curves for Gaussian Processes Regression: A Framework for Good Approximations},
  volume = {13},
  year = {2000}
}

@inproceedings{mangasarian2000active,
  address = {Denver, Colorado, USA},
  author = {Mangasarian, O. L. and Musicant, David R.},
  booktitle = {Advances in Neural Information Processing Systems 13 (NIPS)},
  editor = {T. Leen and T. Dietterich and V. Tresp},
  month = {November},
  note = {\url{https://proceedings.neurips.cc/paper_files/paper/2000/file/b139e104214a08ae3f2ebcce149cdf6e-Paper.pdf}},
  openalex = {W2170720453},
  publisher = {MIT Press},
  series = {Conference Track Proceedings},
  title = {Active Support Vector Machine Classification},
  volume = {13},
  year = {2000}
}

@inproceedings{mannor2000weak,
  address = {Denver, Colorado, USA},
  author = {Mannor, Shie and Meir, Ron},
  booktitle = {Advances in Neural Information Processing Systems 13 (NIPS)},
  editor = {Leen, T. and Dietterich, T. and Tresp, V.},
  month = {November},
  note = {\url{https://proceedings.neurips.cc/paper_files/paper/2000/file/dea9ddb25cbf2352cf4dec30222a02a5-Paper.pdf}},
  openalex = {W2164303082},
  publisher = {MIT Press},
  series = {Conference Track Proceedings},
  title = {Weak Learners and Improved Rates of Convergence in Boosting},
  volume = {13},
  year = {2000}
}

@inproceedings{mayraz2000recognizing,
  address = {Denver, Colorado, USA},
  author = {Mayraz, Guy and Hinton, Geoffrey E.},
  booktitle = {Advances in Neural Information Processing Systems 13 (NIPS)},
  editor = {T. Leen and T. Dietterich and V. Tresp},
  month = {November},
  note = {\url{https://proceedings.neurips.cc/paper_files/paper/2000/file/1f1baa5b8edac74eb4eaa329f14a0361-Paper.pdf}},
  openalex = {W2097119693},
  publisher = {MIT Press},
  series = {Conference Track Proceedings},
  title = {Recognizing Hand-written Digits Using Hierarchical Products of Experts},
  volume = {13},
  year = {2000}
}

@inproceedings{meila2000learning,
  address = {Denver, Colorado, USA},
  author = {Meilă, Marina and Shi, Jianbo},
  booktitle = {Advances in Neural Information Processing Systems 13 (NIPS)},
  editor = {T. Leen and T. Dietterich and V. Tresp},
  month = {November},
  note = {\url{https://proceedings.neurips.cc/paper_files/paper/2000/file/069654d5ce089c13f642d19f09a3d1c0-Paper.pdf}},
  openalex = {W2171009857},
  publisher = {MIT Press},
  series = {Conference Track Proceedings},
  title = {Learning Segmentation by Random Walks},
  volume = {13},
  year = {2000}
}

@inproceedings{mika2000mathematical,
  address = {Denver, Colorado, USA},
  author = {Mika, Sebastian and Rätsch, Gunnar and Müller, Klaus‐Robert},
  booktitle = {Advances in Neural Information Processing Systems 13 (NIPS)},
  editor = {T. Leen and T. Dietterich and V. Tresp},
  month = {November},
  note = {\url{https://proceedings.neurips.cc/paper_files/paper/2000/file/29530de21430b7540ec3f65135f7323c-Paper.pdf}},
  openalex = {W2132890143},
  publisher = {MIT Press},
  series = {Conference Track Proceedings},
  title = {A Mathematical Programming Approach to the Kernel Fisher Algorithm},
  volume = {13},
  year = {2000}
}

@inproceedings{minka2000automatic,
  address = {Denver, Colorado, USA},
  author = {Minka, Thomas P.},
  booktitle = {Advances in Neural Information Processing Systems 13 (NIPS)},
  editor = {T. Leen and T. Dietterich and V. Tresp},
  month = {November},
  note = {\url{https://proceedings.neurips.cc/paper_files/paper/2000/file/7503cfacd12053d309b6bed5c89de212-Paper.pdf}},
  openalex = {W2133028937},
  publisher = {MIT Press},
  series = {Conference Track Proceedings},
  title = {Automatic Choice of Dimensionality for PCA},
  volume = {13},
  year = {2000}
}

@inproceedings{mizutani2000on,
  address = {Denver, Colorado, USA},
  author = {Mizutani, Eiji and Demmel, James},
  booktitle = {Advances in Neural Information Processing Systems 13 (NIPS)},
  editor = {T. Leen and T. Dietterich and V. Tresp},
  month = {November},
  note = {\url{https://proceedings.neurips.cc/paper_files/paper/2000/file/7ffd85d93a3e4de5c490d304ccd9f864-Paper.pdf}},
  openalex = {W2112135927},
  publisher = {MIT Press},
  series = {Conference Track Proceedings},
  title = {On Iterative Krylov-Dogleg Trust-Region Steps for Solving Neural Networks Nonlinear Least Squares Problems},
  volume = {13},
  year = {2000}
}

@inproceedings{moghaddam2000sex,
  address = {Denver, Colorado, USA},
  author = {Moghaddam, Baback and Yang, Ming–Hsuan},
  booktitle = {Advances in Neural Information Processing Systems 13 (NIPS)},
  editor = {T. Leen and T. Dietterich and V. Tresp},
  month = {November},
  note = {\url{https://proceedings.neurips.cc/paper_files/paper/2000/file/1e913e1b06ead0b66e30b6867bf63549-Paper.pdf}},
  openalex = {W2168237270},
  publisher = {MIT Press},
  series = {Conference Track Proceedings},
  title = {Sex with Support Vector Machines},
  volume = {13},
  year = {2000}
}

@inproceedings{morimoto2000robust,
  address = {Denver, Colorado, USA},
  author = {Morimoto, Jun and Doya, Kenji},
  booktitle = {Advances in Neural Information Processing Systems 13 (NIPS)},
  editor = {Leen, T. and Dietterich, T. and Tresp, V.},
  month = {November},
  note = {\url{https://proceedings.neurips.cc/paper_files/paper/2000/file/e8dfff4676a47048d6f0c4ef899593dd-Paper.pdf}},
  openalex = {W2105078254},
  publisher = {MIT Press},
  series = {Conference Track Proceedings},
  title = {Robust Reinforcement Learning},
  volume = {13},
  year = {2000}
}

@inproceedings{movellan2000partially,
  address = {Denver, Colorado, USA},
  author = {Movellan, Javier R. and Mineiro, Paul and Williams, Ruth},
  booktitle = {Advances in Neural Information Processing Systems 13 (NIPS)},
  editor = {Leen, T. and Dietterich, T. and Tresp, V.},
  month = {November},
  note = {\url{https://proceedings.neurips.cc/paper_files/paper/2000/file/f26dab9bf6a137c3b6782e562794c2f2-Paper.pdf}},
  openalex = {W2102432043},
  publisher = {MIT Press},
  series = {Conference Track Proceedings},
  title = {Partially Observable SDE Models for Image Sequence Recognition Tasks},
  volume = {13},
  year = {2000}
}

@inproceedings{myung2000use,
  address = {Denver, Colorado, USA},
  author = {Myung, In and Pitt, Mark and Zhang, Shaobo and Balasubramanian, Vijay},
  booktitle = {Advances in Neural Information Processing Systems 13 (NIPS)},
  editor = {T. Leen and T. Dietterich and V. Tresp},
  month = {November},
  note = {\url{https://proceedings.neurips.cc/paper_files/paper/2000/file/af3303f852abeccd793068486a391626-Paper.pdf}},
  publisher = {MIT Press},
  series = {Conference Track Proceedings},
  title = {The Use of MDL to Select among Computational Models of Cognition},
  volume = {13},
  year = {2000}
}

@inproceedings{naphade2000probabilistic,
  address = {Denver, Colorado, USA},
  author = {Naphade, Milind and Kozintsev, I. and Huang, Thomas S.},
  booktitle = {Advances in Neural Information Processing Systems 13 (NIPS)},
  editor = {T. Leen and T. Dietterich and V. Tresp},
  month = {November},
  note = {\url{https://proceedings.neurips.cc/paper_files/paper/2000/file/52d2752b150f9c35ccb6869cbf074e48-Paper.pdf}},
  openalex = {W2147573454},
  publisher = {MIT Press},
  series = {Conference Track Proceedings},
  title = {Probabilistic Semantic Video Indexing},
  volume = {13},
  year = {2000}
}

@inproceedings{natschlager2000finding,
  address = {Denver, Colorado, USA},
  author = {Natschläger, Thomas and Maass, Wolfgang},
  booktitle = {Advances in Neural Information Processing Systems 13 (NIPS)},
  editor = {Leen, T. and Dietterich, T. and Tresp, V.},
  month = {November},
  note = {\url{https://proceedings.neurips.cc/paper_files/paper/2000/file/f542eae1949358e25d8bfeefe5b199f1-Paper.pdf}},
  openalex = {W2115469135},
  publisher = {MIT Press},
  series = {Conference Track Proceedings},
  title = {Finding the Key to a Synapse},
  volume = {13},
  year = {2000}
}

@inproceedings{natschlager2000processing,
  address = {Denver, Colorado, USA},
  author = {Natschläger, Thomas and Maass, Wolfgang and Sontag, Eduardo D. and Zador, Anthony M.},
  booktitle = {Advances in Neural Information Processing Systems 13 (NIPS)},
  editor = {T. Leen and T. Dietterich and V. Tresp},
  month = {November},
  note = {\url{https://proceedings.neurips.cc/paper_files/paper/2000/file/944626adf9e3b76a3919b50dc0b080a4-Paper.pdf}},
  openalex = {W2161048147},
  publisher = {MIT Press},
  series = {Conference Track Proceedings},
  title = {Processing of Time Series by Neural Circuits with Biologically Realistic Synaptic Dynamics},
  volume = {13},
  year = {2000}
}

@inproceedings{nelson2000active,
  address = {Denver, Colorado, USA},
  author = {Nelson, Jonathan D. and Tenenbaum, Joshua B. and Movellan, Javier R.},
  booktitle = {Advances in Neural Information Processing Systems 13 (NIPS)},
  editor = {T. Leen and T. Dietterich and V. Tresp},
  month = {November},
  note = {\url{https://proceedings.neurips.cc/paper_files/paper/2000/file/15d185eaa7c954e77f5343d941e25fbd-Paper.pdf}},
  openalex = {W2625039335},
  publisher = {MIT Press},
  series = {Conference Track Proceedings},
  title = {Active inference in concept learning},
  volume = {13},
  year = {2000}
}

@inproceedings{nemenman2000learning,
  address = {Denver, Colorado, USA},
  author = {Nemenman, Ilya and Bialek, William},
  booktitle = {Advances in Neural Information Processing Systems 13 (NIPS)},
  editor = {Leen, T. and Dietterich, T. and Tresp, V.},
  month = {November},
  note = {\url{https://proceedings.neurips.cc/paper_files/paper/2000/file/f39ae9ff3a81f499230c4126e01f421b-Paper.pdf}},
  openalex = {W2962776596},
  publisher = {MIT Press},
  series = {Conference Track Proceedings},
  title = {Learning continuous distributions: Simulations with field theoretic priors},
  volume = {13},
  year = {2000}
}

@inproceedings{neskovic2000interactive,
  address = {Denver, Colorado, USA},
  author = {Neskovic, Predrag and Davis, Philip and Cooper, Leon N.},
  booktitle = {Advances in Neural Information Processing Systems 13 (NIPS)},
  editor = {Leen, T. and Dietterich, T. and Tresp, V.},
  month = {November},
  note = {\url{https://proceedings.neurips.cc/paper_files/paper/2000/file/d54e99a6c03704e95e6965532dec148b-Paper.pdf}},
  openalex = {W2139729036},
  publisher = {MIT Press},
  series = {Conference Track Proceedings},
  title = {Interactive Parts Model: An Application to Recognition of On-line Cursive Script},
  volume = {13},
  year = {2000}
}

@inproceedings{olshausen2000learning,
  address = {Denver, Colorado, USA},
  author = {Olshausen, Bruno A. and Sallee, Phil and Lewicki, Michael S.},
  booktitle = {Advances in Neural Information Processing Systems 13 (NIPS)},
  editor = {Leen, T. and Dietterich, T. and Tresp, V.},
  month = {November},
  note = {\url{https://proceedings.neurips.cc/paper_files/paper/2000/file/dc5d637ed5e62c36ecb73b654b05ba2a-Paper.pdf}},
  openalex = {W2102024628},
  publisher = {MIT Press},
  series = {Conference Track Proceedings},
  title = {Learning Sparse Image Codes using a Wavelet Pyramid Architecture},
  volume = {13},
  year = {2000}
}

@inproceedings{ormoneit2000kernel,
  address = {Denver, Colorado, USA},
  author = {Ormoneit, Dirk and Glynn, Peter W.},
  booktitle = {Advances in Neural Information Processing Systems 13 (NIPS)},
  editor = {Leen, T. and Dietterich, T. and Tresp, V.},
  month = {November},
  note = {\url{https://proceedings.neurips.cc/paper_files/paper/2000/file/cd63a3eec3319fd9c84c942a08316e00-Paper.pdf}},
  openalex = {W2101307636},
  publisher = {MIT Press},
  series = {Conference Track Proceedings},
  title = {Kernel-Based Reinforcement Learning in Average-Cost Problems: An Application to Optimal Portfolio Choice},
  volume = {13},
  year = {2000}
}

@inproceedings{ormoneit2000learning,
  address = {Denver, Colorado, USA},
  author = {Ormoneit, Dirk and Sidenbladh, Hedvig and Black, Michael J. and Hastie, Trevor},
  booktitle = {Advances in Neural Information Processing Systems 13 (NIPS)},
  editor = {T. Leen and T. Dietterich and V. Tresp},
  month = {November},
  note = {\url{https://proceedings.neurips.cc/paper_files/paper/2000/file/ad4cc1fb9b068faecfb70914acc63395-Paper.pdf}},
  openalex = {W2171165942},
  publisher = {MIT Press},
  series = {Conference Track Proceedings},
  title = {Learning and Tracking Cyclic Human Motion},
  volume = {13},
  year = {2000}
}

@inproceedings{parra2000higher,
  address = {Denver, Colorado, USA},
  author = {Parra, Lucas and Spence, Clay and Sajda, Paul},
  booktitle = {Advances in Neural Information Processing Systems 13 (NIPS)},
  editor = {T. Leen and T. Dietterich and V. Tresp},
  month = {November},
  note = {\url{https://proceedings.neurips.cc/paper_files/paper/2000/file/5103c3584b063c431bd1268e9b5e76fb-Paper.pdf}},
  publisher = {MIT Press},
  series = {Conference Track Proceedings},
  title = {Higher-Order Statistical Properties Arising from the Non-Stationarity of Natural Signals},
  volume = {13},
  year = {2000}
}

@inproceedings{pavlovic2000learning,
  address = {Denver, Colorado, USA},
  author = {Pavlović, Vladimir and Rehg, James M. and MacCormick, John},
  booktitle = {Advances in Neural Information Processing Systems 13 (NIPS)},
  editor = {Leen, T. and Dietterich, T. and Tresp, V.},
  month = {November},
  note = {\url{https://proceedings.neurips.cc/paper_files/paper/2000/file/ca460332316d6da84b08b9bcf39b687b-Paper.pdf}},
  openalex = {W2110935301},
  publisher = {MIT Press},
  series = {Conference Track Proceedings},
  title = {Learning Switching Linear Models of Human Motion},
  volume = {13},
  year = {2000}
}

@inproceedings{pedersen2000bayes,
  address = {Denver, Colorado, USA},
  author = {Pedersen, Liam and Apostolopoulos, D. and Whittaker, William},
  booktitle = {Advances in Neural Information Processing Systems 13 (NIPS)},
  editor = {T. Leen and T. Dietterich and V. Tresp},
  month = {November},
  note = {\url{https://proceedings.neurips.cc/paper_files/paper/2000/file/ac5dab2e99eee9cf9ec672e383691302-Paper.pdf}},
  openalex = {W2146997108},
  publisher = {MIT Press},
  series = {Conference Track Proceedings},
  title = {Bayes Networks on Ice: Robotic Search for Antarctic Meteorites},
  volume = {13},
  year = {2000}
}

@inproceedings{penev2000redundancy,
  address = {Denver, Colorado, USA},
  author = {Penev, Penio},
  booktitle = {Advances in Neural Information Processing Systems 13 (NIPS)},
  editor = {T. Leen and T. Dietterich and V. Tresp},
  month = {November},
  note = {\url{https://proceedings.neurips.cc/paper_files/paper/2000/file/052335232b11864986bb2fa20fa38748-Paper.pdf}},
  publisher = {MIT Press},
  series = {Conference Track Proceedings},
  title = {Redundancy and Dimensionality Reduction in Sparse-Distributed Representations of Natural Objects in Terms of Their Local Features},
  volume = {13},
  year = {2000}
}

@inproceedings{perezcruz2000fast,
  address = {Denver, Colorado, USA},
  author = {Pérez-Cruz, Fernando and Alarcón-Diana, Pedro and Navia-Vázquez, Angel and Artés-Rodríguez, Antonio},
  booktitle = {Advances in Neural Information Processing Systems 13 (NIPS)},
  editor = {T. Leen and T. Dietterich and V. Tresp},
  month = {November},
  note = {\url{https://proceedings.neurips.cc/paper_files/paper/2000/file/6ae07dcb33ec3b7c814df797cbda0f87-Paper.pdf}},
  publisher = {MIT Press},
  series = {Conference Track Proceedings},
  title = {Fast Training of Support Vector Classifiers},
  volume = {13},
  year = {2000}
}

@inproceedings{punyakanok2000use,
  address = {Denver, Colorado, USA},
  author = {Punyakanok, Vasin and Roth, Dan},
  booktitle = {Advances in Neural Information Processing Systems 13 (NIPS)},
  editor = {Leen, T. and Dietterich, T. and Tresp, V.},
  month = {November},
  note = {\url{https://proceedings.neurips.cc/paper_files/paper/2000/file/f4a4da9aa7eadfd23c7bdb7cf57b3112-Paper.pdf}},
  openalex = {W2161290181},
  publisher = {MIT Press},
  series = {Conference Track Proceedings},
  title = {The Use of Classifiers in Sequential Inference},
  volume = {13},
  year = {2000}
}

@inproceedings{rasmussen2000occam,
  address = {Denver, Colorado, USA},
  author = {Rasmussen, Carl Edward and Ghahramani, Zoubin},
  booktitle = {Advances in Neural Information Processing Systems 13 (NIPS)},
  editor = {T. Leen and T. Dietterich and V. Tresp},
  month = {November},
  note = {\url{https://proceedings.neurips.cc/paper_files/paper/2000/file/0950ca92a4dcf426067cfd2246bb5ff3-Paper.pdf}},
  openalex = {W2140251433},
  publisher = {MIT Press},
  series = {Conference Track Proceedings},
  title = {Occam's Razor},
  volume = {13},
  year = {2000}
}

@inproceedings{roweis2000one,
  address = {Denver, Colorado, USA},
  author = {Roweis, Sam T.},
  booktitle = {Advances in Neural Information Processing Systems 13 (NIPS)},
  editor = {Leen, T. and Dietterich, T. and Tresp, V.},
  month = {November},
  note = {\url{https://proceedings.neurips.cc/paper_files/paper/2000/file/d523773c6b194f37b938d340d5d02232-Paper.pdf}},
  openalex = {W2168793898},
  publisher = {MIT Press},
  series = {Conference Track Proceedings},
  title = {One Microphone Source Separation},
  volume = {13},
  year = {2000}
}

@inproceedings{sallans2000using,
  address = {Denver, Colorado, USA},
  author = {Sallans, Brian and Hinton, Geoffrey E.},
  booktitle = {Advances in Neural Information Processing Systems 13 (NIPS)},
  editor = {T. Leen and T. Dietterich and V. Tresp},
  month = {November},
  note = {\url{https://proceedings.neurips.cc/paper_files/paper/2000/file/2d1b2a5ff364606ff041650887723470-Paper.pdf}},
  openalex = {W2165235114},
  publisher = {MIT Press},
  series = {Conference Track Proceedings},
  title = {Using Free Energies to Represent Q-values in a Multiagent Reinforcement Learning Task},
  volume = {13},
  year = {2000}
}

@inproceedings{saon2000minimum,
  address = {Denver, Colorado, USA},
  author = {Saon, George and Padmanabhan, M.},
  booktitle = {Advances in Neural Information Processing Systems 13 (NIPS)},
  editor = {T. Leen and T. Dietterich and V. Tresp},
  month = {November},
  note = {\url{https://proceedings.neurips.cc/paper_files/paper/2000/file/59e0b2658e9f2e77f8d4d83f8d07ca84-Paper.pdf}},
  openalex = {W2163055872},
  publisher = {MIT Press},
  series = {Conference Track Proceedings},
  title = {Minimum Bayes Error Feature Selection for Continuous Speech Recognition},
  volume = {13},
  year = {2000}
}

@inproceedings{saul2000periodic,
  address = {Denver, Colorado, USA},
  author = {Saul, Lawrence K. and Allen, Jont B.},
  booktitle = {Advances in Neural Information Processing Systems 13 (NIPS)},
  editor = {Leen, T. and Dietterich, T. and Tresp, V.},
  month = {November},
  note = {\url{https://proceedings.neurips.cc/paper_files/paper/2000/file/f22e4747da1aa27e363d86d40ff442fe-Paper.pdf}},
  openalex = {W2123911240},
  publisher = {MIT Press},
  series = {Conference Track Proceedings},
  title = {Periodic Component Analysis: An Eigenvalue Method for Representing Periodic Structure in Speech},
  volume = {13},
  year = {2000}
}

@inproceedings{scarpetta2000spike,
  address = {Denver, Colorado, USA},
  author = {Scarpetta, Silvia and Zhaoping, Li and Hertz, John},
  booktitle = {Advances in Neural Information Processing Systems 13 (NIPS)},
  editor = {T. Leen and T. Dietterich and V. Tresp},
  month = {November},
  note = {\url{https://proceedings.neurips.cc/paper_files/paper/2000/file/4496bf24afe7fab6f046bf4923da8de6-Paper.pdf}},
  openalex = {W2139448833},
  publisher = {MIT Press},
  series = {Conference Track Proceedings},
  title = {Spike-Timing-Dependent Learning for Oscillatory Networks},
  volume = {13},
  year = {2000}
}

@inproceedings{schneidman2000universality,
  address = {Denver, Colorado, USA},
  author = {Schneidman, Elad and Brenner, Naama and Tishby, Naftali and Steveninck, Robert R. de Ruyter van and Bialek, William},
  booktitle = {Advances in Neural Information Processing Systems 13 (NIPS)},
  editor = {T. Leen and T. Dietterich and V. Tresp},
  month = {November},
  note = {\url{https://proceedings.neurips.cc/paper_files/paper/2000/file/5fa9e41bfec0725742cc9d15ef594120-Paper.pdf}},
  openalex = {W2155760164},
  publisher = {MIT Press},
  series = {Conference Track Proceedings},
  title = {Universality and Individuality in a Neural Code},
  volume = {13},
  year = {2000}
}

@inproceedings{schodl2000machine,
  address = {Denver, Colorado, USA},
  author = {Schödl, Arno and Essa, Irfan},
  booktitle = {Advances in Neural Information Processing Systems 13 (NIPS)},
  editor = {T. Leen and T. Dietterich and V. Tresp},
  month = {November},
  note = {\url{https://proceedings.neurips.cc/paper_files/paper/2000/file/958adb57686c2fdec5796398de5f317a-Paper.pdf}},
  openalex = {W2128929330},
  publisher = {MIT Press},
  series = {Conference Track Proceedings},
  title = {Machine Learning for Video-Based Rendering},
  volume = {13},
  year = {2000}
}

@inproceedings{schwartz2000natural,
  address = {Denver, Colorado, USA},
  author = {Schwartz, Odelia and Simoncelli, Eero P.},
  booktitle = {Advances in Neural Information Processing Systems 13 (NIPS)},
  editor = {T. Leen and T. Dietterich and V. Tresp},
  month = {November},
  note = {\url{https://proceedings.neurips.cc/paper_files/paper/2000/file/96c5c28becf18e71190460a9955aa4d8-Paper.pdf}},
  openalex = {W2134367463},
  publisher = {MIT Press},
  series = {Conference Track Proceedings},
  title = {Natural Sound Statistics and Divisive Normalization in the Auditory System},
  volume = {13},
  year = {2000}
}

@inproceedings{schölkopf2000kernel,
  address = {Denver, Colorado, USA},
  author = {Schölkopf, Bernhard},
  booktitle = {Advances in Neural Information Processing Systems 13 (NIPS)},
  editor = {T. Leen and T. Dietterich and V. Tresp},
  month = {November},
  note = {\url{https://proceedings.neurips.cc/paper_files/paper/2000/file/4e87337f366f72daa424dae11df0538c-Paper.pdf}},
  openalex = {W2133324003},
  publisher = {MIT Press},
  series = {Conference Track Proceedings},
  title = {The Kernel Trick for Distances},
  volume = {13},
  year = {2000}
}

@inproceedings{shelton2000balancing,
  address = {Denver, Colorado, USA},
  author = {Shelton, Christian R.},
  booktitle = {Advances in Neural Information Processing Systems 13 (NIPS)},
  editor = {Leen, T. and Dietterich, T. and Tresp, V.},
  month = {November},
  note = {\url{https://proceedings.neurips.cc/paper_files/paper/2000/file/e0ab531ec312161511493b002f9be2ee-Paper.pdf}},
  openalex = {W2151726636},
  publisher = {MIT Press},
  series = {Conference Track Proceedings},
  title = {Balancing Multiple Sources of Reward in Reinforcement Learning},
  volume = {13},
  year = {2000}
}

@inproceedings{shriki2000information,
  address = {Denver, Colorado, USA},
  author = {Shriki, Oren and Sompolinsky, Haim and Lee, Daniel D.},
  booktitle = {Advances in Neural Information Processing Systems 13 (NIPS)},
  editor = {T. Leen and T. Dietterich and V. Tresp},
  month = {November},
  note = {\url{https://proceedings.neurips.cc/paper_files/paper/2000/file/09fb05dd477d4ae6479985ca56c5a12d-Paper.pdf}},
  openalex = {W2133087656},
  publisher = {MIT Press},
  series = {Conference Track Proceedings},
  title = {An Information Maximization Approach to Overcomplete and Recurrent Representations},
  volume = {13},
  year = {2000}
}

@inproceedings{slaney2000facesync,
  address = {Denver, Colorado, USA},
  author = {Slaney, Malcolm and Covell, Michele},
  booktitle = {Advances in Neural Information Processing Systems 13 (NIPS)},
  editor = {T. Leen and T. Dietterich and V. Tresp},
  month = {November},
  note = {\url{https://proceedings.neurips.cc/paper_files/paper/2000/file/9f6992966d4c363ea0162a056cb45fe5-Paper.pdf}},
  openalex = {W2100561338},
  publisher = {MIT Press},
  series = {Conference Track Proceedings},
  title = {FaceSync: A Linear Operator for Measuring Synchronization of Video Facial Images and Audio Tracks},
  volume = {13},
  year = {2000}
}

@inproceedings{smith2000early,
  address = {Denver, Colorado, USA},
  author = {Smith, Mark A. and Cottrell, Garrison W. and Anderson, Karen L.},
  booktitle = {Advances in Neural Information Processing Systems 13 (NIPS)},
  editor = {T. Leen and T. Dietterich and V. Tresp},
  month = {November},
  note = {\url{https://proceedings.neurips.cc/paper_files/paper/2000/file/90599c8fdd2f6e7a03ad173e2f535751-Paper.pdf}},
  openalex = {W2157833316},
  publisher = {MIT Press},
  series = {Conference Track Proceedings},
  title = {The Early Word Catches the Weights},
  volume = {13},
  year = {2000}
}

@inproceedings{smola2000regularization,
  address = {Denver, Colorado, USA},
  author = {Smola, Alex and Óvári, Zoltán L. and Williamson, Robert C.},
  booktitle = {Advances in Neural Information Processing Systems 13 (NIPS)},
  editor = {Leen, T. and Dietterich, T. and Tresp, V.},
  month = {November},
  note = {\url{https://proceedings.neurips.cc/paper_files/paper/2000/file/d25414405eb37dae1c14b18d6a2cac34-Paper.pdf}},
  openalex = {W2139999468},
  publisher = {MIT Press},
  series = {Conference Track Proceedings},
  title = {Regularization with Dot-Product Kernels},
  volume = {13},
  year = {2000}
}

@inproceedings{smola2000sparse,
  address = {Denver, Colorado, USA},
  author = {Smola, Alex and Bartlett, Peter L.},
  booktitle = {Advances in Neural Information Processing Systems 13 (NIPS)},
  editor = {T. Leen and T. Dietterich and V. Tresp},
  month = {November},
  note = {\url{https://proceedings.neurips.cc/paper_files/paper/2000/file/3214a6d842cc69597f9edf26df552e43-Paper.pdf}},
  openalex = {W2123687908},
  publisher = {MIT Press},
  series = {Conference Track Proceedings},
  title = {Sparse Greedy Gaussian Process Regression},
  volume = {13},
  year = {2000}
}

@inproceedings{staubin2000apricodd,
  address = {Denver, Colorado, USA},
  author = {St‐Aubin, Robert and Hoey, Jesse and Boutilier, Craig},
  booktitle = {Advances in Neural Information Processing Systems 13 (NIPS)},
  editor = {T. Leen and T. Dietterich and V. Tresp},
  month = {November},
  note = {\url{https://proceedings.neurips.cc/paper_files/paper/2000/file/201d7288b4c18a679e48b31c72c30ded-Paper.pdf}},
  openalex = {W2120406836},
  publisher = {MIT Press},
  series = {Conference Track Proceedings},
  title = {APRICODD: Approximate Policy Construction Using Decision Diagrams},
  volume = {13},
  year = {2000}
}

@inproceedings{still2000four,
  address = {Denver, Colorado, USA},
  author = {Still, Susanne and Schölkopf, Bernhard and Hepp, K. and Douglas, Rodney J.},
  booktitle = {Advances in Neural Information Processing Systems 13 (NIPS)},
  editor = {T. Leen and T. Dietterich and V. Tresp},
  month = {November},
  note = {\url{https://proceedings.neurips.cc/paper_files/paper/2000/file/2647c1dba23bc0e0f9cdf75339e120d2-Paper.pdf}},
  openalex = {W2101853778},
  publisher = {MIT Press},
  series = {Conference Track Proceedings},
  title = {Four-legged Walking Gait Control Using a Neuromorphic Chip Interfaced to a Support Vector Learning Algorithm},
  volume = {13},
  year = {2000}
}

@inproceedings{szummer2000kernel,
  address = {Denver, Colorado, USA},
  author = {Szummer, Martin and Jaakkola, Tommi},
  booktitle = {Advances in Neural Information Processing Systems 13 (NIPS)},
  editor = {T. Leen and T. Dietterich and V. Tresp},
  month = {November},
  note = {\url{https://proceedings.neurips.cc/paper_files/paper/2000/file/5bce843dd76db8c939d5323dd3e54ec9-Paper.pdf}},
  openalex = {W2120720283},
  publisher = {MIT Press},
  series = {Conference Track Proceedings},
  title = {Kernel Expansions with Unlabeled Examples},
  volume = {13},
  year = {2000}
}

@inproceedings{tanaka2000analysis,
  address = {Denver, Colorado, USA},
  author = {Tanaka, Toshiyuki},
  booktitle = {Advances in Neural Information Processing Systems 13 (NIPS)},
  editor = {Leen, T. and Dietterich, T. and Tresp, V.},
  month = {November},
  note = {\url{https://proceedings.neurips.cc/paper_files/paper/2000/file/e5b294b70c9647dcf804d7baa1903918-Paper.pdf}},
  openalex = {W2153135682},
  publisher = {MIT Press},
  series = {Conference Track Proceedings},
  title = {Analysis of Bit Error Probability of Direct-Sequence CDMA Multiuser Demodulators},
  volume = {13},
  year = {2000}
}

@inproceedings{tchorz2000noise,
  address = {Denver, Colorado, USA},
  author = {Tchorz, Jürgen and Kleinschmidt, Michael and Kollmeier, Birger},
  booktitle = {Advances in Neural Information Processing Systems 13 (NIPS)},
  editor = {Leen, T. and Dietterich, T. and Tresp, V.},
  month = {November},
  note = {\url{https://proceedings.neurips.cc/paper_files/paper/2000/file/fc4ddc15f9f4b4b06ef7844d6bb53abf-Paper.pdf}},
  openalex = {W2167423898},
  publisher = {MIT Press},
  series = {Conference Track Proceedings},
  title = {Noise Suppression Based on Neurophysiologically-motivated SNR Estimation for Robust Speech Recognition},
  volume = {13},
  year = {2000}
}

@inproceedings{teh2000rate,
  address = {Denver, Colorado, USA},
  author = {Teh, Yee Whye and Hinton, Geoffrey E.},
  booktitle = {Advances in Neural Information Processing Systems 13 (NIPS)},
  editor = {Leen, T. and Dietterich, T. and Tresp, V.},
  month = {November},
  note = {\url{https://proceedings.neurips.cc/paper_files/paper/2000/file/c366c2c97d47b02b24c3ecade4c40a01-Paper.pdf}},
  openalex = {W2114153178},
  publisher = {MIT Press},
  series = {Conference Track Proceedings},
  title = {Rate-coded Restricted Boltzmann Machines for Face Recognition},
  volume = {13},
  year = {2000}
}

@inproceedings{tenenbaum2000structure,
  address = {Denver, Colorado, USA},
  author = {Tenenbaum, Joshua B. and Griffiths, Thomas L.},
  booktitle = {Advances in Neural Information Processing Systems 13 (NIPS)},
  editor = {T. Leen and T. Dietterich and V. Tresp},
  month = {November},
  note = {\url{https://proceedings.neurips.cc/paper_files/paper/2000/file/59bcda7c438bad7d2afffe9e2fed00be-Paper.pdf}},
  openalex = {W2154521990},
  publisher = {MIT Press},
  series = {Conference Track Proceedings},
  title = {Structure Learning in Human Causal Induction},
  volume = {13},
  year = {2000}
}

@inproceedings{tipping2000sparse,
  address = {Denver, Colorado, USA},
  author = {Tipping, Michael E.},
  booktitle = {Advances in Neural Information Processing Systems 13 (NIPS)},
  editor = {T. Leen and T. Dietterich and V. Tresp},
  month = {November},
  note = {\url{https://proceedings.neurips.cc/paper_files/paper/2000/file/bf201d5407a6509fa536afc4b380577e-Paper.pdf}},
  openalex = {W2119388857},
  publisher = {MIT Press},
  series = {Conference Track Proceedings},
  title = {Sparse Kernel Principal Component Analysis},
  volume = {13},
  year = {2000}
}

@inproceedings{tishby2000data,
  address = {Denver, Colorado, USA},
  author = {Tishby, Naftali and Slonim, Noam},
  booktitle = {Advances in Neural Information Processing Systems 13 (NIPS)},
  editor = {Leen, T. and Dietterich, T. and Tresp, V.},
  month = {November},
  note = {\url{https://proceedings.neurips.cc/paper_files/paper/2000/file/e06f967fb0d355592be4e7674fa31d26-Paper.pdf}},
  openalex = {W2127086485},
  publisher = {MIT Press},
  series = {Conference Track Proceedings},
  title = {Data Clustering by Markovian Relaxation and the Information Bottleneck Method},
  volume = {13},
  year = {2000}
}

@inproceedings{tjan2000adaptive,
  address = {Denver, Colorado, USA},
  author = {Tjan, Bosco S.},
  booktitle = {Advances in Neural Information Processing Systems 13 (NIPS)},
  editor = {T. Leen and T. Dietterich and V. Tresp},
  month = {November},
  note = {\url{https://proceedings.neurips.cc/paper_files/paper/2000/file/68148596109e38cf9367d27875e185be-Paper.pdf}},
  openalex = {W2110541775},
  publisher = {MIT Press},
  series = {Conference Track Proceedings},
  title = {Adaptive Object Representation with Hierarchically-Distributed Memory Sites},
  volume = {13},
  year = {2000}
}

@inproceedings{tong2000active,
  address = {Denver, Colorado, USA},
  author = {Tong, Simon and Koller, Daphne},
  booktitle = {Advances in Neural Information Processing Systems 13 (NIPS)},
  editor = {T. Leen and T. Dietterich and V. Tresp},
  month = {November},
  note = {\url{https://proceedings.neurips.cc/paper_files/paper/2000/file/0731460a8a5ce1626210cbf4385ae0ef-Paper.pdf}},
  openalex = {W2121615264},
  publisher = {MIT Press},
  series = {Conference Track Proceedings},
  title = {Active Learning for Parameter Estimation in Bayesian Networks},
  volume = {13},
  year = {2000}
}

@inproceedings{tresp2000mixtures,
  address = {Denver, Colorado, USA},
  author = {Tresp, Volker},
  booktitle = {Advances in Neural Information Processing Systems 13 (NIPS)},
  editor = {T. Leen and T. Dietterich and V. Tresp},
  month = {November},
  note = {\url{https://proceedings.neurips.cc/paper_files/paper/2000/file/9fdb62f932adf55af2c0e09e55861964-Paper.pdf}},
  openalex = {W2130031702},
  publisher = {MIT Press},
  series = {Conference Track Proceedings},
  title = {Mixtures of Gaussian Processes},
  volume = {13},
  year = {2000}
}

@inproceedings{van2000unscented,
  address = {Denver, Colorado, USA},
  author = {van der Merwe, Rudolph and Doucet, Arnaud and de Freitas, Nando and Wan, Eric},
  booktitle = {Advances in Neural Information Processing Systems 13 (NIPS)},
  editor = {Leen, T. and Dietterich, T. and Tresp, V.},
  month = {November},
  note = {\url{https://proceedings.neurips.cc/paper_files/paper/2000/file/f5c3dd7514bf620a1b85450d2ae374b1-Paper.pdf}},
  publisher = {MIT Press},
  series = {Conference Track Proceedings},
  title = {The Unscented Particle Filter},
  volume = {13},
  year = {2000}
}

@inproceedings{van2000whence,
  address = {Denver, Colorado, USA},
  author = {Vreeswijk, Carl van},
  booktitle = {Advances in Neural Information Processing Systems 13 (NIPS)},
  editor = {Leen, T. and Dietterich, T. and Tresp, V.},
  month = {November},
  note = {\url{https://proceedings.neurips.cc/paper_files/paper/2000/file/f0fcf351df4eb6786e9bb6fc4e2dee02-Paper.pdf}},
  openalex = {W2294853626},
  publisher = {MIT Press},
  series = {Conference Track Proceedings},
  title = {Whence Sparseness},
  volume = {13},
  year = {2000}
}

@inproceedings{vasconcelos2000bayesian,
  address = {Denver, Colorado, USA},
  author = {Vasconcelos, Nuno and Lippman, Andrew},
  booktitle = {Advances in Neural Information Processing Systems 13 (NIPS)},
  editor = {T. Leen and T. Dietterich and V. Tresp},
  month = {November},
  note = {\url{https://proceedings.neurips.cc/paper_files/paper/2000/file/5b6ba13f79129a74a3e819b78e36b922-Paper.pdf}},
  openalex = {W2100128635},
  publisher = {MIT Press},
  series = {Conference Track Proceedings},
  title = {Bayesian Video Shot Segmentation},
  volume = {13},
  year = {2000}
}

@inproceedings{vicente2000error,
  address = {Denver, Colorado, USA},
  author = {Vicente, Renato and Saad, David and Kabashima, Yoshiyuki},
  booktitle = {Advances in Neural Information Processing Systems 13 (NIPS)},
  editor = {T. Leen and T. Dietterich and V. Tresp},
  month = {November},
  note = {\url{https://proceedings.neurips.cc/paper_files/paper/2000/file/3fab5890d8113d0b5a4178201dc842ad-Paper.pdf}},
  openalex = {W2149043643},
  publisher = {MIT Press},
  series = {Conference Track Proceedings},
  title = {Error-correcting Codes on a Bethe-like Lattice},
  volume = {13},
  year = {2000}
}

@inproceedings{wainwright2000tree,
  address = {Denver, Colorado, USA},
  author = {Wainwright, Martin J. and Sudderth, Erik B. and Willsky, Alan S.},
  booktitle = {Advances in Neural Information Processing Systems 13 (NIPS)},
  editor = {T. Leen and T. Dietterich and V. Tresp},
  month = {November},
  note = {\url{https://proceedings.neurips.cc/paper_files/paper/2000/file/a3545bd79d31f9a72d3a78690adf73fc-Paper.pdf}},
  openalex = {W2161023163},
  publisher = {MIT Press},
  series = {Conference Track Proceedings},
  title = {Tree-Based Modeling and Estimation of Gaussian Processes on Graphs with Cycles},
  volume = {13},
  year = {2000}
}

@inproceedings{watanabe2000algebraic,
  address = {Denver, Colorado, USA},
  author = {Watanabe, Sumio},
  booktitle = {Advances in Neural Information Processing Systems 13 (NIPS)},
  editor = {Leen, T. and Dietterich, T. and Tresp, V.},
  month = {November},
  note = {\url{https://proceedings.neurips.cc/paper_files/paper/2000/file/f442d33fa06832082290ad8544a8da27-Paper.pdf}},
  openalex = {W2133370198},
  publisher = {MIT Press},
  series = {Conference Track Proceedings},
  title = {Algebraic Information Geometry for Learning Machines with Singularities},
  volume = {13},
  year = {2000}
}

@inproceedings{weston2000feature,
  address = {Denver, Colorado, USA},
  author = {Weston, Jason and Mukherjee, Sayan and Chapelle, Olivier and Pontil, Massimiliano and Poggio, Tomaso and Vapnik, Vladimir},
  booktitle = {Advances in Neural Information Processing Systems 13 (NIPS)},
  editor = {T. Leen and T. Dietterich and V. Tresp},
  month = {November},
  note = {\url{https://proceedings.neurips.cc/paper_files/paper/2000/file/8c3039bd5842dca3d944faab91447818-Paper.pdf}},
  openalex = {W2097839764},
  publisher = {MIT Press},
  series = {Conference Track Proceedings},
  title = {Feature Selection for SVMs},
  volume = {13},
  year = {2000}
}

@inproceedings{williams2000on,
  address = {Denver, Colorado, USA},
  author = {Williams, Christopher},
  booktitle = {Advances in Neural Information Processing Systems 13 (NIPS)},
  editor = {Leen, T. and Dietterich, T. and Tresp, V.},
  month = {November},
  note = {\url{https://proceedings.neurips.cc/paper_files/paper/2000/file/d4b2aeb2453bdadaa45cbe9882ffefcf-Paper.pdf}},
  publisher = {MIT Press},
  series = {Conference Track Proceedings},
  title = {On a Connection between Kernel PCA and Metric Multidimensional Scaling},
  volume = {13},
  year = {2000}
}

@inproceedings{williams2000using,
  address = {Denver, Colorado, USA},
  author = {Williams, Christopher K. I. and Seeger, Matthias},
  booktitle = {Advances in Neural Information Processing Systems 13 (NIPS)},
  editor = {T. Leen and T. Dietterich and V. Tresp},
  month = {November},
  note = {\url{https://proceedings.neurips.cc/paper_files/paper/2000/file/19de10adbaa1b2ee13f77f679fa1483a-Paper.pdf}},
  openalex = {W2112545207},
  publisher = {MIT Press},
  series = {Conference Track Proceedings},
  title = {Using the Nyström Method to Speed Up Kernel Machines},
  volume = {13},
  year = {2000}
}

@inproceedings{winther2000computing,
  address = {Denver, Colorado, USA},
  author = {Winther, Ole},
  booktitle = {Advances in Neural Information Processing Systems 13 (NIPS)},
  editor = {T. Leen and T. Dietterich and V. Tresp},
  month = {November},
  note = {\url{https://proceedings.neurips.cc/paper_files/paper/2000/file/8562ae5e286544710b2e7ebe9858833b-Paper.pdf}},
  openalex = {W2134214176},
  publisher = {MIT Press},
  series = {Conference Track Proceedings},
  title = {Computing with Finite and Infinite Networks},
  volume = {13},
  year = {2000}
}

@inproceedings{wong2000stagewise,
  address = {Denver, Colorado, USA},
  author = {Wong, K. Y. Michael and Nishimori, Hidetoshi},
  booktitle = {Advances in Neural Information Processing Systems 13 (NIPS)},
  editor = {Leen, T. and Dietterich, T. and Tresp, V.},
  month = {November},
  note = {\url{https://proceedings.neurips.cc/paper_files/paper/2000/file/d7fd118e6f226a71b5f1ffe10efd0a78-Paper.pdf}},
  openalex = {W2112902274},
  publisher = {MIT Press},
  series = {Conference Track Proceedings},
  title = {Stagewise Processing in Error-correcting Codes and Image Restoration},
  volume = {13},
  year = {2000}
}

@inproceedings{xie2000learning,
  address = {Denver, Colorado, USA},
  author = {Xie, Xiaohui and Hahnloser, Richard and Seung, H. Sebastian},
  booktitle = {Advances in Neural Information Processing Systems 13 (NIPS)},
  editor = {T. Leen and T. Dietterich and V. Tresp},
  month = {November},
  note = {\url{https://proceedings.neurips.cc/paper_files/paper/2000/file/aa2a77371374094fe9e0bc1de3f94ed9-Paper.pdf}},
  publisher = {MIT Press},
  series = {Conference Track Proceedings},
  title = {Learning Winner-take-all Competition Between Groups of Neurons in Lateral Inhibitory Networks},
  volume = {13},
  year = {2000}
}

@inproceedings{yedidia2000generalized,
  address = {Denver, Colorado, USA},
  author = {Yedidia, Jonathan S. and Freeman, William T. and Weiss, Y.},
  booktitle = {Advances in Neural Information Processing Systems 13 (NIPS)},
  editor = {T. Leen and T. Dietterich and V. Tresp},
  month = {November},
  note = {\url{https://proceedings.neurips.cc/paper_files/paper/2000/file/61b1fb3f59e28c67f3925f3c79be81a1-Paper.pdf}},
  openalex = {W2169415915},
  publisher = {MIT Press},
  series = {Conference Track Proceedings},
  title = {Constructing Free-Energy Approximations and Generalized Belief Propagation Algorithms},
  volume = {13},
  year = {2000}
}

@inproceedings{zemel2000gradient,
  address = {Denver, Colorado, USA},
  author = {Zemel, Richard S. and Pitassi, Toniann},
  booktitle = {Advances in Neural Information Processing Systems 13 (NIPS)},
  editor = {T. Leen and T. Dietterich and V. Tresp},
  month = {November},
  note = {\url{https://proceedings.neurips.cc/paper_files/paper/2000/file/8d9fc2308c8f28d2a7d2f6f48801c705-Paper.pdf}},
  openalex = {W2100559472},
  publisher = {MIT Press},
  series = {Conference Track Proceedings},
  title = {A Gradient-Based Boosting Algorithm for Regression Problems},
  volume = {13},
  year = {2000}
}

@inproceedings{zenger2000divisive,
  address = {Denver, Colorado, USA},
  author = {Zenger, Barbara and Koch, Christof},
  booktitle = {Advances in Neural Information Processing Systems 13 (NIPS)},
  editor = {Leen, T. and Dietterich, T. and Tresp, V.},
  month = {November},
  note = {\url{https://proceedings.neurips.cc/paper_files/paper/2000/file/faacbcd5bf1d018912c116bf2783e9a1-Paper.pdf}},
  openalex = {W2151518221},
  publisher = {MIT Press},
  series = {Conference Track Proceedings},
  title = {Divisive and Subtractive Mask Effects: Linking Psychophysics and Biophysics},
  volume = {13},
  year = {2000}
}

@inproceedings{zhang2000convergence,
  address = {Denver, Colorado, USA},
  author = {Zhang, Tong},
  booktitle = {Advances in Neural Information Processing Systems 13 (NIPS)},
  editor = {T. Leen and T. Dietterich and V. Tresp},
  month = {November},
  note = {\url{https://proceedings.neurips.cc/paper_files/paper/2000/file/13168e6a2e6c84b4b7de9390c0ef5ec5-Paper.pdf}},
  openalex = {W2122789612},
  publisher = {MIT Press},
  series = {Conference Track Proceedings},
  title = {Convergence of Large Margin Separable Linear Classification},
  volume = {13},
  year = {2000}
}

@inproceedings{zhang2000regularized,
  address = {Denver, Colorado, USA},
  author = {Zhang, Tong},
  booktitle = {Advances in Neural Information Processing Systems 13 (NIPS)},
  editor = {T. Leen and T. Dietterich and V. Tresp},
  month = {November},
  note = {\url{https://proceedings.neurips.cc/paper_files/paper/2000/file/9a1de01f893e0d2551ecbb7ce4dc963e-Paper.pdf}},
  openalex = {W2150067374},
  publisher = {MIT Press},
  series = {Conference Track Proceedings},
  title = {Regularized Winnow Methods},
  volume = {13},
  year = {2000}
}
