@inproceedings{allender2002note,
  address = {Vancouver, British Columbia, Canada},
  author = {Allender, Eric and Arora, Sanjeev and Kearns, Michael and Moore, Cristopher and Russell, Alexander},
  booktitle = {Advances in Neural Information Processing Systems 15 (NIPS)},
  editor = {Becker, S. and Thrun, S. and Obermayer, K.},
  month = {December},
  note = {<https://proceedings.neurips.cc/paper_files/paper/2002/file/fd69dbe29f156a7ef876a40a94f65599-Paper.pdf>},
  openalex = {W2102406125},
  publisher = {MIT Press},
  series = {Conference Track Proceedings},
  title = {A Note on the Representational Incompatibility of Function Approximation and Factored Dynamics},
  volume = {15},
  year = {2002}
}

@inproceedings{altun2002discriminative,
  address = {Vancouver, British Columbia, Canada},
  author = {Altun, Yasemin and Hofmann, Thomas and Johnson, Mark},
  booktitle = {Advances in Neural Information Processing Systems 15 (NIPS)},
  editor = {S. Becker and S. Thrun and K. Obermayer},
  month = {December},
  note = {<https://proceedings.neurips.cc/paper_files/paper/2002/file/f7e0b956540676a129760a3eae309294-Paper.pdf>},
  openalex = {W2162186970},
  publisher = {MIT Press},
  series = {Conference Track Proceedings},
  title = {Discriminative Learning for Label Sequences via Boosting},
  volume = {15},
  year = {2002}
}

@inproceedings{andrews2002support,
  address = {Vancouver, British Columbia, Canada},
  author = {Andrews, Stuart and Tsochantaridis, Ioannis and Hofmann, Thomas},
  booktitle = {Advances in Neural Information Processing Systems 15 (NIPS)},
  editor = {Becker, S. and Thrun, S. and Obermayer, K.},
  month = {December},
  note = {<https://proceedings.neurips.cc/paper_files/paper/2002/file/3e6260b81898beacda3d16db379ed329-Paper.pdf>},
  openalex = {W2108745803},
  publisher = {MIT Press},
  series = {Conference Track Proceedings},
  title = {Support Vector Machines for Multiple-Instance Learning},
  volume = {15},
  year = {2002}
}

@inproceedings{atkeson2002nonparametric,
  address = {Vancouver, British Columbia, Canada},
  author = {Atkeson, Christopher and Morimoto, Jun},
  booktitle = {Advances in Neural Information Processing Systems 15 (NIPS)},
  editor = {Becker, S. and Thrun, S. and Obermayer, K.},
  month = {December},
  note = {<https://proceedings.neurips.cc/paper_files/paper/2002/file/01894d6f048493d2cacde3c579c315a3-Paper.pdf>},
  openalex = {W2138839127},
  publisher = {MIT Press},
  series = {Conference Track Proceedings},
  title = {Nonparametric Representation of Policies and Value Functions: A Trajectory-Based Approach},
  volume = {15},
  year = {2002}
}

@inproceedings{attias2002source,
  address = {Vancouver, British Columbia, Canada},
  author = {Attias, Hagai},
  booktitle = {Advances in Neural Information Processing Systems 15 (NIPS)},
  editor = {Becker, S. and Thrun, S. and Obermayer, K.},
  month = {December},
  note = {<https://proceedings.neurips.cc/paper_files/paper/2002/file/2952351097998ac1240cb2ab7333a3d2-Paper.pdf>},
  openalex = {W2125280635},
  publisher = {MIT Press},
  series = {Conference Track Proceedings},
  title = {Source Separation with a Sensor Array using Graphical Models and Subband Filtering},
  volume = {15},
  year = {2002}
}

@inproceedings{bach2002learning,
  address = {Vancouver, British Columbia, Canada},
  author = {Bach, Francis and Jordan, Michael},
  booktitle = {Advances in Neural Information Processing Systems 15 (NIPS)},
  editor = {Becker, S. and Thrun, S. and Obermayer, K.},
  month = {December},
  note = {<https://proceedings.neurips.cc/paper_files/paper/2002/file/5f6371c9126149517d9ba475def53139-Paper.pdf>},
  openalex = {W2157153931},
  publisher = {MIT Press},
  series = {Conference Track Proceedings},
  title = {Learning Graphical Models with Mercer Kernels},
  volume = {15},
  year = {2002}
}

@inproceedings{banerjee2002dynamical,
  address = {Vancouver, British Columbia, Canada},
  author = {Banerjee, Arunava and Pouget, Alexandre},
  booktitle = {Advances in Neural Information Processing Systems 15 (NIPS)},
  editor = {Becker, S. and Thrun, S. and Obermayer, K.},
  month = {December},
  note = {<https://proceedings.neurips.cc/paper_files/paper/2002/file/806fec5af7f5b48b8a31a003e171f3fb-Paper.pdf>},
  openalex = {W2121464248},
  publisher = {MIT Press},
  series = {Conference Track Proceedings},
  title = {Dynamical Constraints on Computing with Spike Timing in the Cortex},
  volume = {15},
  year = {2002}
}

@inproceedings{barber2002dynamic,
  address = {Vancouver, British Columbia, Canada},
  author = {Barber, David},
  booktitle = {Advances in Neural Information Processing Systems 15 (NIPS)},
  editor = {Becker, S. and Thrun, S. and Obermayer, K.},
  month = {December},
  note = {<https://proceedings.neurips.cc/paper_files/paper/2002/file/7cc532d783a7461f227a5da8ea80bfe1-Paper.pdf>},
  openalex = {W2154028006},
  publisher = {MIT Press},
  series = {Conference Track Proceedings},
  title = {Dynamic Bayesian Networks with Deterministic Latent Tables},
  volume = {15},
  year = {2002}
}

@inproceedings{barber2002learning,
  address = {Vancouver, British Columbia, Canada},
  author = {Barber, David},
  booktitle = {Advances in Neural Information Processing Systems 15 (NIPS)},
  editor = {Becker, S. and Thrun, S. and Obermayer, K.},
  month = {December},
  note = {<https://proceedings.neurips.cc/paper_files/paper/2002/file/619205da514e83f869515c782a328d3c-Paper.pdf>},
  openalex = {W2113249414},
  publisher = {MIT Press},
  series = {Conference Track Proceedings},
  title = {Learning in Spiking Neural Assemblies},
  volume = {15},
  year = {2002}
}

@inproceedings{bartlett2002prototype,
  address = {Vancouver, British Columbia, Canada},
  author = {Bartlett, M.S. and Littlewort, G.C. and Sejnowski, T.J. and Movellan, J.R.},
  booktitle = {Advances in Neural Information Processing Systems 15 (NIPS)},
  editor = {Becker, S. and Thrun, S. and Obermayer, K.},
  month = {December},
  note = {<https://proceedings.neurips.cc/paper_files/paper/2002/file/fe40fb944ee700392ed51bfe84dd4e3d-Paper.pdf>},
  openalex = {W2133775535},
  publisher = {MIT Press},
  series = {Conference Track Proceedings},
  title = {A Prototype for Automatic Recognition of Spontaneous Facial Actions},
  volume = {15},
  year = {2002}
}

@inproceedings{belkin2002using,
  address = {Vancouver, British Columbia, Canada},
  author = {Belkin, Mikhail and Niyogi, Partha},
  booktitle = {Advances in Neural Information Processing Systems 15 (NIPS)},
  editor = {Becker, S. and Thrun, S. and Obermayer, K.},
  month = {December},
  note = {<https://proceedings.neurips.cc/paper_files/paper/2002/file/f976b57bb9dd27aa2e7e7df2825893a6-Paper.pdf>},
  openalex = {W2502869113},
  publisher = {MIT Press},
  series = {Conference Track Proceedings},
  title = {Using Manifold Structure for Partially Labeled Classification},
  volume = {15},
  year = {2002}
}

@inproceedings{ben_reuven2002discriminative,
  address = {Vancouver, British Columbia, Canada},
  author = {Ben-Reuven, Ehud and Singer, Yoram},
  booktitle = {Advances in Neural Information Processing Systems 15 (NIPS)},
  editor = {Becker, S. and Thrun, S. and Obermayer, K.},
  month = {December},
  note = {<https://proceedings.neurips.cc/paper_files/paper/2002/file/350db081a661525235354dd3e19b8c05-Paper.pdf>},
  openalex = {W2158852496},
  publisher = {MIT Press},
  series = {Conference Track Proceedings},
  title = {Discriminative Binaural Sound Localization},
  volume = {15},
  year = {2002}
}

@inproceedings{bengio2002asynchronous,
  address = {Vancouver, British Columbia, Canada},
  author = {Bengio, Samy},
  booktitle = {Advances in Neural Information Processing Systems 15 (NIPS)},
  editor = {Becker, S. and Thrun, S. and Obermayer, K.},
  month = {December},
  note = {<https://proceedings.neurips.cc/paper_files/paper/2002/file/2b45c629e577731c4df84fc34f936a89-Paper.pdf>},
  openalex = {W2165759752},
  publisher = {MIT Press},
  series = {Conference Track Proceedings},
  title = {An Asynchronous Hidden Markov Model for Audio-Visual Speech Recognition},
  volume = {15},
  year = {2002}
}

@inproceedings{bethge2002binary,
  address = {Vancouver, British Columbia, Canada},
  author = {Bethge, Matthias and Rotermund, David and Pawelzik, Klaus},
  booktitle = {Advances in Neural Information Processing Systems 15 (NIPS)},
  editor = {S. Becker and S. Thrun and K. Obermayer},
  month = {December},
  note = {<https://proceedings.neurips.cc/paper_files/paper/2002/file/e45823afe1e5120cec11fc4c379a0c67-Paper.pdf>},
  openalex = {W2106012373},
  publisher = {MIT Press},
  series = {Conference Track Proceedings},
  title = {Binary Tuning is Optimal for Neural Rate Coding with High Temporal Resolution},
  volume = {15},
  year = {2002}
}

@inproceedings{bishop2002vibes,
  address = {Vancouver, British Columbia, Canada},
  author = {Bishop, Christopher and Spiegelhalter, David and Winn, John},
  booktitle = {Advances in Neural Information Processing Systems 15 (NIPS)},
  editor = {Becker, S. and Thrun, S. and Obermayer, K.},
  month = {December},
  note = {<https://proceedings.neurips.cc/paper_files/paper/2002/file/9978b7063e297d84bb2ac8e46c1c845f-Paper.pdf>},
  publisher = {MIT Press},
  series = {Conference Track Proceedings},
  title = {VIBES: A Variational Inference Engine for Bayesian Networks},
  volume = {15},
  year = {2002}
}

@inproceedings{bousquet2002on,
  address = {Vancouver, British Columbia, Canada},
  author = {Bousquet, Olivier and Herrmann, Daniel},
  booktitle = {Advances in Neural Information Processing Systems 15 (NIPS)},
  editor = {Becker, S. and Thrun, S. and Obermayer, K.},
  month = {December},
  note = {<https://proceedings.neurips.cc/paper_files/paper/2002/file/46a558d97954d0692411c861cf78ef79-Paper.pdf>},
  openalex = {W2123068691},
  publisher = {MIT Press},
  series = {Conference Track Proceedings},
  title = {On the Complexity of Learning the Kernel Matrix},
  volume = {15},
  year = {2002}
}

@inproceedings{brafman2002efficient,
  address = {Vancouver, British Columbia, Canada},
  author = {Brafman, Ronen and Tennenholtz, Moshe},
  booktitle = {Advances in Neural Information Processing Systems 15 (NIPS)},
  editor = {Becker, S. and Thrun, S. and Obermayer, K.},
  month = {December},
  note = {<https://proceedings.neurips.cc/paper_files/paper/2002/file/0d73a25092e5c1c9769a9f3255caa65a-Paper.pdf>},
  openalex = {W2012347046},
  publisher = {MIT Press},
  series = {Conference Track Proceedings},
  title = {Efficient Learning Equilibrium},
  volume = {15},
  year = {2002}
}

@inproceedings{brand2002charting,
  address = {Vancouver, British Columbia, Canada},
  author = {Brand, Matthew},
  booktitle = {Advances in Neural Information Processing Systems 15 (NIPS)},
  editor = {Becker, S. and Thrun, S. and Obermayer, K.},
  month = {December},
  note = {<https://proceedings.neurips.cc/paper_files/paper/2002/file/8929c70f8d710e412d38da624b21c3c8-Paper.pdf>},
  openalex = {W2112148214},
  publisher = {MIT Press},
  series = {Conference Track Proceedings},
  title = {Charting a Manifold},
  volume = {15},
  year = {2002}
}

@inproceedings{bray2002kernel,
  address = {Vancouver, British Columbia, Canada},
  author = {Bray, Alistair and Martinez, Dominique},
  booktitle = {Advances in Neural Information Processing Systems 15 (NIPS)},
  editor = {S. Becker and S. Thrun and K. Obermayer},
  month = {December},
  note = {<https://proceedings.neurips.cc/paper_files/paper/2002/file/db116b39f7a3ac5366079b1d9fe249a5-Paper.pdf>},
  openalex = {W2152582820},
  publisher = {MIT Press},
  series = {Conference Track Proceedings},
  title = {Kernel-Based Extraction of Slow Features: Complex Cells Learn Disparity and Translation Invariance from Natural Images},
  volume = {15},
  year = {2002}
}

@inproceedings{bridges2002field,
  address = {Vancouver, British Columbia, Canada},
  author = {Bridges, Seth and Figueroa, Miguel and Diorio, Chris and Hsu, David},
  booktitle = {Advances in Neural Information Processing Systems 15 (NIPS)},
  editor = {Becker, S. and Thrun, S. and Obermayer, K.},
  month = {December},
  note = {<https://proceedings.neurips.cc/paper_files/paper/2002/file/3dd9424294b0292b6e89ea2bba2e1144-Paper.pdf>},
  publisher = {MIT Press},
  series = {Conference Track Proceedings},
  title = {Field-Programmable Learning Arrays},
  volume = {15},
  year = {2002}
}

@inproceedings{brochu2002name,
  address = {Vancouver, British Columbia, Canada},
  author = {Brochu, Eric and de Freitas, Nando},
  booktitle = {Advances in Neural Information Processing Systems 15 (NIPS)},
  editor = {Becker, S. and Thrun, S. and Obermayer, K.},
  month = {December},
  note = {<https://proceedings.neurips.cc/paper_files/paper/2002/file/0233f3bb964cf325a30f8b1c2ed2da93-Paper.pdf>},
  openalex = {W2168706009},
  publisher = {MIT Press},
  series = {Conference Track Proceedings},
  title = {“Name That Song!” A Probabilistic Approach to Querying on Music and Text},
  volume = {15},
  year = {2002}
}

@inproceedings{candela2002incremental,
  address = {Vancouver, British Columbia, Canada},
  author = {Candela, Joaquin Quiñonero and Winther, Ole},
  booktitle = {Advances in Neural Information Processing Systems 15 (NIPS)},
  editor = {Becker, S. and Thrun, S. and Obermayer, K.},
  month = {December},
  note = {<https://proceedings.neurips.cc/paper_files/paper/2002/file/7bc1ec1d9c3426357e69acd5bf320061-Paper.pdf>},
  openalex = {W2099526299},
  publisher = {MIT Press},
  series = {Conference Track Proceedings},
  title = {Incremental Gaussian Processes},
  volume = {15},
  year = {2002}
}

@inproceedings{caputo2002to,
  address = {Vancouver, British Columbia, Canada},
  author = {Caputo, B. and Dorkó, Gy.},
  booktitle = {Advances in Neural Information Processing Systems 15 (NIPS)},
  editor = {Becker, S. and Thrun, S. and Obermayer, K.},
  month = {December},
  note = {<https://proceedings.neurips.cc/paper_files/paper/2002/file/b0df2270be9cb16c14537e5bc2f2d37b-Paper.pdf>},
  openalex = {W2156145178},
  publisher = {MIT Press},
  series = {Conference Track Proceedings},
  title = {How to Combine Color and Shape Information for 3D Object Recognition: Kernels do the Trick},
  volume = {15},
  year = {2002}
}

@inproceedings{carmona2002retinal,
  address = {Vancouver, British Columbia, Canada},
  author = {Carmona, R. and Jiménez-Garrido, F. and Dominguez-Castro, R. and Espejo, S. and Rodriguez-Vázquez, A.},
  booktitle = {Advances in Neural Information Processing Systems 15 (NIPS)},
  editor = {Becker, S. and Thrun, S. and Obermayer, K.},
  month = {December},
  note = {<https://proceedings.neurips.cc/paper_files/paper/2002/file/88a839f2f6f1427879fc33ee4acf4f66-Paper.pdf>},
  openalex = {W2106109392},
  publisher = {MIT Press},
  series = {Conference Track Proceedings},
  title = {Retinal Processing Emulation in a Programmable 2-Layer Analog Array Processor CMOS Chip},
  volume = {15},
  year = {2002}
}

@inproceedings{cesabianchi2002margin,
  address = {Vancouver, British Columbia, Canada},
  author = {Cesa-Bianchi, Nicolo and Conconi, Alex and Gentile, Claudio},
  booktitle = {Advances in Neural Information Processing Systems 15 (NIPS)},
  editor = {Becker, S. and Thrun, S. and Obermayer, K.},
  month = {December},
  note = {<https://proceedings.neurips.cc/paper_files/paper/2002/file/1e8c391abfde9abea82d75a2d60278d4-Paper.pdf>},
  openalex = {W2111088581},
  publisher = {MIT Press},
  series = {Conference Track Proceedings},
  title = {Margin-Based Algorithms for Information Filtering},
  volume = {15},
  year = {2002}
}

@inproceedings{chakrabartty2002forward,
  address = {Vancouver, British Columbia, Canada},
  author = {Chakrabartty, Shantanu and Cauwenberghs, Gert},
  booktitle = {Advances in Neural Information Processing Systems 15 (NIPS)},
  editor = {Becker, S. and Thrun, S. and Obermayer, K.},
  month = {December},
  note = {<https://proceedings.neurips.cc/paper_files/paper/2002/file/1a3f91fead97497b1a96d6104ad339f6-Paper.pdf>},
  openalex = {W2154387110},
  publisher = {MIT Press},
  series = {Conference Track Proceedings},
  title = {Forward-Decoding Kernel-Based Phone Recognition},
  volume = {15},
  year = {2002}
}

@inproceedings{chan2002handling,
  address = {Vancouver, British Columbia, Canada},
  author = {Chan, Kwokleung and Lee, Te-Won and Sejnowski, Terrence J},
  booktitle = {Advances in Neural Information Processing Systems 15 (NIPS)},
  editor = {Becker, S. and Thrun, S. and Obermayer, K.},
  month = {December},
  note = {<https://proceedings.neurips.cc/paper_files/paper/2002/file/4cb811134b9d39fc3104bd06ce75abad-Paper.pdf>},
  openalex = {W2103343629},
  publisher = {MIT Press},
  series = {Conference Track Proceedings},
  title = {Handling Missing Data with Variational Bayesian Learning of ICA},
  volume = {15},
  year = {2002}
}

@inproceedings{chapelle2002cluster,
  address = {Vancouver, British Columbia, Canada},
  author = {Chapelle, Olivier and Weston, Jason and Schölkopf, Bernhard},
  booktitle = {Advances in Neural Information Processing Systems 15 (NIPS)},
  editor = {S. Becker and S. Thrun and K. Obermayer},
  month = {December},
  note = {<https://proceedings.neurips.cc/paper_files/paper/2002/file/d6288499d0083cc34e60a077b7c4b3e1-Paper.pdf>},
  openalex = {W2113592823},
  publisher = {MIT Press},
  series = {Conference Track Proceedings},
  title = {Cluster Kernels for Semi-Supervised Learning},
  volume = {15},
  year = {2002}
}

@inproceedings{chechik2002extracting,
  address = {Vancouver, British Columbia, Canada},
  author = {Chechik, Gal and Tishby, Naftali},
  booktitle = {Advances in Neural Information Processing Systems 15 (NIPS)},
  editor = {Becker, S. and Thrun, S. and Obermayer, K.},
  month = {December},
  note = {<https://proceedings.neurips.cc/paper_files/paper/2002/file/04048aeca2c0f5d84639358008ed2ae7-Paper.pdf>},
  openalex = {W2098145033},
  publisher = {MIT Press},
  series = {Conference Track Proceedings},
  title = {Extracting Relevant Structures with Side Information},
  volume = {15},
  year = {2002}
}

@inproceedings{chennubhotla2002half,
  address = {Vancouver, British Columbia, Canada},
  author = {Chennubhotla, Chakra and Jepson, Allan},
  booktitle = {Advances in Neural Information Processing Systems 15 (NIPS)},
  editor = {Becker, S. and Thrun, S. and Obermayer, K.},
  month = {December},
  note = {<https://proceedings.neurips.cc/paper_files/paper/2002/file/2056d8c1dec3d12cbce646b348d189d1-Paper.pdf>},
  openalex = {W2134175065},
  publisher = {MIT Press},
  series = {Conference Track Proceedings},
  title = {Half-Lives of EigenFlows for Spectral Clustering},
  volume = {15},
  year = {2002}
}

@inproceedings{chklovskii2002branching,
  address = {Vancouver, British Columbia, Canada},
  author = {Chklovskii, Dmitri and Stepanyants, Armen},
  booktitle = {Advances in Neural Information Processing Systems 15 (NIPS)},
  editor = {Becker, S. and Thrun, S. and Obermayer, K.},
  month = {December},
  note = {<https://proceedings.neurips.cc/paper_files/paper/2002/file/66e8ba8216a1e152d72653d99a4f03ab-Paper.pdf>},
  openalex = {W2128418896},
  publisher = {MIT Press},
  series = {Conference Track Proceedings},
  title = {Branching Law for Axons},
  volume = {15},
  year = {2002}
}

@inproceedings{cohen2002improving,
  address = {Vancouver, British Columbia, Canada},
  author = {Cohen, William W},
  booktitle = {Advances in Neural Information Processing Systems 15 (NIPS)},
  editor = {Becker, S. and Thrun, S. and Obermayer, K.},
  month = {December},
  note = {<https://proceedings.neurips.cc/paper_files/paper/2002/file/98e6f17209029f4ae6dc9d88ec8eac2c-Paper.pdf>},
  openalex = {W2111689752},
  publisher = {MIT Press},
  series = {Conference Track Proceedings},
  title = {Improving a Page Classifier with Anchor Extraction and Link Analysis},
  volume = {15},
  year = {2002}
}

@inproceedings{cohn2002informed,
  address = {Vancouver, British Columbia, Canada},
  author = {Cohn, David},
  booktitle = {Advances in Neural Information Processing Systems 15 (NIPS)},
  editor = {S. Becker and S. Thrun and K. Obermayer},
  month = {December},
  note = {<https://proceedings.neurips.cc/paper_files/paper/2002/file/cdf1e288ca02272e717c9d5e4cb180bd-Paper.pdf>},
  openalex = {W2296604374},
  publisher = {MIT Press},
  series = {Conference Track Proceedings},
  title = {Informed Projections},
  volume = {15},
  year = {2002}
}

@inproceedings{cortes2002rational,
  address = {Vancouver, British Columbia, Canada},
  author = {Cortes, Corinna and Haffner, Patrick and Mohri, Mehryar},
  booktitle = {Advances in Neural Information Processing Systems 15 (NIPS)},
  editor = {S. Becker and S. Thrun and K. Obermayer},
  month = {December},
  note = {<https://proceedings.neurips.cc/paper_files/paper/2002/file/ddd9dda6bfaf0bb1525a8a27c3ee6131-Paper.pdf>},
  openalex = {W2161195767},
  publisher = {MIT Press},
  series = {Conference Track Proceedings},
  title = {Rational Kernels},
  volume = {15},
  year = {2002}
}

@inproceedings{crammer2002kernel,
  address = {Vancouver, British Columbia, Canada},
  author = {Crammer, Koby and Keshet, Joseph and Singer, Yoram},
  booktitle = {Advances in Neural Information Processing Systems 15 (NIPS)},
  editor = {S. Becker and S. Thrun and K. Obermayer},
  month = {December},
  note = {<https://proceedings.neurips.cc/paper_files/paper/2002/file/dd28e50635038e9cf3a648c2dd17ad0a-Paper.pdf>},
  openalex = {W2160359047},
  publisher = {MIT Press},
  series = {Conference Track Proceedings},
  title = {Kernel Design Using Boosting},
  volume = {15},
  year = {2002}
}

@inproceedings{crammer2002margin,
  address = {Vancouver, British Columbia, Canada},
  author = {Crammer, Koby and Gilad-Bachrach, Ran and Navot, Amir and Tishby, Naftali},
  booktitle = {Advances in Neural Information Processing Systems 15 (NIPS)},
  editor = {Becker, S. and Thrun, S. and Obermayer, K.},
  month = {December},
  note = {<https://proceedings.neurips.cc/paper_files/paper/2002/file/bbaa9d6a1445eac881750bea6053f564-Paper.pdf>},
  openalex = {W2146077544},
  publisher = {MIT Press},
  series = {Conference Track Proceedings},
  title = {Margin Analysis of the LVQ Algorithm},
  volume = {15},
  year = {2002}
}

@inproceedings{danks2002dynamical,
  address = {Vancouver, British Columbia, Canada},
  author = {Danks, David and Griffiths, Thomas and Tenenbaum, Joshua},
  booktitle = {Advances in Neural Information Processing Systems 15 (NIPS)},
  editor = {Becker, S. and Thrun, S. and Obermayer, K.},
  month = {December},
  note = {<https://proceedings.neurips.cc/paper_files/paper/2002/file/697e382cfd25b07a3e62275d3ee132b3-Paper.pdf>},
  openalex = {W2103045022},
  publisher = {MIT Press},
  series = {Conference Track Proceedings},
  title = {Dynamical Causal Learning},
  volume = {15},
  year = {2002}
}

@inproceedings{daw2002timing,
  address = {Vancouver, British Columbia, Canada},
  author = {Daw, Nathaniel and Courville, Aaron C. and Touretzky, David},
  booktitle = {Advances in Neural Information Processing Systems 15 (NIPS)},
  editor = {Becker, S. and Thrun, S. and Obermayer, K.},
  month = {December},
  note = {<https://proceedings.neurips.cc/paper_files/paper/2002/file/13111c20aee51aeb480ecbd988cd8cc9-Paper.pdf>},
  openalex = {W2131385612},
  publisher = {MIT Press},
  series = {Conference Track Proceedings},
  title = {Timing and Partial Observability in the Dopamine System},
  volume = {15},
  year = {2002}
}

@inproceedings{dayan2002adaptation,
  address = {Vancouver, British Columbia, Canada},
  author = {Dayan, Peter and Sahani, Maneesh and Deback, Gregoire},
  booktitle = {Advances in Neural Information Processing Systems 15 (NIPS)},
  editor = {Becker, S. and Thrun, S. and Obermayer, K.},
  month = {December},
  note = {<https://proceedings.neurips.cc/paper_files/paper/2002/file/49c0b9d84c2a16fcaf9d25694fda75e1-Paper.pdf>},
  openalex = {W2122718052},
  publisher = {MIT Press},
  series = {Conference Track Proceedings},
  title = {Adaptation and Unsupervised Learning},
  volume = {15},
  year = {2002}
}

@inproceedings{dayan2002expected,
  address = {Vancouver, British Columbia, Canada},
  author = {Dayan, Peter and Yu, Angela J.},
  booktitle = {Advances in Neural Information Processing Systems 15 (NIPS)},
  editor = {Becker, S. and Thrun, S. and Obermayer, K.},
  month = {December},
  note = {<https://proceedings.neurips.cc/paper_files/paper/2002/file/758a06618c69880a6cee5314ee42d52f-Paper.pdf>},
  openalex = {W2108393070},
  publisher = {MIT Press},
  series = {Conference Track Proceedings},
  title = {Expected and Unexpected Uncertainty: ACh and NE in the Neocortex},
  volume = {15},
  year = {2002}
}

@inproceedings{dekel2002multiclass,
  address = {Vancouver, British Columbia, Canada},
  author = {Dekel, Ofer and Singer, Yoram},
  booktitle = {Advances in Neural Information Processing Systems 15 (NIPS)},
  editor = {Becker, S. and Thrun, S. and Obermayer, K.},
  month = {December},
  note = {<https://proceedings.neurips.cc/paper_files/paper/2002/file/96671501524948bc3937b4b30d0e57b9-Paper.pdf>},
  openalex = {W2156257272},
  publisher = {MIT Press},
  series = {Conference Track Proceedings},
  title = {Multiclass Learning by Probabilistic Embeddings},
  volume = {15},
  year = {2002}
}

@inproceedings{deweese2002binary,
  address = {Vancouver, British Columbia, Canada},
  author = {Deweese, Michael and Zador, Anthony},
  booktitle = {Advances in Neural Information Processing Systems 15 (NIPS)},
  editor = {Becker, S. and Thrun, S. and Obermayer, K.},
  month = {December},
  note = {<https://proceedings.neurips.cc/paper_files/paper/2002/file/2321994d85d661d792223f647000c65f-Paper.pdf>},
  openalex = {W2114866738},
  publisher = {MIT Press},
  series = {Conference Track Proceedings},
  title = {Binary Coding in Auditory Cortex},
  volume = {15},
  year = {2002}
}

@inproceedings{dornhege2002combining,
  address = {Vancouver, British Columbia, Canada},
  author = {Dornhege, Guido and Blankertz, Benjamin and Curio, Gabriel and Müller, Klaus-Robert},
  booktitle = {Advances in Neural Information Processing Systems 15 (NIPS)},
  editor = {Becker, S. and Thrun, S. and Obermayer, K.},
  month = {December},
  note = {<https://proceedings.neurips.cc/paper_files/paper/2002/file/a70dc40477bc2adceef4d2c90f47eb82-Paper.pdf>},
  openalex = {W2103028253},
  publisher = {MIT Press},
  series = {Conference Track Proceedings},
  title = {Combining Features for BCI},
  volume = {15},
  year = {2002}
}

@inproceedings{eisele2002hidden,
  address = {Vancouver, British Columbia, Canada},
  author = {Eisele, Michael and Miller, Kenneth},
  booktitle = {Advances in Neural Information Processing Systems 15 (NIPS)},
  editor = {Becker, S. and Thrun, S. and Obermayer, K.},
  month = {December},
  note = {<https://proceedings.neurips.cc/paper_files/paper/2002/file/38651c4450f87348fcbe1f992746a954-Paper.pdf>},
  openalex = {W2131979958},
  publisher = {MIT Press},
  series = {Conference Track Proceedings},
  title = {Hidden Markov Model of Cortical Synaptic Plasticity: Derivation of the Learning Rule},
  volume = {15},
  year = {2002}
}

@inproceedings{elliott2002developing,
  address = {Vancouver, British Columbia, Canada},
  author = {Elliott, Terry and Kramer, Jörg},
  booktitle = {Advances in Neural Information Processing Systems 15 (NIPS)},
  editor = {S. Becker and S. Thrun and K. Obermayer},
  month = {December},
  note = {<https://proceedings.neurips.cc/paper_files/paper/2002/file/f1e2b2c9255d552500a833ac828cd635-Paper.pdf>},
  openalex = {W2134278423},
  publisher = {MIT Press},
  series = {Conference Track Proceedings},
  title = {Developing Topography and Ocular Dominance Using Two aVLSI Vision Sensors and a Neurotrophic Model of Plasticity},
  volume = {15},
  year = {2002}
}

@inproceedings{eskin2002mismatch,
  address = {Vancouver, British Columbia, Canada},
  author = {Eskin, Eleazar and Weston, Jason and Noble, William and Leslie, Christina},
  booktitle = {Advances in Neural Information Processing Systems 15 (NIPS)},
  editor = {Becker, S. and Thrun, S. and Obermayer, K.},
  month = {December},
  note = {<https://proceedings.neurips.cc/paper_files/paper/2002/file/12b1e42dc0746f22cf361267de07073f-Paper.pdf>},
  publisher = {MIT Press},
  series = {Conference Track Proceedings},
  title = {Mismatch String Kernels for SVM Protein Classification},
  volume = {15},
  year = {2002}
}

@inproceedings{eurich2002estimation,
  address = {Vancouver, British Columbia, Canada},
  author = {Eurich, Christian},
  booktitle = {Advances in Neural Information Processing Systems 15 (NIPS)},
  editor = {S. Becker and S. Thrun and K. Obermayer},
  month = {December},
  note = {<https://proceedings.neurips.cc/paper_files/paper/2002/file/cd0f74b5955dc87fd0605745c4b49ee8-Paper.pdf>},
  openalex = {W2149739134},
  publisher = {MIT Press},
  series = {Conference Track Proceedings},
  title = {An Estimation-Theoretic Framework for the Presentation of Multiple Stimuli},
  volume = {15},
  year = {2002}
}

@inproceedings{fass2002categorization,
  address = {Vancouver, British Columbia, Canada},
  author = {Fass, David and Feldman, Jacob},
  booktitle = {Advances in Neural Information Processing Systems 15 (NIPS)},
  editor = {Becker, S. and Thrun, S. and Obermayer, K.},
  month = {December},
  note = {<https://proceedings.neurips.cc/paper_files/paper/2002/file/635440afdfc39fe37995fed127d7df4f-Paper.pdf>},
  openalex = {W2148014689},
  publisher = {MIT Press},
  series = {Conference Track Proceedings},
  title = {Categorization Under Complexity: A Unified MDL Account of Human Learning of Regular and Irregular Categories},
  volume = {15},
  year = {2002}
}

@inproceedings{fischer2002automatic,
  address = {Vancouver, British Columbia, Canada},
  author = {Fischer, Bernd and Schumann, Johann and Buntine, Wray and Gray, Alexander},
  booktitle = {Advances in Neural Information Processing Systems 15 (NIPS)},
  editor = {Becker, S. and Thrun, S. and Obermayer, K.},
  month = {December},
  note = {<https://proceedings.neurips.cc/paper_files/paper/2002/file/0234c510bc6d908b28c70ff313743079-Paper.pdf>},
  openalex = {W2142108902},
  publisher = {MIT Press},
  series = {Conference Track Proceedings},
  title = {Automatic Derivation of Statistical Algorithms: The EM Family and Beyond},
  volume = {15},
  year = {2002}
}

@inproceedings{fishbach2002neural,
  address = {Vancouver, British Columbia, Canada},
  author = {Fishbach, Alon and May, Bradford},
  booktitle = {Advances in Neural Information Processing Systems 15 (NIPS)},
  editor = {Becker, S. and Thrun, S. and Obermayer, K.},
  month = {December},
  note = {<https://proceedings.neurips.cc/paper_files/paper/2002/file/be53d253d6bc3258a8160556dda3e9b2-Paper.pdf>},
  publisher = {MIT Press},
  series = {Conference Track Proceedings},
  title = {A Neural Edge-Detection Model for Enhanced Auditory Sensitivity in Modulated Noise},
  volume = {15},
  year = {2002}
}

@inproceedings{franz2002linear,
  address = {Vancouver, British Columbia, Canada},
  author = {Franz, Matthias and Chahl, Javaan},
  booktitle = {Advances in Neural Information Processing Systems 15 (NIPS)},
  editor = {S. Becker and S. Thrun and K. Obermayer},
  month = {December},
  note = {<https://proceedings.neurips.cc/paper_files/paper/2002/file/df1f1d20ee86704251795841e6a9405a-Paper.pdf>},
  openalex = {W2132778557},
  publisher = {MIT Press},
  series = {Conference Track Proceedings},
  title = {Linear Combinations of Optic Flow Vectors for Estimating Self-Motion - a Real-World Test of a Neural Model},
  volume = {15},
  year = {2002}
}

@inproceedings{freeman2002shape,
  address = {Vancouver, British Columbia, Canada},
  author = {Freeman, William and Torralba, Antonio},
  booktitle = {Advances in Neural Information Processing Systems 15 (NIPS)},
  editor = {Becker, S. and Thrun, S. and Obermayer, K.},
  month = {December},
  note = {<https://proceedings.neurips.cc/paper_files/paper/2002/file/2b8eba3cb0d0f1d761cb74d94a5ace36-Paper.pdf>},
  openalex = {W2103390169},
  publisher = {MIT Press},
  series = {Conference Track Proceedings},
  title = {Shape Recipes: Scene Representations that Refer to the Image},
  volume = {15},
  year = {2002}
}

@inproceedings{fukumizu2002critical,
  address = {Vancouver, British Columbia, Canada},
  author = {Fukumizu, Kenji and Akaho, Shotaro and Amari, Shun-ichi},
  booktitle = {Advances in Neural Information Processing Systems 15 (NIPS)},
  editor = {Becker, S. and Thrun, S. and Obermayer, K.},
  month = {December},
  note = {<https://proceedings.neurips.cc/paper_files/paper/2002/file/2d3acd3e240c61820625fff66a19938f-Paper.pdf>},
  publisher = {MIT Press},
  series = {Conference Track Proceedings},
  title = {Critical Lines in Symmetry of Mixture Models and its Application to Component Splitting},
  volume = {15},
  year = {2002}
}

@inproceedings{fung2002knowledge,
  address = {Vancouver, British Columbia, Canada},
  author = {Fung, Glenn and Mangasarian, Olvi and Shavlik, Jude},
  booktitle = {Advances in Neural Information Processing Systems 15 (NIPS)},
  editor = {Becker, S. and Thrun, S. and Obermayer, K.},
  month = {December},
  note = {<https://proceedings.neurips.cc/paper_files/paper/2002/file/934b535800b1cba8f96a5d72f72f1611-Paper.pdf>},
  openalex = {W2129894900},
  publisher = {MIT Press},
  series = {Conference Track Proceedings},
  title = {Knowledge-Based Support Vector Machine Classifiers},
  volume = {15},
  year = {2002}
}

@inproceedings{ghahramani2002bayesian,
  address = {Vancouver, British Columbia, Canada},
  author = {Ghahramani, Zoubin and Rasmussen, Carl},
  booktitle = {Advances in Neural Information Processing Systems 15 (NIPS)},
  editor = {Becker, S. and Thrun, S. and Obermayer, K.},
  month = {December},
  note = {<https://proceedings.neurips.cc/paper_files/paper/2002/file/24917db15c4e37e421866448c9ab23d8-Paper.pdf>},
  openalex = {W2167061265},
  publisher = {MIT Press},
  series = {Conference Track Proceedings},
  title = {Bayesian Monte Carlo},
  volume = {15},
  year = {2002}
}

@inproceedings{ghaoui2002robust,
  address = {Vancouver, British Columbia, Canada},
  author = {Ghaoui, Laurent and Jordan, Michael and Lanckriet, Gert},
  booktitle = {Advances in Neural Information Processing Systems 15 (NIPS)},
  editor = {S. Becker and S. Thrun and K. Obermayer},
  month = {December},
  note = {<https://proceedings.neurips.cc/paper_files/paper/2002/file/e2ad76f2326fbc6b56a45a56c59fafdb-Paper.pdf>},
  publisher = {MIT Press},
  series = {Conference Track Proceedings},
  title = {Robust Novelty Detection with Single-Class MPM},
  volume = {15},
  year = {2002}
}

@inproceedings{girard2002gaussian,
  address = {Vancouver, British Columbia, Canada},
  author = {Girard, Agathe and Rasmussen, Carl and Candela, Joaquín Quiñonero and Murray-Smith, Roderick},
  booktitle = {Advances in Neural Information Processing Systems 15 (NIPS)},
  editor = {S. Becker and S. Thrun and K. Obermayer},
  month = {December},
  note = {<https://proceedings.neurips.cc/paper_files/paper/2002/file/f3ac63c91272f19ce97c7397825cc15f-Paper.pdf>},
  openalex = {W2104533781},
  publisher = {MIT Press},
  series = {Conference Track Proceedings},
  title = {Gaussian Process Priors with Uncertain Inputs Application to Multiple-Step Ahead Time Series Forecasting},
  volume = {15},
  year = {2002}
}

@inproceedings{gordon2002generalized,
  address = {Vancouver, British Columbia, Canada},
  author = {Gordon, Geoffrey J.},
  booktitle = {Advances in Neural Information Processing Systems 15 (NIPS)},
  editor = {Becker, S. and Thrun, S. and Obermayer, K.},
  month = {December},
  note = {<https://proceedings.neurips.cc/paper_files/paper/2002/file/7dc1c7653ac42a05642a667959c12239-Paper.pdf>},
  publisher = {MIT Press},
  series = {Conference Track Proceedings},
  title = {Generalized Linear Models},
  volume = {15},
  year = {2002}
}

@inproceedings{gramacy2002adaptive,
  address = {Vancouver, British Columbia, Canada},
  author = {Gramacy, Robert B. and Warmuth, Manfred K. K. and Brandt, Scott and Ari, Ismail},
  booktitle = {Advances in Neural Information Processing Systems 15 (NIPS)},
  editor = {Becker, S. and Thrun, S. and Obermayer, K.},
  month = {December},
  note = {<https://proceedings.neurips.cc/paper_files/paper/2002/file/130f1a8e9e102707f3f91b010f151b0b-Paper.pdf>},
  openalex = {W2157552748},
  publisher = {MIT Press},
  series = {Conference Track Proceedings},
  title = {Adaptive Caching by Refetching},
  volume = {15},
  year = {2002}
}

@inproceedings{grandvalet2002adaptive,
  address = {Vancouver, British Columbia, Canada},
  author = {Grandvalet, Yves and Canu, Stéphane},
  booktitle = {Advances in Neural Information Processing Systems 15 (NIPS)},
  editor = {S. Becker and S. Thrun and K. Obermayer},
  month = {December},
  note = {<https://proceedings.neurips.cc/paper_files/paper/2002/file/ee26fc66b1369c7625333bedafbfcaf6-Paper.pdf>},
  openalex = {W2113362355},
  publisher = {MIT Press},
  series = {Conference Track Proceedings},
  title = {Adaptive Scaling for Feature Selection in SVMs},
  volume = {15},
  year = {2002}
}

@inproceedings{griffiths2002prediction,
  address = {Vancouver, British Columbia, Canada},
  author = {Griffiths, Thomas and Steyvers, Mark},
  booktitle = {Advances in Neural Information Processing Systems 15 (NIPS)},
  editor = {S. Becker and S. Thrun and K. Obermayer},
  month = {December},
  note = {<https://proceedings.neurips.cc/paper_files/paper/2002/file/cb8da6767461f2812ae4290eac7cbc42-Paper.pdf>},
  openalex = {W2106480521},
  publisher = {MIT Press},
  series = {Conference Track Proceedings},
  title = {Prediction and Semantic Association},
  volume = {15},
  year = {2002}
}

@inproceedings{grimes2002bilinear,
  address = {Vancouver, British Columbia, Canada},
  author = {Grimes, David and Rao, Rajesh P. N.},
  booktitle = {Advances in Neural Information Processing Systems 15 (NIPS)},
  editor = {Becker, S. and Thrun, S. and Obermayer, K.},
  month = {December},
  note = {<https://proceedings.neurips.cc/paper_files/paper/2002/file/5249ee8e0cff02ad6b4cc0ee0e50b7d1-Paper.pdf>},
  openalex = {W2171666903},
  publisher = {MIT Press},
  series = {Conference Track Proceedings},
  title = {A Bilinear Model for Sparse Coding},
  volume = {15},
  year = {2002}
}

@inproceedings{gruber2002dopamine,
  address = {Vancouver, British Columbia, Canada},
  author = {Gruber, Aaron and Solla, Sara and Houk, James},
  booktitle = {Advances in Neural Information Processing Systems 15 (NIPS)},
  editor = {Becker, S. and Thrun, S. and Obermayer, K.},
  month = {December},
  note = {<https://proceedings.neurips.cc/paper_files/paper/2002/file/2a34abd6ebbd7fcf5a4421229c946c0a-Paper.pdf>},
  openalex = {W2099998206},
  publisher = {MIT Press},
  series = {Conference Track Proceedings},
  title = {Dopamine Induced Bistability Enhances Signal Processing in Spiny Neurons},
  volume = {15},
  year = {2002}
}

@inproceedings{harpeled2002constraint,
  address = {Vancouver, British Columbia, Canada},
  author = {Har-Peled, Sariel and Roth, Dan and Zimak, Dav},
  booktitle = {Advances in Neural Information Processing Systems 15 (NIPS)},
  editor = {Becker, S. and Thrun, S. and Obermayer, K.},
  month = {December},
  note = {<https://proceedings.neurips.cc/paper_files/paper/2002/file/16026d60ff9b54410b3435b403afd226-Paper.pdf>},
  openalex = {W2121692343},
  publisher = {MIT Press},
  series = {Conference Track Proceedings},
  title = {Constraint Classification for Multiclass Classification and Ranking},
  volume = {15},
  year = {2002}
}

@inproceedings{hastie2002independent,
  address = {Vancouver, British Columbia, Canada},
  author = {Hastie, Trevor and Tibshirani, Rob},
  booktitle = {Advances in Neural Information Processing Systems 15 (NIPS)},
  editor = {Becker, S. and Thrun, S. and Obermayer, K.},
  month = {December},
  note = {<https://proceedings.neurips.cc/paper_files/paper/2002/file/a381c2c35c9157f6b67fd07d5a200ae1-Paper.pdf>},
  openalex = {W2101715047},
  publisher = {MIT Press},
  series = {Conference Track Proceedings},
  title = {Independent Components Analysis through Product Density Estimation},
  volume = {15},
  year = {2002}
}

@inproceedings{heinzle2002classifying,
  address = {Vancouver, British Columbia, Canada},
  author = {Heinzle, Jakob and Stocker, Alan A.},
  booktitle = {Advances in Neural Information Processing Systems 15 (NIPS)},
  editor = {Becker, S. and Thrun, S. and Obermayer, K.},
  month = {December},
  note = {<https://proceedings.neurips.cc/paper_files/paper/2002/file/046ddf96c233a273fd390c3d0b1a9aa4-Paper.pdf>},
  openalex = {W2104645877},
  publisher = {MIT Press},
  series = {Conference Track Proceedings},
  title = {Classifying Patterns of Visual Motion - a Neuromorphic Approach},
  volume = {15},
  year = {2002}
}

@inproceedings{heskes2002stable,
  address = {Vancouver, British Columbia, Canada},
  author = {Heskes, Tom},
  booktitle = {Advances in Neural Information Processing Systems 15 (NIPS)},
  editor = {S. Becker and S. Thrun and K. Obermayer},
  month = {December},
  note = {<https://proceedings.neurips.cc/paper_files/paper/2002/file/d2a27e83d429f0dcae6b937cf440aeb1-Paper.pdf>},
  openalex = {W2398757277},
  publisher = {MIT Press},
  series = {Conference Track Proceedings},
  title = {Stable Fixed Points of Loopy Belief Propagation Are Local Minima of the Bethe Free Energy},
  volume = {15},
  year = {2002}
}

@inproceedings{hinton2002stochastic,
  address = {Vancouver, British Columbia, Canada},
  author = {Hinton, Geoffrey E and Roweis, Sam},
  booktitle = {Advances in Neural Information Processing Systems 15 (NIPS)},
  editor = {Becker, S. and Thrun, S. and Obermayer, K.},
  month = {December},
  note = {<https://proceedings.neurips.cc/paper_files/paper/2002/file/6150ccc6069bea6b5716254057a194ef-Paper.pdf>},
  openalex = {W2157444450},
  publisher = {MIT Press},
  series = {Conference Track Proceedings},
  title = {Stochastic Neighbor Embedding},
  volume = {15},
  year = {2002}
}

@inproceedings{hochreiter2002coulomb,
  address = {Vancouver, British Columbia, Canada},
  author = {Hochreiter, Sepp and Mozer, Michael C. and Obermayer, Klaus},
  booktitle = {Advances in Neural Information Processing Systems 15 (NIPS)},
  editor = {S. Becker and S. Thrun and K. Obermayer},
  month = {December},
  note = {<https://proceedings.neurips.cc/paper_files/paper/2002/file/e21e4e58ad9ab56e8a4634046da90113-Paper.pdf>},
  openalex = {W2119667862},
  publisher = {MIT Press},
  series = {Conference Track Proceedings},
  title = {Coulomb Classifiers: Generalizing Support Vector Machines via an Analogy to Electrostatic Systems},
  volume = {15},
  year = {2002}
}

@inproceedings{hochreiter2002feature,
  address = {Vancouver, British Columbia, Canada},
  author = {Hochreiter, Sepp and Obermayer, Klaus},
  booktitle = {Advances in Neural Information Processing Systems 15 (NIPS)},
  editor = {Becker, S. and Thrun, S. and Obermayer, K.},
  month = {December},
  note = {<https://proceedings.neurips.cc/paper_files/paper/2002/file/761c7920f470038d4c8a619c79eddd62-Paper.pdf>},
  openalex = {W2120233451},
  publisher = {MIT Press},
  series = {Conference Track Proceedings},
  title = {Feature Selection and Classification on Matrix Data: From Large Margins to Small Covering Numbers},
  volume = {15},
  year = {2002}
}

@inproceedings{holub2002digital,
  address = {Vancouver, British Columbia, Canada},
  author = {Holub, Alex and Laurent, Gilles and Perona, Pietro},
  booktitle = {Advances in Neural Information Processing Systems 15 (NIPS)},
  editor = {Becker, S. and Thrun, S. and Obermayer, K.},
  month = {December},
  note = {<https://proceedings.neurips.cc/paper_files/paper/2002/file/90aef91f0d9e7c3be322bd7bae41617d-Paper.pdf>},
  openalex = {W2163347554},
  publisher = {MIT Press},
  series = {Conference Track Proceedings},
  title = {A Digital Antennal Lobe for Pattern Equalization: Analysis and Design},
  volume = {15},
  year = {2002}
}

@inproceedings{hoyer2002interpreting,
  address = {Vancouver, British Columbia, Canada},
  author = {Hoyer, Patrik and Hyvärinen, Aapo},
  booktitle = {Advances in Neural Information Processing Systems 15 (NIPS)},
  editor = {Becker, S. and Thrun, S. and Obermayer, K.},
  month = {December},
  note = {<https://proceedings.neurips.cc/paper_files/paper/2002/file/a486cd07e4ac3d270571622f4f316ec5-Paper.pdf>},
  openalex = {W2137645899},
  publisher = {MIT Press},
  series = {Conference Track Proceedings},
  title = {Interpreting Neural Response Variability as Monte Carlo Sampling of the Posterior},
  volume = {15},
  year = {2002}
}

@inproceedings{hsu2002adaptive,
  address = {Vancouver, British Columbia, Canada},
  author = {Hsu, David and Bridges, Seth and Figueroa, Miguel and Diorio, Chris},
  booktitle = {Advances in Neural Information Processing Systems 15 (NIPS)},
  editor = {S. Becker and S. Thrun and K. Obermayer},
  month = {December},
  note = {<https://proceedings.neurips.cc/paper_files/paper/2002/file/f52854cc99ae1c1966b0a21d0127975b-Paper.pdf>},
  publisher = {MIT Press},
  series = {Conference Track Proceedings},
  title = {Adaptive Quantization and Density Estimation in Silicon},
  volume = {15},
  year = {2002}
}

@inproceedings{hu2002monaural,
  address = {Vancouver, British Columbia, Canada},
  author = {Hu, Guoning and Wang, Deliang},
  booktitle = {Advances in Neural Information Processing Systems 15 (NIPS)},
  editor = {S. Becker and S. Thrun and K. Obermayer},
  month = {December},
  note = {<https://proceedings.neurips.cc/paper_files/paper/2002/file/db9eeb7e678863649bce209842e0d164-Paper.pdf>},
  openalex = {W2127088487},
  publisher = {MIT Press},
  series = {Conference Track Proceedings},
  title = {Monaural Speech Separation},
  volume = {15},
  year = {2002}
}

@inproceedings{hughes2002artefactual,
  address = {Vancouver, British Columbia, Canada},
  author = {Hughes, Nicholas and Lowe, David},
  booktitle = {Advances in Neural Information Processing Systems 15 (NIPS)},
  editor = {Becker, S. and Thrun, S. and Obermayer, K.},
  month = {December},
  note = {<https://proceedings.neurips.cc/paper_files/paper/2002/file/487d4c6a324446b3fa45b30cfcee5337-Paper.pdf>},
  openalex = {W2102776626},
  publisher = {MIT Press},
  series = {Conference Track Proceedings},
  title = {Artefactual Structure from Least-Squares Multidimensional Scaling},
  volume = {15},
  year = {2002}
}

@inproceedings{hurri2002temporal,
  address = {Vancouver, British Columbia, Canada},
  author = {Hurri, Jarmo and Hyvärinen, Aapo},
  booktitle = {Advances in Neural Information Processing Systems 15 (NIPS)},
  editor = {Becker, S. and Thrun, S. and Obermayer, K.},
  month = {December},
  note = {<https://proceedings.neurips.cc/paper_files/paper/2002/file/00a03ec6533ca7f5c644d198d815329c-Paper.pdf>},
  openalex = {W2158834214},
  publisher = {MIT Press},
  series = {Conference Track Proceedings},
  title = {Temporal Coherence, Natural Image Sequences, and the Visual Cortex},
  volume = {15},
  year = {2002}
}

@inproceedings{ijspeert2002learning,
  address = {Vancouver, British Columbia, Canada},
  author = {Ijspeert, Auke and Nakanishi, Jun and Schaal, Stefan},
  booktitle = {Advances in Neural Information Processing Systems 15 (NIPS)},
  editor = {Becker, S. and Thrun, S. and Obermayer, K.},
  month = {December},
  note = {<https://proceedings.neurips.cc/paper_files/paper/2002/file/23c97e9cb93576e45d2feaf00d0e8502-Paper.pdf>},
  publisher = {MIT Press},
  series = {Conference Track Proceedings},
  title = {Learning Attractor Landscapes for Learning Motor Primitives},
  volume = {15},
  year = {2002}
}

@inproceedings{indiveri2002neuromorphic,
  address = {Vancouver, British Columbia, Canada},
  author = {Indiveri, Giacomo},
  booktitle = {Advances in Neural Information Processing Systems 15 (NIPS)},
  editor = {Becker, S. and Thrun, S. and Obermayer, K.},
  month = {December},
  note = {<https://proceedings.neurips.cc/paper_files/paper/2002/file/273448411df1962cba1db6c05b3213c9-Paper.pdf>},
  openalex = {W2156384012},
  publisher = {MIT Press},
  series = {Conference Track Proceedings},
  title = {Neuromorphic Bisable VLSI Synapses with Spike-Timing-Dependent Plasticity},
  volume = {15},
  year = {2002}
}

@inproceedings{jacobs2002visual,
  address = {Vancouver, British Columbia, Canada},
  author = {Jacobs, Robert and Dominguez, Melissa},
  booktitle = {Advances in Neural Information Processing Systems 15 (NIPS)},
  editor = {Becker, S. and Thrun, S. and Obermayer, K.},
  month = {December},
  note = {<https://proceedings.neurips.cc/paper_files/paper/2002/file/443dec3062d0286986e21dc0631734c9-Paper.pdf>},
  publisher = {MIT Press},
  series = {Conference Track Proceedings},
  title = {Visual Development Aids the Acquisition of Motion Velocity Sensitivities},
  volume = {15},
  year = {2002}
}

@inproceedings{jaeger2002adaptive,
  address = {Vancouver, British Columbia, Canada},
  author = {Jaeger, Herbert},
  booktitle = {Advances in Neural Information Processing Systems 15 (NIPS)},
  editor = {Becker, S. and Thrun, S. and Obermayer, K.},
  month = {December},
  note = {<https://proceedings.neurips.cc/paper_files/paper/2002/file/426f990b332ef8193a61cc90516c1245-Paper.pdf>},
  openalex = {W2150354929},
  publisher = {MIT Press},
  series = {Conference Track Proceedings},
  title = {Adaptive Nonlinear System Identification with Echo State Networks},
  volume = {15},
  year = {2002}
}

@inproceedings{jang2002probabilistic,
  address = {Vancouver, British Columbia, Canada},
  author = {Jang, Gil-Jin and Lee, Te-Won},
  booktitle = {Advances in Neural Information Processing Systems 15 (NIPS)},
  editor = {Becker, S. and Thrun, S. and Obermayer, K.},
  month = {December},
  note = {<https://proceedings.neurips.cc/paper_files/paper/2002/file/8ca8da41fe1ebc8d3ca31dc14f5fc56c-Paper.pdf>},
  openalex = {W2102334473},
  publisher = {MIT Press},
  series = {Conference Track Proceedings},
  title = {A Probabilistic Approach to Single Channel Blind Signal Separation},
  volume = {15},
  year = {2002}
}

@inproceedings{jin2002learning,
  address = {Vancouver, British Columbia, Canada},
  author = {Jin, Rong and Ghahramani, Zoubin},
  booktitle = {Advances in Neural Information Processing Systems 15 (NIPS)},
  editor = {Becker, S. and Thrun, S. and Obermayer, K.},
  month = {December},
  note = {<https://proceedings.neurips.cc/paper_files/paper/2002/file/653ac11ca60b3e021a8c609c7198acfc-Paper.pdf>},
  openalex = {W2144372981},
  publisher = {MIT Press},
  series = {Conference Track Proceedings},
  title = {Learning with Multiple Labels},
  volume = {15},
  year = {2002}
}

@inproceedings{kajarekar2002analysis,
  address = {Vancouver, British Columbia, Canada},
  author = {Kajarekar, Sachin and Hermansky, Hynek},
  booktitle = {Advances in Neural Information Processing Systems 15 (NIPS)},
  editor = {Becker, S. and Thrun, S. and Obermayer, K.},
  month = {December},
  note = {<https://proceedings.neurips.cc/paper_files/paper/2002/file/333ac5d90817d69113471fbb6e531bee-Paper.pdf>},
  openalex = {W2159102195},
  publisher = {MIT Press},
  series = {Conference Track Proceedings},
  title = {Analysis of Information in Speech Based on MANOVA},
  volume = {15},
  year = {2002}
}

@inproceedings{kali2002replay,
  address = {Vancouver, British Columbia, Canada},
  author = {Káli, Szabolcs and Dayan, Peter},
  booktitle = {Advances in Neural Information Processing Systems 15 (NIPS)},
  editor = {S. Becker and S. Thrun and K. Obermayer},
  month = {December},
  note = {<https://proceedings.neurips.cc/paper_files/paper/2002/file/d5e2c0adad503c91f91df240d0cd4e49-Paper.pdf>},
  openalex = {W2138368545},
  publisher = {MIT Press},
  series = {Conference Track Proceedings},
  title = {Replay, Repair and Consolidation},
  volume = {15},
  year = {2002}
}

@inproceedings{kandola2002learning,
  address = {Vancouver, British Columbia, Canada},
  author = {Kandola, Jaz and Cristianini, Nello and Shawe-Taylor, John},
  booktitle = {Advances in Neural Information Processing Systems 15 (NIPS)},
  editor = {Becker, S. and Thrun, S. and Obermayer, K.},
  month = {December},
  note = {<https://proceedings.neurips.cc/paper_files/paper/2002/file/778609db5dc7e1a8315717a9cdd8fd6f-Paper.pdf>},
  openalex = {W2142845314},
  publisher = {MIT Press},
  series = {Conference Track Proceedings},
  title = {Learning Semantic Similarity},
  volume = {15},
  year = {2002}
}

@inproceedings{kannan2002fast,
  address = {Vancouver, British Columbia, Canada},
  author = {Kannan, Anitha and Jojic, Nebojsa and Frey, Brendan},
  booktitle = {Advances in Neural Information Processing Systems 15 (NIPS)},
  editor = {Becker, S. and Thrun, S. and Obermayer, K.},
  month = {December},
  note = {<https://proceedings.neurips.cc/paper_files/paper/2002/file/05a70454516ecd9194c293b0e415777f-Paper.pdf>},
  openalex = {W2144459684},
  publisher = {MIT Press},
  series = {Conference Track Proceedings},
  title = {Fast Transformation-Invariant Factor Analysis},
  volume = {15},
  year = {2002}
}

@inproceedings{karklin2002model,
  address = {Vancouver, British Columbia, Canada},
  author = {Karklin, Yan and Lewicki, Michael},
  booktitle = {Advances in Neural Information Processing Systems 15 (NIPS)},
  editor = {Becker, S. and Thrun, S. and Obermayer, K.},
  month = {December},
  note = {<https://proceedings.neurips.cc/paper_files/paper/2002/file/2596a54cdbb555cfd09cd5d991da0f55-Paper.pdf>},
  openalex = {W2120336415},
  publisher = {MIT Press},
  series = {Conference Track Proceedings},
  title = {A Model for Learning Variance Components of Natural Images},
  volume = {15},
  year = {2002}
}

@inproceedings{kegl2002intrinsic,
  address = {Vancouver, British Columbia, Canada},
  author = {Kégl, Balázs},
  booktitle = {Advances in Neural Information Processing Systems 15 (NIPS)},
  editor = {Becker, S. and Thrun, S. and Obermayer, K.},
  month = {December},
  note = {<https://proceedings.neurips.cc/paper_files/paper/2002/file/1177967c7957072da3dc1db4ceb30e7a-Paper.pdf>},
  openalex = {W2127905518},
  publisher = {MIT Press},
  series = {Conference Track Proceedings},
  title = {Intrinsic Dimension Estimation Using Packing Numbers},
  volume = {15},
  year = {2002}
}

@inproceedings{kirshner2002learning,
  address = {Vancouver, British Columbia, Canada},
  author = {Kirshner, Sergey and Cadez, Igor and Smyth, Padhraic and Kamath, Chandrika},
  booktitle = {Advances in Neural Information Processing Systems 15 (NIPS)},
  editor = {S. Becker and S. Thrun and K. Obermayer},
  month = {December},
  note = {<https://proceedings.neurips.cc/paper_files/paper/2002/file/ea119a40c1592979f51819b0bd38d39d-Paper.pdf>},
  openalex = {W2100222775},
  publisher = {MIT Press},
  series = {Conference Track Proceedings},
  title = {Learning to Classify Galaxy Shapes Using the EM Algorithm},
  volume = {15},
  year = {2002}
}

@inproceedings{klein2002fast,
  address = {Vancouver, British Columbia, Canada},
  author = {Klein, Dan and Manning, Christopher D},
  booktitle = {Advances in Neural Information Processing Systems 15 (NIPS)},
  editor = {Becker, S. and Thrun, S. and Obermayer, K.},
  month = {December},
  note = {<https://proceedings.neurips.cc/paper_files/paper/2002/file/6c97cd07663b099253bc569fe8d342bb-Paper.pdf>},
  openalex = {W2167072947},
  publisher = {MIT Press},
  series = {Conference Track Proceedings},
  title = {Fast Exact Inference with a Factored Model for Natural Language Parsing},
  volume = {15},
  year = {2002}
}

@inproceedings{kleinberg2002impossibility,
  address = {Vancouver, British Columbia, Canada},
  author = {Kleinberg, Jon},
  booktitle = {Advances in Neural Information Processing Systems 15 (NIPS)},
  editor = {Becker, S. and Thrun, S. and Obermayer, K.},
  month = {December},
  note = {<https://proceedings.neurips.cc/paper_files/paper/2002/file/43e4e6a6f341e00671e123714de019a8-Paper.pdf>},
  openalex = {W2111004121},
  publisher = {MIT Press},
  series = {Conference Track Proceedings},
  title = {An Impossibility Theorem for Clustering},
  volume = {15},
  year = {2002}
}

@inproceedings{kwok2002real,
  address = {Vancouver, British Columbia, Canada},
  author = {Kwok, Cody and Fox, Dieter and Meila, Marina},
  booktitle = {Advances in Neural Information Processing Systems 15 (NIPS)},
  editor = {Becker, S. and Thrun, S. and Obermayer, K.},
  month = {December},
  note = {<https://proceedings.neurips.cc/paper_files/paper/2002/file/2d2ca7eedf739ef4c3800713ec482e1a-Paper.pdf>},
  openalex = {W2118781513},
  publisher = {MIT Press},
  series = {Conference Track Proceedings},
  title = {Real-Time Particle Filters},
  volume = {15},
  year = {2002}
}

@inproceedings{lagoudakis2002learning,
  address = {Vancouver, British Columbia, Canada},
  author = {Lagoudakis, Michail G. and Parr, Ronald},
  booktitle = {Advances in Neural Information Processing Systems 15 (NIPS)},
  editor = {Becker, S. and Thrun, S. and Obermayer, K.},
  month = {December},
  note = {<https://proceedings.neurips.cc/paper_files/paper/2002/file/4ae67a7dd7e491f8fb6f9ea0cf25dfdb-Paper.pdf>},
  openalex = {W2114134981},
  publisher = {MIT Press},
  series = {Conference Track Proceedings},
  title = {Learning in Zero-Sum Team Markov Games Using Factored Value Functions},
  volume = {15},
  year = {2002}
}

@inproceedings{lange2002stability,
  address = {Vancouver, British Columbia, Canada},
  author = {Lange, Tilman and Braun, Mikio and Roth, Volker and Buhmann, Joachim},
  booktitle = {Advances in Neural Information Processing Systems 15 (NIPS)},
  editor = {Becker, S. and Thrun, S. and Obermayer, K.},
  month = {December},
  note = {<https://proceedings.neurips.cc/paper_files/paper/2002/file/37d097caf1299d9aa79c2c2b843d2d78-Paper.pdf>},
  openalex = {W2137572914},
  publisher = {MIT Press},
  series = {Conference Track Proceedings},
  title = {Stability-Based Model Selection},
  volume = {15},
  year = {2002}
}

@inproceedings{langford2002pac,
  address = {Vancouver, British Columbia, Canada},
  author = {Langford, John and Shawe-Taylor, John},
  booktitle = {Advances in Neural Information Processing Systems 15 (NIPS)},
  editor = {Becker, S. and Thrun, S. and Obermayer, K.},
  month = {December},
  note = {<https://proceedings.neurips.cc/paper_files/paper/2002/file/68d309812548887400e375eaa036d2f1-Paper.pdf>},
  openalex = {W2116314036},
  publisher = {MIT Press},
  series = {Conference Track Proceedings},
  title = {PAC-Bayes     Margins},
  volume = {15},
  year = {2002}
}

@inproceedings{law2002feature,
  address = {Vancouver, British Columbia, Canada},
  author = {Law, Martin and Jain, Anil and Figueiredo, Mário},
  booktitle = {Advances in Neural Information Processing Systems 15 (NIPS)},
  editor = {S. Becker and S. Thrun and K. Obermayer},
  month = {December},
  note = {<https://proceedings.neurips.cc/paper_files/paper/2002/file/e58aea67b01fa747687f038dfde066f6-Paper.pdf>},
  publisher = {MIT Press},
  series = {Conference Track Proceedings},
  title = {Feature Selection in Mixture-Based Clustering},
  volume = {15},
  year = {2002}
}

@inproceedings{lawrence2002fast,
  address = {Vancouver, British Columbia, Canada},
  author = {Lawrence, Neil and Seeger, Matthias and Herbrich, Ralf},
  booktitle = {Advances in Neural Information Processing Systems 15 (NIPS)},
  editor = {S. Becker and S. Thrun and K. Obermayer},
  month = {December},
  note = {<https://proceedings.neurips.cc/paper_files/paper/2002/file/d4dd111a4fd973394238aca5c05bebe3-Paper.pdf>},
  openalex = {W2137956165},
  publisher = {MIT Press},
  series = {Conference Track Proceedings},
  title = {Fast Sparse Gaussian Process Methods: The Informative Vector Machine},
  volume = {15},
  year = {2002}
}

@inproceedings{lebanon2002conditional,
  address = {Vancouver, British Columbia, Canada},
  author = {Lebanon, Guy and Lafferty, John},
  booktitle = {Advances in Neural Information Processing Systems 15 (NIPS)},
  editor = {Becker, S. and Thrun, S. and Obermayer, K.},
  month = {December},
  note = {<https://proceedings.neurips.cc/paper_files/paper/2002/file/936a40b7e8eea0dc537e5f2edee1387a-Paper.pdf>},
  openalex = {W2111286236},
  publisher = {MIT Press},
  series = {Conference Track Proceedings},
  title = {Conditional Models on the Ranking Poset},
  volume = {15},
  year = {2002}
}

@inproceedings{lebanon2002information,
  address = {Vancouver, British Columbia, Canada},
  author = {Lebanon, Guy and Lafferty, John},
  booktitle = {Advances in Neural Information Processing Systems 15 (NIPS)},
  editor = {Becker, S. and Thrun, S. and Obermayer, K.},
  month = {December},
  note = {<https://proceedings.neurips.cc/paper_files/paper/2002/file/5938b4d054136e5d59ada6ec9c295d7a-Paper.pdf>},
  openalex = {W2106784859},
  publisher = {MIT Press},
  series = {Conference Track Proceedings},
  title = {Information Diffusion Kernels},
  volume = {15},
  year = {2002}
}

@inproceedings{levin2002learning,
  address = {Vancouver, British Columbia, Canada},
  author = {Levin, Anat and Zomet, Assaf and Weiss, Yair},
  booktitle = {Advances in Neural Information Processing Systems 15 (NIPS)},
  editor = {S. Becker and S. Thrun and K. Obermayer},
  month = {December},
  note = {<https://proceedings.neurips.cc/paper_files/paper/2002/file/d542599794c1cf067d90638b5d3911f3-Paper.pdf>},
  openalex = {W2135473332},
  publisher = {MIT Press},
  series = {Conference Track Proceedings},
  title = {Learning to Perceive Transparency from the Statistics of Natural Scenes},
  volume = {15},
  year = {2002}
}

@inproceedings{li2002floatboost,
  address = {Vancouver, British Columbia, Canada},
  author = {Li, Stan and Zhang, Zhenqiu and Shum, Heung-yeung and Zhang, Hongjiang},
  booktitle = {Advances in Neural Information Processing Systems 15 (NIPS)},
  editor = {S. Becker and S. Thrun and K. Obermayer},
  month = {December},
  note = {<https://proceedings.neurips.cc/paper_files/paper/2002/file/eb76c035d5d0a2bd2a0d0834b93c9c26-Paper.pdf>},
  publisher = {MIT Press},
  series = {Conference Track Proceedings},
  title = {FloatBoost Learning for Classification},
  volume = {15},
  year = {2002}
}

@inproceedings{likhachev2002speeding,
  address = {Vancouver, British Columbia, Canada},
  author = {Likhachev, Maxim and Koenig, Sven},
  booktitle = {Advances in Neural Information Processing Systems 15 (NIPS)},
  editor = {S. Becker and S. Thrun and K. Obermayer},
  month = {December},
  note = {<https://proceedings.neurips.cc/paper_files/paper/2002/file/d827f12e35eae370ba9c65b7f6026695-Paper.pdf>},
  openalex = {W2117303033},
  publisher = {MIT Press},
  series = {Conference Track Proceedings},
  title = {Speeding up the Parti-Game Algorithm},
  volume = {15},
  year = {2002}
}

@inproceedings{liu2002circuit,
  address = {Vancouver, British Columbia, Canada},
  author = {Liu, Shih-Chii and Boegershausen, Malte and Suter, Pascal},
  booktitle = {Advances in Neural Information Processing Systems 15 (NIPS)},
  editor = {S. Becker and S. Thrun and K. Obermayer},
  month = {December},
  note = {<https://proceedings.neurips.cc/paper_files/paper/2002/file/e0f7a4d0ef9b84b83b693bbf3feb8e6e-Paper.pdf>},
  openalex = {W2104340911},
  publisher = {MIT Press},
  series = {Conference Track Proceedings},
  title = {Circuit Model of Short-Term Synaptic Dynamics},
  volume = {15},
  year = {2002}
}

@inproceedings{maass2002model,
  address = {Vancouver, British Columbia, Canada},
  author = {Maass, Wolfgang and Natschläger, Thomas and Markram, Henry},
  booktitle = {Advances in Neural Information Processing Systems 15 (NIPS)},
  editor = {Becker, S. and Thrun, S. and Obermayer, K.},
  month = {December},
  note = {<https://proceedings.neurips.cc/paper_files/paper/2002/file/6211080fa89981f66b1a0c9d55c61d0f-Paper.pdf>},
  openalex = {W2131764799},
  publisher = {MIT Press},
  series = {Conference Track Proceedings},
  title = {A Model for Real-Time Computation in Generic Neural Microcircuits},
  volume = {15},
  year = {2002}
}

@inproceedings{machens2002spectro,
  address = {Vancouver, British Columbia, Canada},
  author = {Machens, Christian K and Wehr, Michael and Zador, Anthony},
  booktitle = {Advances in Neural Information Processing Systems 15 (NIPS)},
  editor = {Becker, S. and Thrun, S. and Obermayer, K.},
  month = {December},
  note = {<https://proceedings.neurips.cc/paper_files/paper/2002/file/7e3b7a5bafcb0fa8e8dfe3ea6aca9186-Paper.pdf>},
  openalex = {W2137569887},
  publisher = {MIT Press},
  series = {Conference Track Proceedings},
  title = {Spectro-Temporal Receptive Fields of Subthreshold Responses in Auditory Cortex},
  volume = {15},
  year = {2002}
}

@inproceedings{malmberg2002modeling,
  address = {Vancouver, British Columbia, Canada},
  author = {Malmberg, Kenneth and Zeelenberg, René and Shiffrin, Richard},
  booktitle = {Advances in Neural Information Processing Systems 15 (NIPS)},
  editor = {Becker, S. and Thrun, S. and Obermayer, K.},
  month = {December},
  note = {<https://proceedings.neurips.cc/paper_files/paper/2002/file/716e1b8c6cd17b771da77391355749f3-Paper.pdf>},
  openalex = {W2101589194},
  publisher = {MIT Press},
  series = {Conference Track Proceedings},
  title = {Modeling Midazolam's Effect on the Hippocampus and Recognition Memory},
  volume = {15},
  year = {2002}
}

@inproceedings{malzahn2002statistical,
  address = {Vancouver, British Columbia, Canada},
  author = {Malzahn, Dörthe and Opper, Manfred},
  booktitle = {Advances in Neural Information Processing Systems 15 (NIPS)},
  editor = {S. Becker and S. Thrun and K. Obermayer},
  month = {December},
  note = {<https://proceedings.neurips.cc/paper_files/paper/2002/file/f12ee9734e1edf70ed02d9829018b3d9-Paper.pdf>},
  openalex = {W2126798852},
  publisher = {MIT Press},
  series = {Conference Track Proceedings},
  title = {A Statistical Mechanics Approach to Approximate Analytical Bootstrap Averages},
  volume = {15},
  year = {2002}
}

@inproceedings{martin2002learning,
  address = {Vancouver, British Columbia, Canada},
  author = {Martin, David and Fowlkes, Charless and Malik, Jitendra},
  booktitle = {Advances in Neural Information Processing Systems 15 (NIPS)},
  editor = {Becker, S. and Thrun, S. and Obermayer, K.},
  month = {December},
  note = {<https://proceedings.neurips.cc/paper_files/paper/2002/file/b5c01503041b70d41d80e3dbe31bbd8c-Paper.pdf>},
  openalex = {W2119823327},
  publisher = {MIT Press},
  series = {Conference Track Proceedings},
  title = {Learning to Detect Natural Image Boundaries Using Brightness and Texture},
  volume = {15},
  year = {2002}
}

@inproceedings{meinicke2002discriminative,
  address = {Vancouver, British Columbia, Canada},
  author = {Meinicke, Peter and Twellmann, Thorsten and Ritter, Helge},
  booktitle = {Advances in Neural Information Processing Systems 15 (NIPS)},
  editor = {Becker, S. and Thrun, S. and Obermayer, K.},
  month = {December},
  note = {<https://proceedings.neurips.cc/paper_files/paper/2002/file/a3eb043e7bf775de87763e9f8121c953-Paper.pdf>},
  openalex = {W2097182195},
  publisher = {MIT Press},
  series = {Conference Track Proceedings},
  title = {Discriminative Densities from Maximum Contrast Estimation},
  volume = {15},
  year = {2002}
}

@inproceedings{meinicke2002improving,
  address = {Vancouver, British Columbia, Canada},
  author = {Meinicke, Peter and Kaper, Matthias and Hoppe, Florian and Heumann, Manfred and Ritter, Helge},
  booktitle = {Advances in Neural Information Processing Systems 15 (NIPS)},
  editor = {S. Becker and S. Thrun and K. Obermayer},
  month = {December},
  note = {<https://proceedings.neurips.cc/paper_files/paper/2002/file/f6c79f4af478638c39b206ec30ab166b-Paper.pdf>},
  openalex = {W2108441393},
  publisher = {MIT Press},
  series = {Conference Track Proceedings},
  title = {Improving Transfer Rates in Brain Computer Interfacing: A Case Study},
  volume = {15},
  year = {2002}
}

@inproceedings{meir2002data,
  address = {Vancouver, British Columbia, Canada},
  author = {Meir, Ron and Zhang, Tong},
  booktitle = {Advances in Neural Information Processing Systems 15 (NIPS)},
  editor = {Becker, S. and Thrun, S. and Obermayer, K.},
  month = {December},
  note = {<https://proceedings.neurips.cc/paper_files/paper/2002/file/53ed35c74a2ec275b837374f04396c03-Paper.pdf>},
  openalex = {W2136592684},
  publisher = {MIT Press},
  series = {Conference Track Proceedings},
  title = {Data-Dependent Bounds for Bayesian Mixture Methods},
  volume = {15},
  year = {2002}
}

@inproceedings{moghaddam2002boosted,
  address = {Vancouver, British Columbia, Canada},
  author = {Moghaddam, Baback and Shakhnarovich, Gregory},
  booktitle = {Advances in Neural Information Processing Systems 15 (NIPS)},
  editor = {Becker, S. and Thrun, S. and Obermayer, K.},
  month = {December},
  note = {<https://proceedings.neurips.cc/paper_files/paper/2002/file/598920e11d1eb2a49501d59fce5ecbb7-Paper.pdf>},
  openalex = {W2110036324},
  publisher = {MIT Press},
  series = {Conference Track Proceedings},
  title = {Boosted Dyadic Kernel Discriminants},
  volume = {15},
  year = {2002}
}

@inproceedings{moralesmenendez2002real,
  address = {Vancouver, British Columbia, Canada},
  author = {Morales-Menéndez, Rubén and de Freitas, Nando and Poole, David},
  booktitle = {Advances in Neural Information Processing Systems 15 (NIPS)},
  editor = {Becker, S. and Thrun, S. and Obermayer, K.},
  month = {December},
  note = {<https://proceedings.neurips.cc/paper_files/paper/2002/file/86e78499eeb33fb9cac16b7555b50767-Paper.pdf>},
  openalex = {W2166016126},
  publisher = {MIT Press},
  series = {Conference Track Proceedings},
  title = {Real-Time Monitoring of Complex Industrial Processes with Particle Filters},
  volume = {15},
  year = {2002}
}

@inproceedings{morimoto2002minimax,
  address = {Vancouver, British Columbia, Canada},
  author = {Morimoto, Jun and Atkeson, Christopher},
  booktitle = {Advances in Neural Information Processing Systems 15 (NIPS)},
  editor = {S. Becker and S. Thrun and K. Obermayer},
  month = {December},
  note = {<https://proceedings.neurips.cc/paper_files/paper/2002/file/e6c2dc3dee4a51dcec3a876aa2339a78-Paper.pdf>},
  openalex = {W2111999018},
  publisher = {MIT Press},
  series = {Conference Track Proceedings},
  title = {Minimax Differential Dynamic Programming: An Application to Robust Biped Walking},
  volume = {15},
  year = {2002}
}

@inproceedings{movellan2002morton,
  address = {Vancouver, British Columbia, Canada},
  author = {Movellan, Javier and Wachtler, Thomas and Albright, Thomas D. and Sejnowski, Terrence},
  booktitle = {Advances in Neural Information Processing Systems 15 (NIPS)},
  editor = {Becker, S. and Thrun, S. and Obermayer, K.},
  month = {December},
  note = {<https://proceedings.neurips.cc/paper_files/paper/2002/file/6cd9313ed34ef58bad3fdd504355e72c-Paper.pdf>},
  openalex = {W2139906483},
  publisher = {MIT Press},
  series = {Conference Track Proceedings},
  title = {Morton-Style Factorial Coding of Color in Primary Visual Cortex},
  volume = {15},
  year = {2002}
}

@inproceedings{murayama2002rate,
  address = {Vancouver, British Columbia, Canada},
  author = {Murayama, Tatsuto and Okada, Masato},
  booktitle = {Advances in Neural Information Processing Systems 15 (NIPS)},
  editor = {Becker, S. and Thrun, S. and Obermayer, K.},
  month = {December},
  note = {<https://proceedings.neurips.cc/paper_files/paper/2002/file/41e7637e7b6a9f27a98b84d3a185c7c0-Paper.pdf>},
  openalex = {W2963529985},
  publisher = {MIT Press},
  series = {Conference Track Proceedings},
  title = {Rate Distortion Function in the Spin Glass State: A Toy Model},
  volume = {15},
  year = {2002}
}

@inproceedings{navarro2002combining,
  address = {Vancouver, British Columbia, Canada},
  author = {Navarro, Daniel and Lee, Michael},
  booktitle = {Advances in Neural Information Processing Systems 15 (NIPS)},
  editor = {Becker, S. and Thrun, S. and Obermayer, K.},
  month = {December},
  note = {<https://proceedings.neurips.cc/paper_files/paper/2002/file/243facb29564e7b448834a7c9d901201-Paper.pdf>},
  openalex = {W2102240170},
  publisher = {MIT Press},
  series = {Conference Track Proceedings},
  title = {Combining Dimensions and Features in Similarity-Based Representations},
  volume = {15},
  year = {2002}
}

@inproceedings{nykamp2002reconstructing,
  address = {Vancouver, British Columbia, Canada},
  author = {Nykamp, Duane},
  booktitle = {Advances in Neural Information Processing Systems 15 (NIPS)},
  editor = {Becker, S. and Thrun, S. and Obermayer, K.},
  month = {December},
  note = {<https://proceedings.neurips.cc/paper_files/paper/2002/file/b166b57d195370cd41f80dd29ed523d9-Paper.pdf>},
  openalex = {W2107631291},
  publisher = {MIT Press},
  series = {Conference Track Proceedings},
  title = {Reconstructing Stimulus-Driven Neural Networks from Spike Times},
  volume = {15},
  year = {2002}
}

@inproceedings{ong2002hyperkernels,
  address = {Vancouver, British Columbia, Canada},
  author = {Ong, Cheng and Williamson, Robert C. and Smola, Alex},
  booktitle = {Advances in Neural Information Processing Systems 15 (NIPS)},
  editor = {S. Becker and S. Thrun and K. Obermayer},
  month = {December},
  note = {<https://proceedings.neurips.cc/paper_files/paper/2002/file/ca0daec69b5adc880fb464895726dbdf-Paper.pdf>},
  publisher = {MIT Press},
  series = {Conference Track Proceedings},
  title = {Hyperkernels},
  volume = {15},
  year = {2002}
}

@inproceedings{ortiz2002concentration,
  address = {Vancouver, British Columbia, Canada},
  author = {Ortiz, Luis E and McAllester, David},
  booktitle = {Advances in Neural Information Processing Systems 15 (NIPS)},
  editor = {Becker, S. and Thrun, S. and Obermayer, K.},
  month = {December},
  note = {<https://proceedings.neurips.cc/paper_files/paper/2002/file/be6c7b094f88532b6c6b35bbcd525ee8-Paper.pdf>},
  openalex = {W1638306878},
  publisher = {MIT Press},
  series = {Conference Track Proceedings},
  title = {Concentration Inequalities for the Missing Mass and for Histogram Rule Error},
  volume = {15},
  year = {2002}
}

@inproceedings{ortiz2002nash,
  address = {Vancouver, British Columbia, Canada},
  author = {Ortiz, Luis E. and Kearns, Michael},
  booktitle = {Advances in Neural Information Processing Systems 15 (NIPS)},
  editor = {Becker, S. and Thrun, S. and Obermayer, K.},
  month = {December},
  note = {<https://proceedings.neurips.cc/paper_files/paper/2002/file/26505e0494662534f633586941b77d0c-Paper.pdf>},
  openalex = {W2097609460},
  publisher = {MIT Press},
  series = {Conference Track Proceedings},
  title = {Nash Propagation for Loopy Graphical Games},
  volume = {15},
  year = {2002}
}

@inproceedings{paninski2002convergence,
  address = {Vancouver, British Columbia, Canada},
  author = {Paninski, Liam},
  booktitle = {Advances in Neural Information Processing Systems 15 (NIPS)},
  editor = {Becker, S. and Thrun, S. and Obermayer, K.},
  month = {December},
  note = {<https://proceedings.neurips.cc/paper_files/paper/2002/file/4aecfbe5d21e3f7912bf8eb29124423a-Paper.pdf>},
  openalex = {W3206817869},
  publisher = {MIT Press},
  series = {Conference Track Proceedings},
  title = {Convergence Properties of Some Spike-Triggered Analysis Techniques},
  volume = {15},
  year = {2002}
}

@inproceedings{park2002differential,
  address = {Vancouver, British Columbia, Canada},
  author = {Park, James and Darwiche, Adnan},
  booktitle = {Advances in Neural Information Processing Systems 15 (NIPS)},
  editor = {Becker, S. and Thrun, S. and Obermayer, K.},
  month = {December},
  note = {<https://proceedings.neurips.cc/paper_files/paper/2002/file/01eee509ee2f68dc6014898c309e86bf-Paper.pdf>},
  openalex = {W2001901496},
  publisher = {MIT Press},
  series = {Conference Track Proceedings},
  title = {A Differential Semantics for Jointree Algorithms},
  volume = {15},
  year = {2002}
}

@inproceedings{parker2002annealing,
  address = {Vancouver, British Columbia, Canada},
  author = {Parker, Albert and Gedeon, Tomáš and Dimitrov, Alexander},
  booktitle = {Advances in Neural Information Processing Systems 15 (NIPS)},
  editor = {S. Becker and S. Thrun and K. Obermayer},
  month = {December},
  note = {<https://proceedings.neurips.cc/paper_files/paper/2002/file/ccbd8ca962b80445df1f7f38c57759f0-Paper.pdf>},
  openalex = {W2114290803},
  publisher = {MIT Press},
  series = {Conference Track Proceedings},
  title = {Annealing and the Rate Distortion Problem},
  volume = {15},
  year = {2002}
}

@inproceedings{pasula2002identity,
  address = {Vancouver, British Columbia, Canada},
  author = {Pasula, Hanna and Marthi, Bhaskara and Milch, Brian and Russell, Stuart J. and Shpitser, Ilya},
  booktitle = {Advances in Neural Information Processing Systems 15 (NIPS)},
  editor = {S. Becker and S. Thrun and K. Obermayer},
  month = {December},
  note = {<https://proceedings.neurips.cc/paper_files/paper/2002/file/d30960ce77e83d896503d43ba249caf7-Paper.pdf>},
  openalex = {W2159481891},
  publisher = {MIT Press},
  series = {Conference Track Proceedings},
  title = {Identity Uncertainty and Citation Matching},
  volume = {15},
  year = {2002}
}

@inproceedings{pavlov2002maximum,
  address = {Vancouver, British Columbia, Canada},
  author = {Pavlov, Dmitry and Pennock, David},
  booktitle = {Advances in Neural Information Processing Systems 15 (NIPS)},
  editor = {S. Becker and S. Thrun and K. Obermayer},
  month = {December},
  note = {<https://proceedings.neurips.cc/paper_files/paper/2002/file/cc7e2b878868cbae992d1fb743995d8f-Paper.pdf>},
  openalex = {W2171849943},
  publisher = {MIT Press},
  series = {Conference Track Proceedings},
  title = {A Maximum Entropy Approach to Collaborative Filtering in Dynamic, Sparse, High-Dimensional Domains},
  volume = {15},
  year = {2002}
}

@inproceedings{pekalska2002one,
  address = {Vancouver, British Columbia, Canada},
  author = {Pekalska, Elzbieta and Tax, David M.J. and Duin, Robert},
  booktitle = {Advances in Neural Information Processing Systems 15 (NIPS)},
  editor = {Becker, S. and Thrun, S. and Obermayer, K.},
  month = {December},
  note = {<https://proceedings.neurips.cc/paper_files/paper/2002/file/6e5025ccc7d638ae4e724da8938450a6-Paper.pdf>},
  publisher = {MIT Press},
  series = {Conference Track Proceedings},
  title = {One-Class LP Classifiers for Dissimilarity Representations},
  volume = {15},
  year = {2002}
}

@inproceedings{pelleg2002using,
  address = {Vancouver, British Columbia, Canada},
  author = {Pelleg, Dan and Moore, Andrew},
  booktitle = {Advances in Neural Information Processing Systems 15 (NIPS)},
  editor = {Becker, S. and Thrun, S. and Obermayer, K.},
  month = {December},
  note = {<https://proceedings.neurips.cc/paper_files/paper/2002/file/0f46c64b74a6c964c674853a89796c8e-Paper.pdf>},
  openalex = {W2123846642},
  publisher = {MIT Press},
  series = {Conference Track Proceedings},
  title = {Using Tarjan's Red Rule for Fast Dependency Tree Construction},
  volume = {15},
  year = {2002}
}

@inproceedings{perkins2002convergent,
  address = {Vancouver, British Columbia, Canada},
  author = {Perkins, Theodore and Precup, Doina},
  booktitle = {Advances in Neural Information Processing Systems 15 (NIPS)},
  editor = {Becker, S. and Thrun, S. and Obermayer, K.},
  month = {December},
  note = {<https://proceedings.neurips.cc/paper_files/paper/2002/file/9f44e956e3a2b7b5598c625fcc802c36-Paper.pdf>},
  openalex = {W2105336508},
  publisher = {MIT Press},
  series = {Conference Track Proceedings},
  title = {A Convergent Form of Approximate Policy Iteration},
  volume = {15},
  year = {2002}
}

@inproceedings{pollastri2002prediction,
  address = {Vancouver, British Columbia, Canada},
  author = {Pollastri, Gianluca and Baldi, Pierre and Vullo, Alessandro and Frasconi, Paolo},
  booktitle = {Advances in Neural Information Processing Systems 15 (NIPS)},
  editor = {Becker, S. and Thrun, S. and Obermayer, K.},
  month = {December},
  note = {<https://proceedings.neurips.cc/paper_files/paper/2002/file/ffedf5be3a86e2ee281d54cdc97bc1cf-Paper.pdf>},
  openalex = {W2106107624},
  publisher = {MIT Press},
  series = {Conference Track Proceedings},
  title = {Prediction of Protein Topologies Using Generalized IOHMMs and RNNs},
  volume = {15},
  year = {2002}
}

@inproceedings{porr2002learning,
  address = {Vancouver, British Columbia, Canada},
  author = {Porr, Bernd and Wörgötter, Florentin},
  booktitle = {Advances in Neural Information Processing Systems 15 (NIPS)},
  editor = {Becker, S. and Thrun, S. and Obermayer, K.},
  month = {December},
  note = {<https://proceedings.neurips.cc/paper_files/paper/2002/file/10907813b97e249163587e6246612e21-Paper.pdf>},
  openalex = {W2123523517},
  publisher = {MIT Press},
  series = {Conference Track Proceedings},
  title = {Learning a Forward Model of a Reflex},
  volume = {15},
  year = {2002}
}

@inproceedings{poupart2002value,
  address = {Vancouver, British Columbia, Canada},
  author = {Poupart, Pascal and Boutilier, Craig},
  booktitle = {Advances in Neural Information Processing Systems 15 (NIPS)},
  editor = {Becker, S. and Thrun, S. and Obermayer, K.},
  month = {December},
  note = {<https://proceedings.neurips.cc/paper_files/paper/2002/file/14ea0d5b0cf49525d1866cb1e95ada5d-Paper.pdf>},
  openalex = {W2138089556},
  publisher = {MIT Press},
  series = {Conference Track Proceedings},
  title = {Value-Directed Compression of POMDPs},
  volume = {15},
  year = {2002}
}

@inproceedings{raetsch2002adapting,
  address = {Vancouver, British Columbia, Canada},
  author = {Ratsch, Gunnar and Mika, Sebastian and Smola, Alex},
  booktitle = {Advances in Neural Information Processing Systems 15 (NIPS)},
  editor = {Becker, S. and Thrun, S. and Obermayer, K.},
  month = {December},
  note = {<https://proceedings.neurips.cc/paper_files/paper/2002/file/32e05616c8ed659463f9af00b142dd6f-Paper.pdf>},
  openalex = {W2157747774},
  publisher = {MIT Press},
  series = {Conference Track Proceedings},
  title = {Adapting Codes and Embeddings for Polychotomies},
  volume = {15},
  year = {2002}
}

@inproceedings{rahimi2002location,
  address = {Vancouver, British Columbia, Canada},
  author = {Rahimi, Ali and Darrell, Trevor},
  booktitle = {Advances in Neural Information Processing Systems 15 (NIPS)},
  editor = {S. Becker and S. Thrun and K. Obermayer},
  month = {December},
  note = {<https://proceedings.neurips.cc/paper_files/paper/2002/file/c8dfece5cc68249206e4690fc4737a8d-Paper.pdf>},
  openalex = {W2153224410},
  publisher = {MIT Press},
  series = {Conference Track Proceedings},
  title = {Location Estimation with a Differential Update Network},
  volume = {15},
  year = {2002}
}

@inproceedings{rohanimanesh2002learning,
  address = {Vancouver, British Columbia, Canada},
  author = {Rohanimanesh, Khashayar and Mahadevan, Sridhar},
  booktitle = {Advances in Neural Information Processing Systems 15 (NIPS)},
  editor = {Becker, S. and Thrun, S. and Obermayer, K.},
  month = {December},
  note = {<https://proceedings.neurips.cc/paper_files/paper/2002/file/4b4edc2630fe75800ddc29a7b4070add-Paper.pdf>},
  openalex = {W2147538364},
  publisher = {MIT Press},
  series = {Conference Track Proceedings},
  title = {Learning to Take Concurrent Actions},
  volume = {15},
  year = {2002}
}

@inproceedings{romariz2002optoelectronic,
  address = {Vancouver, British Columbia, Canada},
  author = {Romariz, Alexandre and Wagner, Kelvin},
  booktitle = {Advances in Neural Information Processing Systems 15 (NIPS)},
  editor = {Becker, S. and Thrun, S. and Obermayer, K.},
  month = {December},
  note = {<https://proceedings.neurips.cc/paper_files/paper/2002/file/1c6a0198177bfcc9bd93f6aab94aad3c-Paper.pdf>},
  publisher = {MIT Press},
  series = {Conference Track Proceedings},
  title = {Optoelectronic Implementation of a FitzHugh-Nagumo Neural Model},
  volume = {15},
  year = {2002}
}

@inproceedings{ross2002multiple,
  address = {Vancouver, British Columbia, Canada},
  author = {Ross, David and Zemel, Richard},
  booktitle = {Advances in Neural Information Processing Systems 15 (NIPS)},
  editor = {Becker, S. and Thrun, S. and Obermayer, K.},
  month = {December},
  note = {<https://proceedings.neurips.cc/paper_files/paper/2002/file/1368ba1ab6ed38bb1f26f36673739d54-Paper.pdf>},
  openalex = {W2103521987},
  publisher = {MIT Press},
  series = {Conference Track Proceedings},
  title = {Multiple Cause Vector Quantization},
  volume = {15},
  year = {2002}
}

@inproceedings{rosset2002boosting,
  address = {Vancouver, British Columbia, Canada},
  author = {Rosset, Saharon and Segal, Eran},
  booktitle = {Advances in Neural Information Processing Systems 15 (NIPS)},
  editor = {Becker, S. and Thrun, S. and Obermayer, K.},
  month = {December},
  note = {<https://proceedings.neurips.cc/paper_files/paper/2002/file/3de568f8597b94bda53149c7d7f5958c-Paper.pdf>},
  openalex = {W2121805075},
  publisher = {MIT Press},
  series = {Conference Track Proceedings},
  title = {Boosting Density Estimation},
  volume = {15},
  year = {2002}
}

@inproceedings{roth2002going,
  address = {Vancouver, British Columbia, Canada},
  author = {Roth, Volker and Laub, Julian and Müller, Klaus-Robert and Buhmann, Joachim},
  booktitle = {Advances in Neural Information Processing Systems 15 (NIPS)},
  editor = {Becker, S. and Thrun, S. and Obermayer, K.},
  month = {December},
  note = {<https://proceedings.neurips.cc/paper_files/paper/2002/file/02e656adee09f8394b402d9958389b7d-Paper.pdf>},
  openalex = {W2130206002},
  publisher = {MIT Press},
  series = {Conference Track Proceedings},
  title = {Going Metric: Denoising Pairwise Data},
  volume = {15},
  year = {2002}
}

@inproceedings{roy2002approximate,
  address = {Vancouver, British Columbia, Canada},
  author = {Roy, Benjamin and Farias, Daniela},
  booktitle = {Advances in Neural Information Processing Systems 15 (NIPS)},
  editor = {Becker, S. and Thrun, S. and Obermayer, K.},
  month = {December},
  note = {<https://proceedings.neurips.cc/paper_files/paper/2002/file/b6e32320fa6bc5a588b90183b95dc028-Paper.pdf>},
  publisher = {MIT Press},
  series = {Conference Track Proceedings},
  title = {Approximate Linear Programming for Average-Cost Dynamic Programming},
  volume = {15},
  year = {2002}
}

@inproceedings{roy2002exponential,
  address = {Vancouver, British Columbia, Canada},
  author = {Roy, Nicholas and Gordon, Geoffrey J.},
  booktitle = {Advances in Neural Information Processing Systems 15 (NIPS)},
  editor = {Becker, S. and Thrun, S. and Obermayer, K.},
  month = {December},
  note = {<https://proceedings.neurips.cc/paper_files/paper/2002/file/a11f9e533f28593768ebf87075ab34f2-Paper.pdf>},
  openalex = {W2154727088},
  publisher = {MIT Press},
  series = {Conference Track Proceedings},
  title = {Exponential Family PCA for Belief Compression in POMDPs},
  volume = {15},
  year = {2002}
}

@inproceedings{sahani2002evidence,
  address = {Vancouver, British Columbia, Canada},
  author = {Sahani, Maneesh and Linden, Jennifer},
  booktitle = {Advances in Neural Information Processing Systems 15 (NIPS)},
  editor = {Becker, S. and Thrun, S. and Obermayer, K.},
  month = {December},
  note = {<https://proceedings.neurips.cc/paper_files/paper/2002/file/229754d7799160502a143a72f6789927-Paper.pdf>},
  openalex = {W2113829131},
  publisher = {MIT Press},
  series = {Conference Track Proceedings},
  title = {Evidence Optimization Techniques for Estimating Stimulus-Response Functions},
  volume = {15},
  year = {2002}
}

@inproceedings{sahani2002linear,
  address = {Vancouver, British Columbia, Canada},
  author = {Sahani, Maneesh and Linden, Jennifer},
  booktitle = {Advances in Neural Information Processing Systems 15 (NIPS)},
  editor = {Becker, S. and Thrun, S. and Obermayer, K.},
  month = {December},
  note = {<https://proceedings.neurips.cc/paper_files/paper/2002/file/7b4773c039d539af17c883eb9283dd14-Paper.pdf>},
  openalex = {W2165243634},
  publisher = {MIT Press},
  series = {Conference Track Proceedings},
  title = {How Linear are Auditory Cortical Responses?},
  volume = {15},
  year = {2002}
}

@inproceedings{sallee2002learning,
  address = {Vancouver, British Columbia, Canada},
  author = {Sallee, Phil and Olshausen, Bruno},
  booktitle = {Advances in Neural Information Processing Systems 15 (NIPS)},
  editor = {Becker, S. and Thrun, S. and Obermayer, K.},
  month = {December},
  note = {<https://proceedings.neurips.cc/paper_files/paper/2002/file/c182f930a06317057d31c73bb2fedd4f-Paper.pdf>},
  openalex = {W2150548620},
  publisher = {MIT Press},
  series = {Conference Track Proceedings},
  title = {Learning Sparse Multiscale Image Representations},
  volume = {15},
  year = {2002}
}

@inproceedings{sanjana2002bayesian,
  address = {Vancouver, British Columbia, Canada},
  author = {Sanjana, Neville and Tenenbaum, Joshua},
  booktitle = {Advances in Neural Information Processing Systems 15 (NIPS)},
  editor = {Becker, S. and Thrun, S. and Obermayer, K.},
  month = {December},
  note = {<https://proceedings.neurips.cc/paper_files/paper/2002/file/80537a945c7aaa788ccfcdf1b99b5d8f-Paper.pdf>},
  openalex = {W2108216946},
  publisher = {MIT Press},
  series = {Conference Track Proceedings},
  title = {Bayesian Models of Inductive Generalization},
  volume = {15},
  year = {2002}
}

@inproceedings{saul2002real,
  address = {Vancouver, British Columbia, Canada},
  author = {Saul, Lawrence and Lee, Daniel and Isbell, Charles and Cun, Yann},
  booktitle = {Advances in Neural Information Processing Systems 15 (NIPS)},
  editor = {Becker, S. and Thrun, S. and Obermayer, K.},
  month = {December},
  note = {<https://proceedings.neurips.cc/paper_files/paper/2002/file/43351f7bf9a215be70c2c2caa7555002-Paper.pdf>},
  publisher = {MIT Press},
  series = {Conference Track Proceedings},
  title = {Real Time Voice Processing with Audiovisual Feedback: Toward Autonomous Agents with Perfect Pitch},
  volume = {15},
  year = {2002}
}

@inproceedings{saunders2002string,
  address = {Vancouver, British Columbia, Canada},
  author = {Saunders, Craig and Vinokourov, Alexei and Shawe-Taylor, John},
  booktitle = {Advances in Neural Information Processing Systems 15 (NIPS)},
  editor = {Becker, S. and Thrun, S. and Obermayer, K.},
  month = {December},
  note = {<https://proceedings.neurips.cc/paper_files/paper/2002/file/03255088ed63354a54e0e5ed957e9008-Paper.pdf>},
  openalex = {W2144286620},
  publisher = {MIT Press},
  series = {Conference Track Proceedings},
  title = {String Kernels, Fisher Kernels and Finite State Automata},
  volume = {15},
  year = {2002}
}

@inproceedings{schmidhuber2002bias,
  address = {Vancouver, British Columbia, Canada},
  author = {Schmidhuber, Jürgen},
  booktitle = {Advances in Neural Information Processing Systems 15 (NIPS)},
  editor = {Becker, S. and Thrun, S. and Obermayer, K.},
  month = {December},
  note = {<https://proceedings.neurips.cc/paper_files/paper/2002/file/40b5f25a228570053bc64a043c3f1833-Paper.pdf>},
  openalex = {W2137236783},
  publisher = {MIT Press},
  series = {Conference Track Proceedings},
  title = {Bias-Optimal Incremental Problem Solving},
  volume = {15},
  year = {2002}
}

@inproceedings{schneidman2002information,
  address = {Vancouver, British Columbia, Canada},
  author = {Schneidman, Elad and Bialek, William and II, Michael},
  booktitle = {Advances in Neural Information Processing Systems 15 (NIPS)},
  editor = {Becker, S. and Thrun, S. and Obermayer, K.},
  month = {December},
  note = {<https://proceedings.neurips.cc/paper_files/paper/2002/file/2a8a812400df8963b2e2ac0ed01b07b8-Paper.pdf>},
  openalex = {W2140383195},
  publisher = {MIT Press},
  series = {Conference Track Proceedings},
  title = {An Information Theoretic Approach to the Functional Classification of Neurons},
  volume = {15},
  year = {2002}
}

@inproceedings{schoknecht2002convergent,
  address = {Vancouver, British Columbia, Canada},
  author = {Schoknecht, Ralf and Merke, Artur},
  booktitle = {Advances in Neural Information Processing Systems 15 (NIPS)},
  editor = {S. Becker and S. Thrun and K. Obermayer},
  month = {December},
  note = {<https://proceedings.neurips.cc/paper_files/paper/2002/file/cd3afef9b8b89558cd56638c3631868a-Paper.pdf>},
  openalex = {W2155143322},
  publisher = {MIT Press},
  series = {Conference Track Proceedings},
  title = {Convergent Combinations of Reinforcement Learning with Linear Function Approximation},
  volume = {15},
  year = {2002}
}

@inproceedings{schoknecht2002optimality,
  address = {Vancouver, British Columbia, Canada},
  author = {Schoknecht, Ralf},
  booktitle = {Advances in Neural Information Processing Systems 15 (NIPS)},
  editor = {Becker, S. and Thrun, S. and Obermayer, K.},
  month = {December},
  note = {<https://proceedings.neurips.cc/paper_files/paper/2002/file/228bbc2f87caeb21bb7f6949fddcb91d-Paper.pdf>},
  openalex = {W2109330238},
  publisher = {MIT Press},
  series = {Conference Track Proceedings},
  title = {Optimality of Reinforcement Learning Algorithms with Linear Function Approximation},
  volume = {15},
  year = {2002}
}

@inproceedings{schwaighofer2002ra,
  address = {Vancouver, British Columbia, Canada},
  author = {Schwaighofer, Anton and Tresp, Volker and Mayer, Peter and Scheel, Alexander and Müller, Gerhard},
  booktitle = {Advances in Neural Information Processing Systems 15 (NIPS)},
  editor = {Becker, S. and Thrun, S. and Obermayer, K.},
  month = {December},
  note = {<https://proceedings.neurips.cc/paper_files/paper/2002/file/211c1e0b83b9c69fa9c4bdede203c1e3-Paper.pdf>},
  openalex = {W2144849929},
  publisher = {MIT Press},
  series = {Conference Track Proceedings},
  title = {The RA Scanner: Prediction of Rheumatoid Joint Inflammation Based on Laser Imaging},
  volume = {15},
  year = {2002}
}

@inproceedings{schwaighofer2002transductive,
  address = {Vancouver, British Columbia, Canada},
  author = {Schwaighofer, Anton and Tresp, Volker},
  booktitle = {Advances in Neural Information Processing Systems 15 (NIPS)},
  editor = {Becker, S. and Thrun, S. and Obermayer, K.},
  month = {December},
  note = {<https://proceedings.neurips.cc/paper_files/paper/2002/file/329e6581efbc90bd92a1f22c4ba2103d-Paper.pdf>},
  openalex = {W2108966602},
  publisher = {MIT Press},
  series = {Conference Track Proceedings},
  title = {Transductive and Inductive Methods for Approximate Gaussian Process Regression},
  volume = {15},
  year = {2002}
}

@inproceedings{scott2002dyadic,
  address = {Vancouver, British Columbia, Canada},
  author = {Scott, Clayton and Nowak, Robert},
  booktitle = {Advances in Neural Information Processing Systems 15 (NIPS)},
  editor = {Becker, S. and Thrun, S. and Obermayer, K.},
  month = {December},
  note = {<https://proceedings.neurips.cc/paper_files/paper/2002/file/6832a7b24bc06775d02b7406880b93fc-Paper.pdf>},
  openalex = {W2169707169},
  publisher = {MIT Press},
  series = {Conference Track Proceedings},
  title = {Dyadic Classification Trees via Structural Risk Minimization},
  volume = {15},
  year = {2002}
}

@inproceedings{sha2002multiplicative,
  address = {Vancouver, British Columbia, Canada},
  author = {Sha, Fei and Saul, Lawrence and Lee, Daniel},
  booktitle = {Advances in Neural Information Processing Systems 15 (NIPS)},
  editor = {S. Becker and S. Thrun and K. Obermayer},
  month = {December},
  note = {<https://proceedings.neurips.cc/paper_files/paper/2002/file/dc16622ddc767e6bc1200fe5df2fbdfb-Paper.pdf>},
  openalex = {W2138103367},
  publisher = {MIT Press},
  series = {Conference Track Proceedings},
  title = {Multiplicative Updates for Nonnegative Quadratic Programming in Support Vector Machines},
  volume = {15},
  year = {2002}
}

@inproceedings{shapiro2002scaling,
  address = {Vancouver, British Columbia, Canada},
  author = {Shapiro, J.},
  booktitle = {Advances in Neural Information Processing Systems 15 (NIPS)},
  editor = {Becker, S. and Thrun, S. and Obermayer, K.},
  month = {December},
  note = {<https://proceedings.neurips.cc/paper_files/paper/2002/file/1943102704f8f8f3302c2b730728e023-Paper.pdf>},
  openalex = {W2108998198},
  publisher = {MIT Press},
  series = {Conference Track Proceedings},
  title = {Scaling of Probability-Based Optimization Algorithms},
  volume = {15},
  year = {2002}
}

@inproceedings{sharpee2002maximally,
  address = {Vancouver, British Columbia, Canada},
  author = {Sharpee, Tatyana and Rust, Nicole and Bialek, William},
  booktitle = {Advances in Neural Information Processing Systems 15 (NIPS)},
  editor = {Becker, S. and Thrun, S. and Obermayer, K.},
  month = {December},
  note = {<https://proceedings.neurips.cc/paper_files/paper/2002/file/69dafe8b58066478aea48f3d0f384820-Paper.pdf>},
  openalex = {W2125498357},
  publisher = {MIT Press},
  series = {Conference Track Proceedings},
  title = {Maximally Informative Dimensions: Analyzing Neural Responses to Natural Signals},
  volume = {15},
  year = {2002}
}

@inproceedings{shashua2002ranking,
  address = {Vancouver, British Columbia, Canada},
  author = {Shashua, Amnon and Levin, Anat},
  booktitle = {Advances in Neural Information Processing Systems 15 (NIPS)},
  editor = {Becker, S. and Thrun, S. and Obermayer, K.},
  month = {December},
  note = {<https://proceedings.neurips.cc/paper_files/paper/2002/file/51de85ddd068f0bc787691d356176df9-Paper.pdf>},
  openalex = {W2124105163},
  publisher = {MIT Press},
  series = {Conference Track Proceedings},
  title = {Ranking with Large Margin Principle: Two Approaches},
  volume = {15},
  year = {2002}
}

@inproceedings{shpigelman2002spikernels,
  address = {Vancouver, British Columbia, Canada},
  author = {Shpigelman, Lavi and Singer, Yoram and Paz, Rony and Vaadia, Eilon},
  booktitle = {Advances in Neural Information Processing Systems 15 (NIPS)},
  editor = {Becker, S. and Thrun, S. and Obermayer, K.},
  month = {December},
  note = {<https://proceedings.neurips.cc/paper_files/paper/2002/file/06d5ae105ea1bea4d800bc96491876e9-Paper.pdf>},
  openalex = {W2109142093},
  publisher = {MIT Press},
  series = {Conference Track Proceedings},
  title = {Spikernels: Embedding Spiking Neurons in Inner-Product Spaces},
  volume = {15},
  year = {2002}
}

@inproceedings{silva2002global,
  address = {Vancouver, British Columbia, Canada},
  author = {Silva, Vin and Tenenbaum, Joshua},
  booktitle = {Advances in Neural Information Processing Systems 15 (NIPS)},
  editor = {Becker, S. and Thrun, S. and Obermayer, K.},
  month = {December},
  note = {<https://proceedings.neurips.cc/paper_files/paper/2002/file/5d6646aad9bcc0be55b2c82f69750387-Paper.pdf>},
  publisher = {MIT Press},
  series = {Conference Track Proceedings},
  title = {Global Versus Local Methods in Nonlinear Dimensionality Reduction},
  volume = {15},
  year = {2002}
}

@inproceedings{slonim2002maximum,
  address = {Vancouver, British Columbia, Canada},
  author = {Slonim, Noam and Weiss, Yair},
  booktitle = {Advances in Neural Information Processing Systems 15 (NIPS)},
  editor = {S. Becker and S. Thrun and K. Obermayer},
  month = {December},
  note = {<https://proceedings.neurips.cc/paper_files/paper/2002/file/f3d9de86462c28781cbe5c47ef22c3e5-Paper.pdf>},
  openalex = {W2126599826},
  publisher = {MIT Press},
  series = {Conference Track Proceedings},
  title = {Maximum Likelihood and the Information Bottleneck},
  volume = {15},
  year = {2002}
}

@inproceedings{smola2002fast,
  address = {Vancouver, British Columbia, Canada},
  author = {Smola, Alex and Vishwanathan, S. V. N.},
  booktitle = {Advances in Neural Information Processing Systems 15 (NIPS)},
  editor = {Becker, S. and Thrun, S. and Obermayer, K.},
  month = {December},
  note = {<https://proceedings.neurips.cc/paper_files/paper/2002/file/743394beff4b1282ba735e5e3723ed74-Paper.pdf>},
  openalex = {W2124225821},
  publisher = {MIT Press},
  series = {Conference Track Proceedings},
  title = {Fast Kernels for String and Tree Matching},
  volume = {15},
  year = {2002}
}

@inproceedings{snover2002probabilistic,
  address = {Vancouver, British Columbia, Canada},
  author = {Snover, Matthew and Brent, Michael},
  booktitle = {Advances in Neural Information Processing Systems 15 (NIPS)},
  editor = {Becker, S. and Thrun, S. and Obermayer, K.},
  month = {December},
  note = {<https://proceedings.neurips.cc/paper_files/paper/2002/file/ae1eaa32d10b6c886981755d579fb4d8-Paper.pdf>},
  openalex = {W2131287128},
  publisher = {MIT Press},
  series = {Conference Track Proceedings},
  title = {A Probabilistic Model for Learning Concatenative Morphology},
  volume = {15},
  year = {2002}
}

@inproceedings{sokolova2002decision,
  address = {Vancouver, British Columbia, Canada},
  author = {Sokolova, Marina and Marchand, Mario and Japkowicz, Nathalie and Shawe-Taylor, John},
  booktitle = {Advances in Neural Information Processing Systems 15 (NIPS)},
  editor = {Becker, S. and Thrun, S. and Obermayer, K.},
  month = {December},
  note = {<https://proceedings.neurips.cc/paper_files/paper/2002/file/b0b79da57b95837f14be95aaa4d54cf8-Paper.pdf>},
  openalex = {W2112284223},
  publisher = {MIT Press},
  series = {Conference Track Proceedings},
  title = {The Decision List Machine},
  volume = {15},
  year = {2002}
}

@inproceedings{solak2002derivative,
  address = {Vancouver, British Columbia, Canada},
  author = {Solak, E. and Murray-Smith, R. and Leithead, W. and Leith, D. and Rasmussen, Carl},
  booktitle = {Advances in Neural Information Processing Systems 15 (NIPS)},
  editor = {Becker, S. and Thrun, S. and Obermayer, K.},
  month = {December},
  note = {<https://proceedings.neurips.cc/paper_files/paper/2002/file/5b8e4fd39d9786228649a8a8bec4e008-Paper.pdf>},
  openalex = {W2098626000},
  publisher = {MIT Press},
  series = {Conference Track Proceedings},
  title = {Derivative Observations in Gaussian Process Models of Dynamic Systems},
  volume = {15},
  year = {2002}
}

@inproceedings{solan2002automatic,
  address = {Vancouver, British Columbia, Canada},
  author = {Solan, Zach and Ruppin, Eytan and Horn, David and Edelman, Shimon},
  booktitle = {Advances in Neural Information Processing Systems 15 (NIPS)},
  editor = {S. Becker and S. Thrun and K. Obermayer},
  month = {December},
  note = {<https://proceedings.neurips.cc/paper_files/paper/2002/file/ce6c92303f38d297e263c7180f03d402-Paper.pdf>},
  openalex = {W2149902104},
  publisher = {MIT Press},
  series = {Conference Track Proceedings},
  title = {Automatic Acquisition and Efficient Representation of Syntactic Structures},
  volume = {15},
  year = {2002}
}

@inproceedings{southey2002regularized,
  address = {Vancouver, British Columbia, Canada},
  author = {Southey, Finnegan and Schuurmans, Dale and Ghodsi, Ali},
  booktitle = {Advances in Neural Information Processing Systems 15 (NIPS)},
  editor = {Becker, S. and Thrun, S. and Obermayer, K.},
  month = {December},
  note = {<https://proceedings.neurips.cc/paper_files/paper/2002/file/71560ce98c8250ce57a6a970c9991a5f-Paper.pdf>},
  openalex = {W2164968235},
  publisher = {MIT Press},
  series = {Conference Track Proceedings},
  title = {Regularized Greedy Importance Sampling},
  volume = {15},
  year = {2002}
}

@inproceedings{steck2002on,
  address = {Vancouver, British Columbia, Canada},
  author = {Steck, Harald and Jaakkola, Tommi},
  booktitle = {Advances in Neural Information Processing Systems 15 (NIPS)},
  editor = {Becker, S. and Thrun, S. and Obermayer, K.},
  month = {December},
  note = {<https://proceedings.neurips.cc/paper_files/paper/2002/file/1819932ff5cf474f4f19e7c7024640c2-Paper.pdf>},
  openalex = {W2126832325},
  publisher = {MIT Press},
  series = {Conference Track Proceedings},
  title = {On the Dirichlet Prior and Bayesian Regularization},
  volume = {15},
  year = {2002}
}

@inproceedings{storkey2002dynamic,
  address = {Vancouver, British Columbia, Canada},
  author = {Storkey, Amos J},
  booktitle = {Advances in Neural Information Processing Systems 15 (NIPS)},
  editor = {Becker, S. and Thrun, S. and Obermayer, K.},
  month = {December},
  note = {<https://proceedings.neurips.cc/paper_files/paper/2002/file/a376033f78e144f494bfc743c0be3330-Paper.pdf>},
  openalex = {W2150674738},
  publisher = {MIT Press},
  series = {Conference Track Proceedings},
  title = {Dynamic Structure Super-Resolution},
  volume = {15},
  year = {2002}
}

@inproceedings{strohmann2002formulation,
  address = {Vancouver, British Columbia, Canada},
  author = {Strohmann, Thomas and Grudic, Gregory},
  booktitle = {Advances in Neural Information Processing Systems 15 (NIPS)},
  editor = {Becker, S. and Thrun, S. and Obermayer, K.},
  month = {December},
  note = {<https://proceedings.neurips.cc/paper_files/paper/2002/file/95f8d9901ca8878e291552f001f67692-Paper.pdf>},
  openalex = {W2158897665},
  publisher = {MIT Press},
  series = {Conference Track Proceedings},
  title = {A Formulation for Minimax Probability Machine Regression},
  volume = {15},
  year = {2002}
}

@inproceedings{sykacek2002adaptive,
  address = {Vancouver, British Columbia, Canada},
  author = {Sykacek, Peter and Roberts, Stephen J.},
  booktitle = {Advances in Neural Information Processing Systems 15 (NIPS)},
  editor = {S. Becker and S. Thrun and K. Obermayer},
  month = {December},
  note = {<https://proceedings.neurips.cc/paper_files/paper/2002/file/efdf562ce2fb0ad460fd8e9d33e57f57-Paper.pdf>},
  openalex = {W2097197066},
  publisher = {MIT Press},
  series = {Conference Track Proceedings},
  title = {Adaptive Classification by Variational Kalman Filtering},
  volume = {15},
  year = {2002}
}

@inproceedings{szummer2002information,
  address = {Vancouver, British Columbia, Canada},
  author = {Szummer, Martin and Jaakkola, Tommi},
  booktitle = {Advances in Neural Information Processing Systems 15 (NIPS)},
  editor = {Becker, S. and Thrun, S. and Obermayer, K.},
  month = {December},
  note = {<https://proceedings.neurips.cc/paper_files/paper/2002/file/1145a30ff80745b56fb0cecf65305017-Paper.pdf>},
  openalex = {W2149950545},
  publisher = {MIT Press},
  series = {Conference Track Proceedings},
  title = {Information Regularization with Partially Labeled Data},
  volume = {15},
  year = {2002}
}

@inproceedings{taba2002topographic,
  address = {Vancouver, British Columbia, Canada},
  author = {Taba, Brian and Boahen, Kwabena A},
  booktitle = {Advances in Neural Information Processing Systems 15 (NIPS)},
  editor = {Becker, S. and Thrun, S. and Obermayer, K.},
  month = {December},
  note = {<https://proceedings.neurips.cc/paper_files/paper/2002/file/3323fe11e9595c09af38fe67567a9394-Paper.pdf>},
  openalex = {W2171878135},
  publisher = {MIT Press},
  series = {Conference Track Proceedings},
  title = {Topographic Map Formation by Silicon Growth Cones},
  volume = {15},
  year = {2002}
}

@inproceedings{tappen2002recovering,
  address = {Vancouver, British Columbia, Canada},
  author = {Tappen, Marshall and Freeman, William and Adelson, Edward},
  booktitle = {Advances in Neural Information Processing Systems 15 (NIPS)},
  editor = {Becker, S. and Thrun, S. and Obermayer, K.},
  month = {December},
  note = {<https://proceedings.neurips.cc/paper_files/paper/2002/file/fa2431bf9d65058fe34e9713e32d60e6-Paper.pdf>},
  openalex = {W2116919352},
  publisher = {MIT Press},
  series = {Conference Track Proceedings},
  title = {Recovering Intrinsic Images from a Single Image},
  volume = {15},
  year = {2002}
}

@inproceedings{taycher2002recovering,
  address = {Vancouver, British Columbia, Canada},
  author = {Taycher, Leonid and Iii, John and Darrell, Trevor},
  booktitle = {Advances in Neural Information Processing Systems 15 (NIPS)},
  editor = {S. Becker and S. Thrun and K. Obermayer},
  month = {December},
  note = {<https://proceedings.neurips.cc/paper_files/paper/2002/file/d51b416788b6ee70eb0c381c06efc9f1-Paper.pdf>},
  publisher = {MIT Press},
  series = {Conference Track Proceedings},
  title = {Recovering Articulated Model Topology from Observed Rigid Motion},
  volume = {15},
  year = {2002}
}

@inproceedings{teh2002automatic,
  address = {Vancouver, British Columbia, Canada},
  author = {Teh, Yee and Roweis, Sam},
  booktitle = {Advances in Neural Information Processing Systems 15 (NIPS)},
  editor = {Becker, S. and Thrun, S. and Obermayer, K.},
  month = {December},
  note = {<https://proceedings.neurips.cc/paper_files/paper/2002/file/3a1dd98341fafc1dfe9bcf36360e6b84-Paper.pdf>},
  openalex = {W2155008293},
  publisher = {MIT Press},
  series = {Conference Track Proceedings},
  title = {Automatic Alignment of Local Representations},
  volume = {15},
  year = {2002}
}

@inproceedings{tenenbaum2002theory,
  address = {Vancouver, British Columbia, Canada},
  author = {Tenenbaum, Joshua and Griffiths, Thomas},
  booktitle = {Advances in Neural Information Processing Systems 15 (NIPS)},
  editor = {S. Becker and S. Thrun and K. Obermayer},
  month = {December},
  note = {<https://proceedings.neurips.cc/paper_files/paper/2002/file/e77dbaf6759253c7c6d0efc5690369c7-Paper.pdf>},
  openalex = {W2119203777},
  publisher = {MIT Press},
  series = {Conference Track Proceedings},
  title = {Theory-Based Causal Inference},
  volume = {15},
  year = {2002}
}

@inproceedings{tieu2002unsupervised,
  address = {Vancouver, British Columbia, Canada},
  author = {Tieu, Kinh and Miller, Erik},
  booktitle = {Advances in Neural Information Processing Systems 15 (NIPS)},
  editor = {Becker, S. and Thrun, S. and Obermayer, K.},
  month = {December},
  note = {<https://proceedings.neurips.cc/paper_files/paper/2002/file/149815eb972b3c370dee3b89d645ae14-Paper.pdf>},
  publisher = {MIT Press},
  series = {Conference Track Proceedings},
  title = {Unsupervised Color Constancy},
  volume = {15},
  year = {2002}
}

@inproceedings{tipping2002bayesian,
  address = {Vancouver, British Columbia, Canada},
  author = {Tipping, Michael and Bishop, Christopher},
  booktitle = {Advances in Neural Information Processing Systems 15 (NIPS)},
  editor = {Becker, S. and Thrun, S. and Obermayer, K.},
  month = {December},
  note = {<https://proceedings.neurips.cc/paper_files/paper/2002/file/88bfcf02e7f554f9e9ea350b699bc6a7-Paper.pdf>},
  publisher = {MIT Press},
  series = {Conference Track Proceedings},
  title = {Bayesian Image Super-Resolution},
  volume = {15},
  year = {2002}
}

@inproceedings{todorov2002minimal,
  address = {Vancouver, British Columbia, Canada},
  author = {Todorov, Emanuel and Jordan, Michael},
  booktitle = {Advances in Neural Information Processing Systems 15 (NIPS)},
  editor = {Becker, S. and Thrun, S. and Obermayer, K.},
  month = {December},
  note = {<https://proceedings.neurips.cc/paper_files/paper/2002/file/8c5f6ecd29a0eb234459190ca51c16dd-Paper.pdf>},
  openalex = {W2148786331},
  publisher = {MIT Press},
  series = {Conference Track Proceedings},
  title = {A Minimal Intervention Principle for Coordinated Movement},
  volume = {15},
  year = {2002}
}

@inproceedings{tsuda2002clustering,
  address = {Vancouver, British Columbia, Canada},
  author = {Tsuda, Koji and Kawanabe, Motoaki and Müller, Klaus-Robert},
  booktitle = {Advances in Neural Information Processing Systems 15 (NIPS)},
  editor = {Becker, S. and Thrun, S. and Obermayer, K.},
  month = {December},
  note = {<https://proceedings.neurips.cc/paper_files/paper/2002/file/47810f956e3d8fb8a32fb276448b464d-Paper.pdf>},
  openalex = {W2136112386},
  publisher = {MIT Press},
  series = {Conference Track Proceedings},
  title = {Clustering with the Fisher Score},
  volume = {15},
  year = {2002}
}

@inproceedings{ueda2002parametric,
  address = {Vancouver, British Columbia, Canada},
  author = {Ueda, Naonori and Saito, Kazumi},
  booktitle = {Advances in Neural Information Processing Systems 15 (NIPS)},
  editor = {Becker, S. and Thrun, S. and Obermayer, K.},
  month = {December},
  note = {<https://proceedings.neurips.cc/paper_files/paper/2002/file/3147da8ab4a0437c15ef51a5cc7f2dc4-Paper.pdf>},
  openalex = {W2129414564},
  publisher = {MIT Press},
  series = {Conference Track Proceedings},
  title = {Parametric Mixture Models for Multi-Labeled Text},
  volume = {15},
  year = {2002}
}

@inproceedings{vasconcelos2002feature,
  address = {Vancouver, British Columbia, Canada},
  author = {Vasconcelos, Nuno},
  booktitle = {Advances in Neural Information Processing Systems 15 (NIPS)},
  editor = {Becker, S. and Thrun, S. and Obermayer, K.},
  month = {December},
  note = {<https://proceedings.neurips.cc/paper_files/paper/2002/file/bd0cc810b580b35884bd9df37c0e8b0f-Paper.pdf>},
  openalex = {W2148730406},
  publisher = {MIT Press},
  series = {Conference Track Proceedings},
  title = {Feature Selection by Maximum Marginal Diversity},
  volume = {15},
  year = {2002}
}

@inproceedings{vert2002graph,
  address = {Vancouver, British Columbia, Canada},
  author = {Vert, Jean-Philippe and Kanehisa, Minoru},
  booktitle = {Advances in Neural Information Processing Systems 15 (NIPS)},
  editor = {Becker, S. and Thrun, S. and Obermayer, K.},
  month = {December},
  note = {<https://proceedings.neurips.cc/paper_files/paper/2002/file/074177d3eb6371e32c16c55a3b8f706b-Paper.pdf>},
  openalex = {W2164104492},
  publisher = {MIT Press},
  series = {Conference Track Proceedings},
  title = {Graph-Driven Feature Extraction From Microarray Data Using Diffusion Kernels and Kernel CCA},
  volume = {15},
  year = {2002}
}

@inproceedings{vincent2002manifold,
  address = {Vancouver, British Columbia, Canada},
  author = {Vincent, Pascal and Bengio, Yoshua},
  booktitle = {Advances in Neural Information Processing Systems 15 (NIPS)},
  editor = {Becker, S. and Thrun, S. and Obermayer, K.},
  month = {December},
  note = {<https://proceedings.neurips.cc/paper_files/paper/2002/file/2d969e2cee8cfa07ce7ca0bb13c7a36d-Paper.pdf>},
  openalex = {W2161366100},
  publisher = {MIT Press},
  series = {Conference Track Proceedings},
  title = {Manifold Parzen Windows},
  volume = {15},
  year = {2002}
}

@inproceedings{vinokourov2002inferring,
  address = {Vancouver, British Columbia, Canada},
  author = {Vinokourov, Alexei and Cristianini, Nello and Shawe-Taylor, John},
  booktitle = {Advances in Neural Information Processing Systems 15 (NIPS)},
  editor = {S. Becker and S. Thrun and K. Obermayer},
  month = {December},
  note = {<https://proceedings.neurips.cc/paper_files/paper/2002/file/d5e2fbef30a4eb668a203060ec8e5eef-Paper.pdf>},
  openalex = {W2125972593},
  publisher = {MIT Press},
  series = {Conference Track Proceedings},
  title = {Inferring a Semantic Representation of Text via Cross-Language Correlation Analysis},
  volume = {15},
  year = {2002}
}

@inproceedings{vogelstein2002spike,
  address = {Vancouver, British Columbia, Canada},
  author = {Vogelstein, R. and Tenore, Francesco and Philipp, Ralf and Adlerstein, Miriam and Goldberg, David and Cauwenberghs, Gert},
  booktitle = {Advances in Neural Information Processing Systems 15 (NIPS)},
  editor = {Becker, S. and Thrun, S. and Obermayer, K.},
  month = {December},
  note = {<https://proceedings.neurips.cc/paper_files/paper/2002/file/0a87257e5308197df43230edf4ad1dae-Paper.pdf>},
  openalex = {W2163132699},
  publisher = {MIT Press},
  series = {Conference Track Proceedings},
  title = {Spike Timing-Dependent Plasticity in the Address Domain},
  volume = {15},
  year = {2002}
}

@inproceedings{wainwright2002exact,
  address = {Vancouver, British Columbia, Canada},
  author = {Wainwright, Martin J. and Jaakkola, Tommi and Willsky, Alan},
  booktitle = {Advances in Neural Information Processing Systems 15 (NIPS)},
  editor = {Becker, S. and Thrun, S. and Obermayer, K.},
  month = {December},
  note = {<https://proceedings.neurips.cc/paper_files/paper/2002/file/fea9c11c4ad9a395a636ed944a28b51a-Paper.pdf>},
  openalex = {W2129523668},
  publisher = {MIT Press},
  series = {Conference Track Proceedings},
  title = {Exact MAP Estimates by (Hyper)tree Agreement},
  volume = {15},
  year = {2002}
}

@inproceedings{wang2002reinforcement,
  address = {Vancouver, British Columbia, Canada},
  author = {Wang, Xiaofeng and Sandholm, Tuomas},
  booktitle = {Advances in Neural Information Processing Systems 15 (NIPS)},
  editor = {Becker, S. and Thrun, S. and Obermayer, K.},
  month = {December},
  note = {<https://proceedings.neurips.cc/paper_files/paper/2002/file/f8e59f4b2fe7c5705bf878bbd494ccdf-Paper.pdf>},
  openalex = {W2145067550},
  publisher = {MIT Press},
  series = {Conference Track Proceedings},
  title = {Reinforcement Learning to Play an Optimal Nash Equilibrium in Team Markov Games},
  volume = {15},
  year = {2002}
}

@inproceedings{watanabe2002application,
  address = {Vancouver, British Columbia, Canada},
  author = {Watanabe, Shinji and Minami, Yasuhiro and Nakamura, Atsushi and Ueda, Naonori},
  booktitle = {Advances in Neural Information Processing Systems 15 (NIPS)},
  editor = {S. Becker and S. Thrun and K. Obermayer},
  month = {December},
  note = {<https://proceedings.neurips.cc/paper_files/paper/2002/file/d1a21da7bca4abff8b0b61b87597de73-Paper.pdf>},
  openalex = {W2138265553},
  publisher = {MIT Press},
  series = {Conference Track Proceedings},
  title = {Application of Variational Bayesian Approach to Speech Recognition},
  volume = {15},
  year = {2002}
}

@inproceedings{watanabe2002effect,
  address = {Vancouver, British Columbia, Canada},
  author = {Watanabe, Sumio and Amari, Shun-ichi},
  booktitle = {Advances in Neural Information Processing Systems 15 (NIPS)},
  editor = {Becker, S. and Thrun, S. and Obermayer, K.},
  month = {December},
  note = {<https://proceedings.neurips.cc/paper_files/paper/2002/file/c2ba1bc54b239208cb37b901c0d3b363-Paper.pdf>},
  publisher = {MIT Press},
  series = {Conference Track Proceedings},
  title = {The Effect of Singularities in a Learning Machine when the True Parameters Do Not Lie on such Singularities},
  volume = {15},
  year = {2002}
}

@inproceedings{welling2002learning,
  address = {Vancouver, British Columbia, Canada},
  author = {Welling, Max and Osindero, Simon and Hinton, Geoffrey E.},
  booktitle = {Advances in Neural Information Processing Systems 15 (NIPS)},
  editor = {Becker, S. and Thrun, S. and Obermayer, K.},
  month = {December},
  note = {<https://proceedings.neurips.cc/paper_files/paper/2002/file/bb1662b7c5f22a0f905fd59e718ca05e-Paper.pdf>},
  openalex = {W2138448681},
  publisher = {MIT Press},
  series = {Conference Track Proceedings},
  title = {Learning Sparse Topographic Representations with Products of Student-t Distributions},
  volume = {15},
  year = {2002}
}

@inproceedings{welling2002self,
  address = {Vancouver, British Columbia, Canada},
  author = {Welling, Max and Zemel, Richard and Hinton, Geoffrey E.},
  booktitle = {Advances in Neural Information Processing Systems 15 (NIPS)},
  editor = {S. Becker and S. Thrun and K. Obermayer},
  month = {December},
  note = {<https://proceedings.neurips.cc/paper_files/paper/2002/file/cd0cbcc668fe4bc58e0af3cc7e0a653d-Paper.pdf>},
  openalex = {W2103504567},
  publisher = {MIT Press},
  series = {Conference Track Proceedings},
  title = {Self Supervised Boosting},
  volume = {15},
  year = {2002}
}

@inproceedings{weston2002kernel,
  address = {Vancouver, British Columbia, Canada},
  author = {Weston, Jason and Chapelle, Olivier and Vapnik, Vladimir and Elisseeff, André and Schölkopf, Bernhard},
  booktitle = {Advances in Neural Information Processing Systems 15 (NIPS)},
  editor = {S. Becker and S. Thrun and K. Obermayer},
  month = {December},
  note = {<https://proceedings.neurips.cc/paper_files/paper/2002/file/e069ea4c9c233d36ff9c7f329bc08ff1-Paper.pdf>},
  openalex = {W2103194807},
  publisher = {MIT Press},
  series = {Conference Track Proceedings},
  title = {Kernel Dependency Estimation},
  volume = {15},
  year = {2002}
}

@inproceedings{wiegerinck2002fractional,
  address = {Vancouver, British Columbia, Canada},
  author = {Wiegerinck, Wim and Heskes, Tom},
  booktitle = {Advances in Neural Information Processing Systems 15 (NIPS)},
  editor = {Becker, S. and Thrun, S. and Obermayer, K.},
  month = {December},
  note = {<https://proceedings.neurips.cc/paper_files/paper/2002/file/35936504a37d53e03abdfbc7318d9ec7-Paper.pdf>},
  openalex = {W2099997071},
  publisher = {MIT Press},
  series = {Conference Track Proceedings},
  title = {Fractional Belief Propagation},
  volume = {15},
  year = {2002}
}

@inproceedings{williams2002learning,
  address = {Vancouver, British Columbia, Canada},
  author = {Williams, Christopher K. I. and Titsias, Michalis},
  booktitle = {Advances in Neural Information Processing Systems 15 (NIPS)},
  editor = {S. Becker and S. Thrun and K. Obermayer},
  month = {December},
  note = {<https://proceedings.neurips.cc/paper_files/paper/2002/file/c3614206a443012045cfd75d2600af2d-Paper.pdf>},
  openalex = {W2128572830},
  publisher = {MIT Press},
  series = {Conference Track Proceedings},
  title = {Learning About Multiple Objects in Images: Factorial Learning without Factorial Search},
  volume = {15},
  year = {2002}
}

@inproceedings{williams2002stability,
  address = {Vancouver, British Columbia, Canada},
  author = {Williams, Christopher and Shawe-Taylor, John},
  booktitle = {Advances in Neural Information Processing Systems 15 (NIPS)},
  editor = {S. Becker and S. Thrun and K. Obermayer},
  month = {December},
  note = {<https://proceedings.neurips.cc/paper_files/paper/2002/file/f516dfb84b9051ed85b89cdc3a8ab7f5-Paper.pdf>},
  openalex = {W2111176881},
  publisher = {MIT Press},
  series = {Conference Track Proceedings},
  title = {The Stability of Kernel Principal Components Analysis and its Relation to the Process Eigenspectrum},
  volume = {15},
  year = {2002}
}

@inproceedings{wolfe2002bayesian,
  address = {Vancouver, British Columbia, Canada},
  author = {Wolfe, Patrick and Godsill, Simon},
  booktitle = {Advances in Neural Information Processing Systems 15 (NIPS)},
  editor = {Becker, S. and Thrun, S. and Obermayer, K.},
  month = {December},
  note = {<https://proceedings.neurips.cc/paper_files/paper/2002/file/81b3833e2504647f9d794f7d7b9bf341-Paper.pdf>},
  openalex = {W2130065889},
  publisher = {MIT Press},
  series = {Conference Track Proceedings},
  title = {Bayesian Estimation of Time-Frequency Coefficients for Audio Signal Enhancement},
  volume = {15},
  year = {2002}
}

@inproceedings{wu2002mean,
  address = {Vancouver, British Columbia, Canada},
  author = {Wu, Bin and Wong, K. and Bodoff, David},
  booktitle = {Advances in Neural Information Processing Systems 15 (NIPS)},
  editor = {Becker, S. and Thrun, S. and Obermayer, K.},
  month = {December},
  note = {<https://proceedings.neurips.cc/paper_files/paper/2002/file/a07c2f3b3b907aaf8436a26c6d77f0a2-Paper.pdf>},
  openalex = {W2151206795},
  publisher = {MIT Press},
  series = {Conference Track Proceedings},
  title = {Mean Field Approach to a Probabilistic Model in Information Retrieval},
  volume = {15},
  year = {2002}
}

@inproceedings{wu2002neural,
  address = {Vancouver, British Columbia, Canada},
  author = {Wu, W. and Black, M. and Gao, Y. and Serruya, M. and Shaikhouni, A. and Donoghue, J. and Bienenstock, Elie},
  booktitle = {Advances in Neural Information Processing Systems 15 (NIPS)},
  editor = {Becker, S. and Thrun, S. and Obermayer, K.},
  month = {December},
  note = {<https://proceedings.neurips.cc/paper_files/paper/2002/file/169779d3852b32ce8b1a1724dbf5217d-Paper.pdf>},
  openalex = {W2105044329},
  publisher = {MIT Press},
  series = {Conference Track Proceedings},
  title = {Neural Decoding of Cursor Motion Using a Kalman Filter},
  volume = {15},
  year = {2002}
}

@inproceedings{xing2002distance,
  address = {Vancouver, British Columbia, Canada},
  author = {Xing, Eric and Jordan, Michael and Russell, Stuart J. and Ng, Andrew},
  booktitle = {Advances in Neural Information Processing Systems 15 (NIPS)},
  editor = {S. Becker and S. Thrun and K. Obermayer},
  month = {December},
  note = {<https://proceedings.neurips.cc/paper_files/paper/2002/file/c3e4035af2a1cde9f21e1ae1951ac80b-Paper.pdf>},
  publisher = {MIT Press},
  series = {Conference Track Proceedings},
  title = {Distance Metric Learning with Application to Clustering with Side-Information},
  volume = {15},
  year = {2002}
}

@inproceedings{xing2002hierarchical,
  address = {Vancouver, British Columbia, Canada},
  author = {Xing, Eric and Jordan, Michael and Karp, Richard and Russell, Stuart J.},
  booktitle = {Advances in Neural Information Processing Systems 15 (NIPS)},
  editor = {S. Becker and S. Thrun and K. Obermayer},
  month = {December},
  note = {<https://proceedings.neurips.cc/paper_files/paper/2002/file/d6bcb486f72ae7b5dc68b5b7df7ec887-Paper.pdf>},
  publisher = {MIT Press},
  series = {Conference Track Proceedings},
  title = {A Hierarchical Bayesian Markovian Model for Motifs in Biopolymer Sequences},
  volume = {15},
  year = {2002}
}

@inproceedings{yanover2002approximate,
  address = {Vancouver, British Columbia, Canada},
  author = {Yanover, Chen and Weiss, Yair},
  booktitle = {Advances in Neural Information Processing Systems 15 (NIPS)},
  editor = {Becker, S. and Thrun, S. and Obermayer, K.},
  month = {December},
  note = {<https://proceedings.neurips.cc/paper_files/paper/2002/file/100d9f30ca54b18d14821dc88fea0631-Paper.pdf>},
  openalex = {W2100034662},
  publisher = {MIT Press},
  series = {Conference Track Proceedings},
  title = {Approximate Inference and Protein-Folding},
  volume = {15},
  year = {2002}
}

@inproceedings{yeung2002selectivity,
  address = {Vancouver, British Columbia, Canada},
  author = {Yeung, Luk Chong and Blais, Brian and Cooper, Leon and Shouval, Harel},
  booktitle = {Advances in Neural Information Processing Systems 15 (NIPS)},
  editor = {Becker, S. and Thrun, S. and Obermayer, K.},
  month = {December},
  note = {<https://proceedings.neurips.cc/paper_files/paper/2002/file/b440509a0106086a67bc2ea9df0a1dab-Paper.pdf>},
  openalex = {W2116354194},
  publisher = {MIT Press},
  series = {Conference Track Proceedings},
  title = {Selectivity and Metaplasticity in a Unified Calcium-Dependent Model},
  volume = {15},
  year = {2002}
}

@inproceedings{yu2002concurrent,
  address = {Vancouver, British Columbia, Canada},
  author = {Yu, Stella X. and Gross, Ralph and Shi, Jianbo},
  booktitle = {Advances in Neural Information Processing Systems 15 (NIPS)},
  editor = {Becker, S. and Thrun, S. and Obermayer, K.},
  month = {December},
  note = {<https://proceedings.neurips.cc/paper_files/paper/2002/file/b6cda17abb967ed28ec9610137aa45f7-Paper.pdf>},
  openalex = {W2136467819},
  publisher = {MIT Press},
  series = {Conference Track Proceedings},
  title = {Concurrent Object Recognition and Segmentation by Graph Partitioning},
  volume = {15},
  year = {2002}
}

@inproceedings{zhang2002effective,
  address = {Vancouver, British Columbia, Canada},
  author = {Zhang, Tong},
  booktitle = {Advances in Neural Information Processing Systems 15 (NIPS)},
  editor = {Becker, S. and Thrun, S. and Obermayer, K.},
  month = {December},
  note = {<https://proceedings.neurips.cc/paper_files/paper/2002/file/25db67c5657914454081c6a18e93d6dd-Paper.pdf>},
  openalex = {W2119340451},
  publisher = {MIT Press},
  series = {Conference Track Proceedings},
  title = {Effective Dimension and Generalization of Kernel Learning},
  volume = {15},
  year = {2002}
}

@inproceedings{zuidema2002poverty,
  address = {Vancouver, British Columbia, Canada},
  author = {Zuidema, Willem},
  booktitle = {Advances in Neural Information Processing Systems 15 (NIPS)},
  editor = {Becker, S. and Thrun, S. and Obermayer, K.},
  month = {December},
  note = {<https://proceedings.neurips.cc/paper_files/paper/2002/file/04ad5632029cbfbed8e136e5f6f7ddfa-Paper.pdf>},
  openalex = {W2120286686},
  publisher = {MIT Press},
  series = {Conference Track Proceedings},
  title = {How the Poverty of the Stimulus Solves the Poverty of the Stimulus},
  volume = {15},
  year = {2002}
}
