@inproceedings{achan2003probabilistic,
 address = {Vancouver, British Columbia, Canada},
 author = {Achan, Kannan and Roweis, Sam and Frey, Brendan J},
 booktitle = {Advances in Neural Information Processing Systems 16 (NIPS)},
 editor = {Thrun, Sebastian and Saul, Lawrence and Schölkopf, Bernhard},
 month = {December},
 note = {\url{https://proceedings.neurips.cc/paper_files/paper/2003/file/d20be76a86c0d71c75035fced631f874-Paper.pdf}},
 publisher = {MIT Press},
 series = {Conference Track Proceedings},
 title = {Probabilistic Inference of Speech Signals from Phaseless Spectrograms},
 volume = {16},
 year = {2003}
}

@inproceedings{andrews2003multiple,
 address = {Vancouver, British Columbia, Canada},
 author = {Andrews, Stuart and Hofmann, Thomas},
 booktitle = {Advances in Neural Information Processing Systems 16 (NIPS)},
 editor = {Thrun, Sebastian and Saul, Lawrence and Schölkopf, Bernhard},
 month = {December},
 note = {\url{https://proceedings.neurips.cc/paper_files/paper/2003/file/53f0d7c537d99b3824f0f99d62ea2428-Paper.pdf}},
 publisher = {MIT Press},
 series = {Conference Track Proceedings},
 title = {Multiple Instance Learning via Disjunctive Programming Boosting},
 volume = {16},
 year = {2003}
}

@inproceedings{archer2003parameterized,
 address = {Vancouver, British Columbia, Canada},
 author = {Archer, Cynthia and Leen, Todd and Baptista, António},
 booktitle = {Advances in Neural Information Processing Systems 16 (NIPS)},
 editor = {Thrun, Sebastian and Saul, Lawrence and Schölkopf, Bernhard},
 month = {December},
 note = {\url{https://proceedings.neurips.cc/paper_files/paper/2003/file/30aaf34d6afd4b11cc3b3ac4704c7908-Paper.pdf}},
 publisher = {MIT Press},
 series = {Conference Track Proceedings},
 title = {Parameterized Novelty Detectors for Environmental Sensor Monitoring},
 volume = {16},
 year = {2003}
}

@inproceedings{atwal2003ambiguous,
 address = {Vancouver, British Columbia, Canada},
 author = {Atwal, Gurinder and Bialek, William},
 booktitle = {Advances in Neural Information Processing Systems 16 (NIPS)},
 editor = {S. Thrun and L. Saul and B. Schölkopf},
 month = {December},
 note = {\url{https://proceedings.neurips.cc/paper_files/paper/2003/file/8bdb5058376143fa358981954e7626b8-Paper.pdf}},
 publisher = {MIT Press},
 series = {Conference Track Proceedings},
 title = {Ambiguous Model Learning Made Unambiguous with 1/F Priors},
 volume = {16},
 year = {2003}
}

@inproceedings{audibert2003pac,
 address = {Vancouver, British Columbia, Canada},
 author = {Audibert, Jean-Yves and Bousquet, Olivier},
 booktitle = {Advances in Neural Information Processing Systems 16 (NIPS)},
 editor = {S. Thrun and L. Saul and B. Schölkopf},
 month = {December},
 note = {\url{https://proceedings.neurips.cc/paper_files/paper/2003/file/8b4224068a41c5d37f5e2d54f3995089-Paper.pdf}},
 publisher = {MIT Press},
 series = {Conference Track Proceedings},
 title = {PAC-Bayesian Generic Chaining},
 volume = {16},
 year = {2003}
}

@inproceedings{aviel2003doubly,
 address = {Vancouver, British Columbia, Canada},
 author = {Aviel, Yuval and Horn, David and Abeles, Moshe},
 booktitle = {Advances in Neural Information Processing Systems 16 (NIPS)},
 editor = {Thrun, Sebastian and Saul, Lawrence and Schölkopf, Bernhard},
 month = {December},
 note = {\url{https://proceedings.neurips.cc/paper_files/paper/2003/file/7a68443f5c80d181c42967cd71612af1-Paper.pdf}},
 publisher = {MIT Press},
 series = {Conference Track Proceedings},
 title = {The Doubly Balanced Network of Spiking Neurons: A Memory Model with High Capacity},
 volume = {16},
 year = {2003}
}

@inproceedings{bach2003learning,
 address = {Vancouver, British Columbia, Canada},
 author = {Bach, Francis and Jordan, Michael},
 booktitle = {Advances in Neural Information Processing Systems 16 (NIPS)},
 editor = {Thrun, Sebastian and Saul, Lawrence and Schölkopf, Bernhard},
 month = {December},
 note = {\url{https://proceedings.neurips.cc/paper_files/paper/2003/file/d04863f100d59b3eb688a11f95b0ae60-Paper.pdf}},
 publisher = {MIT Press},
 series = {Conference Track Proceedings},
 title = {Learning Spectral Clustering},
 volume = {16},
 year = {2003}
}

@inproceedings{bagnell2003policy,
 address = {Vancouver, British Columbia, Canada},
 author = {Bagnell, J. and Kakade, Sham M and Schneider, Jeff and Ng, Andrew},
 booktitle = {Advances in Neural Information Processing Systems 16 (NIPS)},
 editor = {Thrun, Sebastian and Saul, Lawrence and Schölkopf, Bernhard},
 month = {December},
 note = {\url{https://proceedings.neurips.cc/paper_files/paper/2003/file/3837a451cd0abc5ce4069304c5442c87-Paper.pdf}},
 publisher = {MIT Press},
 series = {Conference Track Proceedings},
 title = {Policy Search by Dynamic Programming},
 volume = {16},
 year = {2003}
}

@inproceedings{barber2003information,
 address = {Vancouver, British Columbia, Canada},
 author = {Barber, David and Agakov, Felix},
 booktitle = {Advances in Neural Information Processing Systems 16 (NIPS)},
 editor = {S. Thrun and L. Saul and B. Schölkopf},
 month = {December},
 note = {\url{https://proceedings.neurips.cc/paper_files/paper/2003/file/a6ea8471c120fe8cc35a2954c9b9c595-Paper.pdf}},
 publisher = {MIT Press},
 series = {Conference Track Proceedings},
 title = {Information Maximization in Noisy Channels: A Variational Approach},
 volume = {16},
 year = {2003}
}

@inproceedings{bartlett2003large,
 address = {Vancouver, British Columbia, Canada},
 author = {Bartlett, Peter and Jordan, Michael and McAuliffe, Jon},
 booktitle = {Advances in Neural Information Processing Systems 16 (NIPS)},
 editor = {Thrun, Sebastian and Saul, Lawrence and Schölkopf, Bernhard},
 month = {December},
 note = {\url{https://proceedings.neurips.cc/paper_files/paper/2003/file/5dec707028b05bcbd3a1db5640f842c5-Paper.pdf}},
 publisher = {MIT Press},
 series = {Conference Track Proceedings},
 title = {Large Margin Classifiers: Convex Loss, Low Noise, and Convergence Rates},
 volume = {16},
 year = {2003}
}

@inproceedings{beardsley2003functional,
 address = {Vancouver, British Columbia, Canada},
 author = {Beardsley, Scott and Vaina, Lucia},
 booktitle = {Advances in Neural Information Processing Systems 16 (NIPS)},
 editor = {Thrun, S. and Saul, L. and Schölkopf, B.},
 month = {December},
 note = {\url{https://proceedings.neurips.cc/paper_files/paper/2003/file/fec87a37cdeec1c6ecf8181c0aa2d3bf-Paper.pdf}},
 publisher = {MIT Press},
 series = {Conference Track Proceedings},
 title = {A Functional Architecture for Motion Pattern Processing in MSTd},
 volume = {16},
 year = {2003}
}

@inproceedings{bengio2003no,
 address = {Vancouver, British Columbia, Canada},
 author = {Bengio, Yoshua and Grandvalet, Yves},
 booktitle = {Advances in Neural Information Processing Systems 16 (NIPS)},
 editor = {Thrun, Sebastian and Saul, Lawrence and Schölkopf, Bernhard},
 month = {December},
 note = {\url{https://proceedings.neurips.cc/paper_files/paper/2003/file/e82c4b19b8151ddc25d4d93baf7b908f-Paper.pdf}},
 publisher = {MIT Press},
 series = {Conference Track Proceedings},
 title = {No Unbiased Estimator of the Variance of K-Fold Cross-Validation},
 volume = {16},
 year = {2003}
}

@inproceedings{bengio2003out,
 address = {Vancouver, British Columbia, Canada},
 author = {Bengio, Yoshua and Paiement, Jean-françois and Vincent, Pascal and Delalleau, Olivier and Roux, Nicolas and Ouimet, Marie},
 booktitle = {Advances in Neural Information Processing Systems 16 (NIPS)},
 editor = {Thrun, Sebastian and Saul, Lawrence and Schölkopf, Bernhard},
 month = {December},
 note = {\url{https://proceedings.neurips.cc/paper_files/paper/2003/file/cf05968255451bdefe3c5bc64d550517-Paper.pdf}},
 publisher = {MIT Press},
 series = {Conference Track Proceedings},
 title = {Out-of-Sample Extensions for LLE, Isomap, MDS, Eigenmaps, and Spectral Clustering},
 volume = {16},
 year = {2003}
}

@inproceedings{bererton2003auction,
 address = {Vancouver, British Columbia, Canada},
 author = {Bererton, Curt and Gordon, Geoffrey J. and Thrun, Sebastian},
 booktitle = {Advances in Neural Information Processing Systems 16 (NIPS)},
 editor = {Thrun, Sebastian and Saul, Lawrence and Schölkopf, Bernhard},
 month = {December},
 note = {\url{https://proceedings.neurips.cc/paper_files/paper/2003/file/40c48dab939a482f04dcecde07e27de6-Paper.pdf}},
 publisher = {MIT Press},
 series = {Conference Track Proceedings},
 title = {Auction Mechanism Design for Multi-Robot Coordination},
 volume = {16},
 year = {2003}
}

@inproceedings{beygelzimer2003approximability,
 address = {Vancouver, British Columbia, Canada},
 author = {Beygelzimer, Alina and Rish, Irina},
 booktitle = {Advances in Neural Information Processing Systems 16 (NIPS)},
 editor = {S. Thrun and L. Saul and B. Schölkopf},
 month = {December},
 note = {\url{https://proceedings.neurips.cc/paper_files/paper/2003/file/9af76329c78e28c977ab1bcd1c3fe9b8-Paper.pdf}},
 publisher = {MIT Press},
 series = {Conference Track Proceedings},
 title = {Approximability of Probability Distributions},
 volume = {16},
 year = {2003}
}

@inproceedings{bie2003convex,
 address = {Vancouver, British Columbia, Canada},
 author = {Bie, Tijl and Cristianini, Nello},
 booktitle = {Advances in Neural Information Processing Systems 16 (NIPS)},
 editor = {S. Thrun and L. Saul and B. Schölkopf},
 month = {December},
 note = {\url{https://proceedings.neurips.cc/paper_files/paper/2003/file/83691715fdc5baf20ed0742b0b85785b-Paper.pdf}},
 publisher = {MIT Press},
 series = {Conference Track Proceedings},
 title = {Convex Methods for Transduction},
 volume = {16},
 year = {2003}
}

@inproceedings{bofillipetit2003synchrony,
 address = {Vancouver, British Columbia, Canada},
 author = {Bofill-i-petit, Adria and Murray, Alan},
 booktitle = {Advances in Neural Information Processing Systems 16 (NIPS)},
 editor = {Thrun, Sebastian and Saul, Lawrence and Schölkopf, Bernhard},
 month = {December},
 note = {\url{https://proceedings.neurips.cc/paper_files/paper/2003/file/123b7f02433572a0a560e620311a469c-Paper.pdf}},
 publisher = {MIT Press},
 series = {Conference Track Proceedings},
 title = {Synchrony Detection by Analogue VLSI Neurons with Bimodal STDP Synapses},
 volume = {16},
 year = {2003}
}

@inproceedings{bondy2003predicting,
 address = {Vancouver, British Columbia, Canada},
 author = {Bondy, Jeff and Bruce, Ian and Becker, Suzanna and Haykin, Simon},
 booktitle = {Advances in Neural Information Processing Systems 16 (NIPS)},
 editor = {Thrun, Sebastian and Saul, Lawrence and Schölkopf, Bernhard},
 month = {December},
 note = {\url{https://proceedings.neurips.cc/paper_files/paper/2003/file/777669af68dbccabc30c3b6bcaa81825-Paper.pdf}},
 publisher = {MIT Press},
 series = {Conference Track Proceedings},
 title = {Predicting Speech Intelligibility from a Population of Neurons},
 volume = {16},
 year = {2003}
}

@inproceedings{bonin2003nonlinear,
 address = {Vancouver, British Columbia, Canada},
 author = {Bonin, Vincent and Mante, Valerio and Carandini, Matteo},
 booktitle = {Advances in Neural Information Processing Systems 16 (NIPS)},
 editor = {Thrun, Sebastian and Saul, Lawrence and Schölkopf, Bernhard},
 month = {December},
 note = {\url{https://proceedings.neurips.cc/paper_files/paper/2003/file/2aedcba61ca55ceb62d785c6b7f10a83-Paper.pdf}},
 publisher = {MIT Press},
 series = {Conference Track Proceedings},
 title = {Nonlinear Processing in LGN Neurons},
 volume = {16},
 year = {2003}
}

@inproceedings{borodin2003can,
 address = {Vancouver, British Columbia, Canada},
 author = {Borodin, Allan and El-Yaniv, Ran and Gogan, Vincent},
 booktitle = {Advances in Neural Information Processing Systems 16 (NIPS)},
 editor = {S. Thrun and L. Saul and B. Schölkopf},
 month = {December},
 note = {\url{https://proceedings.neurips.cc/paper_files/paper/2003/file/8c9f32e03aeb2e3000825c8c875c4edd-Paper.pdf}},
 publisher = {MIT Press},
 series = {Conference Track Proceedings},
 title = {Can We Learn to Beat the Best Stock},
 volume = {16},
 year = {2003}
}

@inproceedings{bottou2003large,
 address = {Vancouver, British Columbia, Canada},
 author = {Bottou, Léon and Cun, Yann},
 booktitle = {Advances in Neural Information Processing Systems 16 (NIPS)},
 editor = {S. Thrun and L. Saul and B. Schölkopf},
 month = {December},
 note = {\url{https://proceedings.neurips.cc/paper_files/paper/2003/file/9fb7b048c96d44a0337f049e0a61ff06-Paper.pdf}},
 publisher = {MIT Press},
 series = {Conference Track Proceedings},
 title = {Large Scale Online Learning},
 volume = {16},
 year = {2003}
}

@inproceedings{bousquet2003measure,
 address = {Vancouver, British Columbia, Canada},
 author = {Bousquet, Olivier and Chapelle, Olivier and Hein, Matthias},
 booktitle = {Advances in Neural Information Processing Systems 16 (NIPS)},
 editor = {Thrun, Sebastian and Saul, Lawrence and Schölkopf, Bernhard},
 month = {December},
 note = {\url{https://proceedings.neurips.cc/paper_files/paper/2003/file/7884a9652e94555c70f96b6be63be216-Paper.pdf}},
 publisher = {MIT Press},
 series = {Conference Track Proceedings},
 title = {Measure Based Regularization},
 volume = {16},
 year = {2003}
}

@inproceedings{brand2003minimax,
 address = {Vancouver, British Columbia, Canada},
 author = {Brand, Matthew},
 booktitle = {Advances in Neural Information Processing Systems 16 (NIPS)},
 editor = {Thrun, Sebastian and Saul, Lawrence and Schölkopf, Bernhard},
 month = {December},
 note = {\url{https://proceedings.neurips.cc/paper_files/paper/2003/file/5f14615696649541a025d3d0f8e0447f-Paper.pdf}},
 publisher = {MIT Press},
 series = {Conference Track Proceedings},
 title = {Minimax Embeddings},
 volume = {16},
 year = {2003}
}

@inproceedings{campbell2003phonetic,
 address = {Vancouver, British Columbia, Canada},
 author = {Campbell, William and Campbell, Joseph and Reynolds, Douglas and Jones, Douglas and Leek, Timothy},
 booktitle = {Advances in Neural Information Processing Systems 16 (NIPS)},
 editor = {S. Thrun and L. Saul and B. Schölkopf},
 month = {December},
 note = {\url{https://proceedings.neurips.cc/paper_files/paper/2003/file/a6d259bfbfa2062843ef543e21d7ec8e-Paper.pdf}},
 publisher = {MIT Press},
 series = {Conference Track Proceedings},
 title = {Phonetic Speaker Recognition with Support Vector Machines},
 volume = {16},
 year = {2003}
}

@inproceedings{carreras2003online,
 address = {Vancouver, British Columbia, Canada},
 author = {Carreras, Xavier and Márquez, Lluís},
 booktitle = {Advances in Neural Information Processing Systems 16 (NIPS)},
 editor = {Thrun, Sebastian and Saul, Lawrence and Schölkopf, Bernhard},
 month = {December},
 note = {\url{https://proceedings.neurips.cc/paper_files/paper/2003/file/6be93f7a96fed60c477d30ae1de032fd-Paper.pdf}},
 publisher = {MIT Press},
 series = {Conference Track Proceedings},
 title = {Online Learning via Global Feedback for Phrase Recognition},
 volume = {16},
 year = {2003}
}

@inproceedings{chang2003learning,
 address = {Vancouver, British Columbia, Canada},
 author = {Chang, Yu-han and Ho, Tracey and Kaelbling, Leslie},
 booktitle = {Advances in Neural Information Processing Systems 16 (NIPS)},
 editor = {Thrun, Sebastian and Saul, Lawrence and Schölkopf, Bernhard},
 month = {December},
 note = {\url{https://proceedings.neurips.cc/paper_files/paper/2003/file/c8067ad1937f728f51288b3eb986afaa-Paper.pdf}},
 publisher = {MIT Press},
 series = {Conference Track Proceedings},
 title = {All learning is Local: Multi-agent Learning in Global Reward Games},
 volume = {16},
 year = {2003}
}

@inproceedings{chechik2003information,
 address = {Vancouver, British Columbia, Canada},
 author = {Chechik, Gal and Globerson, Amir and Tishby, Naftali and Weiss, Yair},
 booktitle = {Advances in Neural Information Processing Systems 16 (NIPS)},
 editor = {S. Thrun and L. Saul and B. Schölkopf},
 month = {December},
 note = {\url{https://proceedings.neurips.cc/paper_files/paper/2003/file/7e05d6f828574fbc975a896b25bb011e-Paper.pdf}},
 publisher = {MIT Press},
 series = {Conference Track Proceedings},
 title = {Information Bottleneck for Gaussian Variables},
 volume = {16},
 year = {2003}
}

@inproceedings{chen2003minimising,
 address = {Vancouver, British Columbia, Canada},
 author = {Chen, Hsin and Fleury, Patrice and Murray, Alan},
 booktitle = {Advances in Neural Information Processing Systems 16 (NIPS)},
 editor = {Thrun, Sebastian and Saul, Lawrence and Schölkopf, Bernhard},
 month = {December},
 note = {\url{https://proceedings.neurips.cc/paper_files/paper/2003/file/d9ff90f4000eacd3a6c9cb27f78994cf-Paper.pdf}},
 publisher = {MIT Press},
 series = {Conference Track Proceedings},
 title = {Minimising Contrastive Divergence in Noisy, Mixed-mode VLSI Neurons},
 volume = {16},
 year = {2003}
}

@inproceedings{chigirev2003optimal,
 address = {Vancouver, British Columbia, Canada},
 author = {Chigirev, Denis and Bialek, William},
 booktitle = {Advances in Neural Information Processing Systems 16 (NIPS)},
 editor = {Thrun, Sebastian and Saul, Lawrence and Schölkopf, Bernhard},
 month = {December},
 note = {\url{https://proceedings.neurips.cc/paper_files/paper/2003/file/bc7f621451b4f5df308a8e098112185d-Paper.pdf}},
 publisher = {MIT Press},
 series = {Conference Track Proceedings},
 title = {Optimal Manifold Representation of Data: An Information Theoretic Approach},
 volume = {16},
 year = {2003}
}

@inproceedings{chudova2003gene,
 address = {Vancouver, British Columbia, Canada},
 author = {Chudova, Darya and Hart, Christopher and Mjolsness, Eric and Smyth, Padhraic},
 booktitle = {Advances in Neural Information Processing Systems 16 (NIPS)},
 editor = {S. Thrun and L. Saul and B. Schölkopf},
 month = {December},
 note = {\url{https://proceedings.neurips.cc/paper_files/paper/2003/file/9ed9328611fe3f45b3cce8ffe386ee97-Paper.pdf}},
 publisher = {MIT Press},
 series = {Conference Track Proceedings},
 title = {Gene Expression Clustering with Functional Mixture Models},
 volume = {16},
 year = {2003}
}

@inproceedings{cortes2003auc,
 address = {Vancouver, British Columbia, Canada},
 author = {Cortes, Corinna and Mohri, Mehryar},
 booktitle = {Advances in Neural Information Processing Systems 16 (NIPS)},
 editor = {Thrun, Sebastian and Saul, Lawrence and Schölkopf, Bernhard},
 month = {December},
 note = {\url{https://proceedings.neurips.cc/paper_files/paper/2003/file/6ef80bb237adf4b6f77d0700e1255907-Paper.pdf}},
 publisher = {MIT Press},
 series = {Conference Track Proceedings},
 title = {AUC Optimization vs. Error Rate Minimization},
 volume = {16},
 year = {2003}
}

@inproceedings{courville2003model,
 address = {Vancouver, British Columbia, Canada},
 author = {Courville, Aaron C. and Gordon, Geoffrey J. and Touretzky, David and Daw, Nathaniel},
 booktitle = {Advances in Neural Information Processing Systems 16 (NIPS)},
 editor = {Thrun, Sebastian and Saul, Lawrence and Schölkopf, Bernhard},
 month = {December},
 note = {\url{https://proceedings.neurips.cc/paper_files/paper/2003/file/55a988dfb00a914717b3000a3374694c-Paper.pdf}},
 publisher = {MIT Press},
 series = {Conference Track Proceedings},
 title = {Model Uncertainty in Classical Conditioning},
 volume = {16},
 year = {2003}
}

@inproceedings{crammer2003online,
 address = {Vancouver, British Columbia, Canada},
 author = {Crammer, Koby and Kandola, Jaz and Singer, Yoram},
 booktitle = {Advances in Neural Information Processing Systems 16 (NIPS)},
 editor = {Thrun, Sebastian and Saul, Lawrence and Schölkopf, Bernhard},
 month = {December},
 note = {\url{https://proceedings.neurips.cc/paper_files/paper/2003/file/1a68e5f4ade56ed1d4bf273e55510750-Paper.pdf}},
 publisher = {MIT Press},
 series = {Conference Track Proceedings},
 title = {Online Classification on a Budget},
 volume = {16},
 year = {2003}
}

@inproceedings{dayan2003plasticity,
 address = {Vancouver, British Columbia, Canada},
 author = {Dayan, Peter and Häusser, Michael and London, Michael},
 booktitle = {Advances in Neural Information Processing Systems 16 (NIPS)},
 editor = {S. Thrun and L. Saul and B. Schölkopf},
 month = {December},
 note = {\url{https://proceedings.neurips.cc/paper_files/paper/2003/file/a554f89dd61cabd2ff833d3468e2008a-Paper.pdf}},
 publisher = {MIT Press},
 series = {Conference Track Proceedings},
 title = {Plasticity Kernels and Temporal Statistics},
 volume = {16},
 year = {2003}
}

@inproceedings{de2003to,
 address = {Vancouver, British Columbia, Canada},
 author = {de Farias, Daniela and Megiddo, Nimrod},
 booktitle = {Advances in Neural Information Processing Systems 16 (NIPS)},
 editor = {Thrun, Sebastian and Saul, Lawrence and Schölkopf, Bernhard},
 month = {December},
 note = {\url{https://proceedings.neurips.cc/paper_files/paper/2003/file/3430095c577593aad3c39c701712bcfe-Paper.pdf}},
 publisher = {MIT Press},
 series = {Conference Track Proceedings},
 title = {How to Combine Expert (and Novice) Advice when Actions Impact the Environment?},
 volume = {16},
 year = {2003}
}

@inproceedings{dekel2003log,
 address = {Vancouver, British Columbia, Canada},
 author = {Dekel, Ofer and Singer, Yoram and Manning, Christopher D},
 booktitle = {Advances in Neural Information Processing Systems 16 (NIPS)},
 editor = {Thrun, Sebastian and Saul, Lawrence and Schölkopf, Bernhard},
 month = {December},
 note = {\url{https://proceedings.neurips.cc/paper_files/paper/2003/file/217c0e01c1828e7279051f1b6675745d-Paper.pdf}},
 publisher = {MIT Press},
 series = {Conference Track Proceedings},
 title = {Log-Linear Models for Label Ranking},
 volume = {16},
 year = {2003}
}

@inproceedings{derbeko2003error,
 address = {Vancouver, British Columbia, Canada},
 author = {Derbeko, Philip and El-Yaniv, Ran and Meir, Ron},
 booktitle = {Advances in Neural Information Processing Systems 16 (NIPS)},
 editor = {S. Thrun and L. Saul and B. Schölkopf},
 month = {December},
 note = {\url{https://proceedings.neurips.cc/paper_files/paper/2003/file/81b073de9370ea873f548e31b8adc081-Paper.pdf}},
 publisher = {MIT Press},
 series = {Conference Track Proceedings},
 title = {Error Bounds for Transductive Learning via Compression and Clustering},
 volume = {16},
 year = {2003}
}

@inproceedings{donoho2003does,
 address = {Vancouver, British Columbia, Canada},
 author = {Donoho, David and Stodden, Victoria},
 booktitle = {Advances in Neural Information Processing Systems 16 (NIPS)},
 editor = {Thrun, Sebastian and Saul, Lawrence and Schölkopf, Bernhard},
 month = {December},
 note = {\url{https://proceedings.neurips.cc/paper_files/paper/2003/file/1843e35d41ccf6e63273495ba42df3c1-Paper.pdf}},
 publisher = {MIT Press},
 series = {Conference Track Proceedings},
 title = {When Does Non-Negative Matrix Factorization Give a Correct Decomposition into Parts?},
 volume = {16},
 year = {2003}
}

@inproceedings{dornhege2003increase,
 address = {Vancouver, British Columbia, Canada},
 author = {Dornhege, Guido and Blankertz, Benjamin and Curio, Gabriel and Müller, Klaus-Robert},
 booktitle = {Advances in Neural Information Processing Systems 16 (NIPS)},
 editor = {Thrun, Sebastian and Saul, Lawrence and Schölkopf, Bernhard},
 month = {December},
 note = {\url{https://proceedings.neurips.cc/paper_files/paper/2003/file/ea159dc9788ffac311592613b7f71fbb-Paper.pdf}},
 publisher = {MIT Press},
 series = {Conference Track Proceedings},
 title = {Increase Information Transfer Rates in BCI by CSP Extension to Multi-class},
 volume = {16},
 year = {2003}
}

@inproceedings{dunn2003circuit,
 address = {Vancouver, British Columbia, Canada},
 author = {Dunn, Nathan A. and Conery, John S. and Lockery, Shawn},
 booktitle = {Advances in Neural Information Processing Systems 16 (NIPS)},
 editor = {S. Thrun and L. Saul and B. Schölkopf},
 month = {December},
 note = {\url{https://proceedings.neurips.cc/paper_files/paper/2003/file/ab8aa05e782481f55fc1412a97e7ac34-Paper.pdf}},
 publisher = {MIT Press},
 series = {Conference Track Proceedings},
 title = {Circuit Optimization Predicts Dynamic Networks for Chemosensory Orientation in Nematode C. elegans},
 volume = {16},
 year = {2003}
}

@inproceedings{eichhorn2003prediction,
 address = {Vancouver, British Columbia, Canada},
 author = {Eichhorn, Jan and Tolias, Andreas and Zien, Alexander and Kuss, Malte and Weston, Jason and Logothetis, Nikos and Schölkopf, Bernhard and Rasmussen, Carl},
 booktitle = {Advances in Neural Information Processing Systems 16 (NIPS)},
 editor = {Thrun, Sebastian and Saul, Lawrence and Schölkopf, Bernhard},
 month = {December},
 note = {\url{https://proceedings.neurips.cc/paper_files/paper/2003/file/d095a94d20dcaf7aa07301948549bede-Paper.pdf}},
 publisher = {MIT Press},
 series = {Conference Track Proceedings},
 title = {Prediction on Spike Data Using Kernel Algorithms},
 volume = {16},
 year = {2003}
}

@inproceedings{eskin2003laplace,
 address = {Vancouver, British Columbia, Canada},
 author = {Eskin, Eleazar and Smola, Alex and Vishwanathan, S. V. N.},
 booktitle = {Advances in Neural Information Processing Systems 16 (NIPS)},
 editor = {S. Thrun and L. Saul and B. Schölkopf},
 month = {December},
 note = {\url{https://proceedings.neurips.cc/paper_files/paper/2003/file/7fd804295ef7f6a2822bf4c61f9dc4a8-Paper.pdf}},
 publisher = {MIT Press},
 series = {Conference Track Proceedings},
 title = {Laplace Propagation},
 volume = {16},
 year = {2003}
}

@inproceedings{fang2003human,
 address = {Vancouver, British Columbia, Canada},
 author = {Fang, Fang and Kersten, Daniel and Schrater, Paul R and Yuille, Alan L},
 booktitle = {Advances in Neural Information Processing Systems 16 (NIPS)},
 editor = {Thrun, Sebastian and Saul, Lawrence and Schölkopf, Bernhard},
 month = {December},
 note = {\url{https://proceedings.neurips.cc/paper_files/paper/2003/file/1f34004ebcb05f9acda6016d5cc52d5e-Paper.pdf}},
 publisher = {MIT Press},
 series = {Conference Track Proceedings},
 title = {Human and Ideal Observers for Detecting Image Curves},
 volume = {16},
 year = {2003}
}

@inproceedings{fanti2003improved,
 address = {Vancouver, British Columbia, Canada},
 author = {Fanti, Claudio and Polito, Marzia and Perona, Pietro},
 booktitle = {Advances in Neural Information Processing Systems 16 (NIPS)},
 editor = {Thrun, Sebastian and Saul, Lawrence and Schölkopf, Bernhard},
 month = {December},
 note = {\url{https://proceedings.neurips.cc/paper_files/paper/2003/file/466accbac9a66b805ba50e42ad715740-Paper.pdf}},
 publisher = {MIT Press},
 series = {Conference Track Proceedings},
 title = {An Improved Scheme for Detection and Labelling in Johansson Displays},
 volume = {16},
 year = {2003}
}

@inproceedings{felzenszwalb2003fast,
 address = {Vancouver, British Columbia, Canada},
 author = {Felzenszwalb, Pedro and Huttenlocher, Daniel and Kleinberg, Jon},
 booktitle = {Advances in Neural Information Processing Systems 16 (NIPS)},
 editor = {S. Thrun and L. Saul and B. Schölkopf},
 month = {December},
 note = {\url{https://proceedings.neurips.cc/paper_files/paper/2003/file/9407c826d8e3c07ad37cb2d13d1cb641-Paper.pdf}},
 publisher = {MIT Press},
 series = {Conference Track Proceedings},
 title = {Fast Algorithms for Large-State-Space HMMs with Applications to Web Usage Analysis},
 volume = {16},
 year = {2003}
}

@inproceedings{ferguson2003autonomous,
 address = {Vancouver, British Columbia, Canada},
 author = {Ferguson, David and Morris, Aaron and Hähnel, Dirk and Baker, Christopher and Omohundro, Zachary and Reverte, Carlos and Thayer, Scott and Whittaker, Charles and Whittaker, William and Burgard, Wolfram and Thrun, Sebastian},
 booktitle = {Advances in Neural Information Processing Systems 16 (NIPS)},
 editor = {Thrun, Sebastian and Saul, Lawrence and Schölkopf, Bernhard},
 month = {December},
 note = {\url{https://proceedings.neurips.cc/paper_files/paper/2003/file/54b2b21af94108d83c2a909d5b0a6a50-Paper.pdf}},
 publisher = {MIT Press},
 series = {Conference Track Proceedings},
 title = {An Autonomous Robotic System for Mapping Abandoned Mines},
 volume = {16},
 year = {2003}
}

@inproceedings{fern2003approximate,
 address = {Vancouver, British Columbia, Canada},
 author = {Fern, Alan and Yoon, Sungwook and Givan, Robert},
 booktitle = {Advances in Neural Information Processing Systems 16 (NIPS)},
 editor = {S. Thrun and L. Saul and B. Schölkopf},
 month = {December},
 note = {\url{https://proceedings.neurips.cc/paper_files/paper/2003/file/7cf64379eb6f29a4d25c4b6a2df713e4-Paper.pdf}},
 publisher = {MIT Press},
 series = {Conference Track Proceedings},
 title = {Approximate Policy Iteration with a Policy Language Bias},
 volume = {16},
 year = {2003}
}

@inproceedings{fink2003mutual,
 address = {Vancouver, British Columbia, Canada},
 author = {Fink, Michael and Perona, Pietro},
 booktitle = {Advances in Neural Information Processing Systems 16 (NIPS)},
 editor = {Thrun, Sebastian and Saul, Lawrence and Schölkopf, Bernhard},
 month = {December},
 note = {\url{https://proceedings.neurips.cc/paper_files/paper/2003/file/070dbb6024b5ef93784428afc71f2146-Paper.pdf}},
 publisher = {MIT Press},
 series = {Conference Track Proceedings},
 title = {Mutual Boosting for Contextual Inference},
 volume = {16},
 year = {2003}
}

@inproceedings{fischer2003clustering,
 address = {Vancouver, British Columbia, Canada},
 author = {Fischer, Bernd and Roth, Volker and Buhmann, Joachim},
 booktitle = {Advances in Neural Information Processing Systems 16 (NIPS)},
 editor = {Thrun, Sebastian and Saul, Lawrence and Schölkopf, Bernhard},
 month = {December},
 note = {\url{https://proceedings.neurips.cc/paper_files/paper/2003/file/cc0991344c3d760ae42259064406bae1-Paper.pdf}},
 publisher = {MIT Press},
 series = {Conference Track Proceedings},
 title = {Clustering with the Connectivity Kernel},
 volume = {16},
 year = {2003}
}

@inproceedings{fischer2003probabilistic,
 address = {Vancouver, British Columbia, Canada},
 author = {Fischer, Brian and Anderson, Charles},
 booktitle = {Advances in Neural Information Processing Systems 16 (NIPS)},
 editor = {S. Thrun and L. Saul and B. Schölkopf},
 month = {December},
 note = {\url{https://proceedings.neurips.cc/paper_files/paper/2003/file/959ef477884b6ac2241b19ee4fb776ae-Paper.pdf}},
 publisher = {MIT Press},
 series = {Conference Track Proceedings},
 title = {A Probabilistic Model of Auditory Space Representation in the Barn Owl},
 volume = {16},
 year = {2003}
}

@inproceedings{fukumizu2003kernel,
 address = {Vancouver, British Columbia, Canada},
 author = {Fukumizu, Kenji and Bach, Francis and Jordan, Michael},
 booktitle = {Advances in Neural Information Processing Systems 16 (NIPS)},
 editor = {S. Thrun and L. Saul and B. Schölkopf},
 month = {December},
 note = {\url{https://proceedings.neurips.cc/paper_files/paper/2003/file/84b20b1f5a0d103f5710bb67a043cd78-Paper.pdf}},
 publisher = {MIT Press},
 series = {Conference Track Proceedings},
 title = {Kernel Dimensionality Reduction for Supervised Learning},
 volume = {16},
 year = {2003}
}

@inproceedings{garcez2003reasoning,
 address = {Vancouver, British Columbia, Canada},
 author = {Garcez, Artur and Lamb, Luis},
 booktitle = {Advances in Neural Information Processing Systems 16 (NIPS)},
 editor = {Thrun, Sebastian and Saul, Lawrence and Schölkopf, Bernhard},
 month = {December},
 note = {\url{https://proceedings.neurips.cc/paper_files/paper/2003/file/347665597cbfaef834886adbb848011f-Paper.pdf}},
 publisher = {MIT Press},
 series = {Conference Track Proceedings},
 title = {Reasoning about Time and Knowledge in Neural Symbolic Learning Systems},
 volume = {16},
 year = {2003}
}

@inproceedings{gardiol2003envelope,
 address = {Vancouver, British Columbia, Canada},
 author = {Gardiol, Natalia and Kaelbling, Leslie},
 booktitle = {Advances in Neural Information Processing Systems 16 (NIPS)},
 editor = {Thrun, Sebastian and Saul, Lawrence and Schölkopf, Bernhard},
 month = {December},
 note = {\url{https://proceedings.neurips.cc/paper_files/paper/2003/file/4a06d868d044c50af0cf9bc82d2fc19f-Paper.pdf}},
 publisher = {MIT Press},
 series = {Conference Track Proceedings},
 title = {Envelope-based Planning in Relational MDPs},
 volume = {16},
 year = {2003}
}

@inproceedings{gentile2003fast,
 address = {Vancouver, British Columbia, Canada},
 author = {Gentile, Claudio},
 booktitle = {Advances in Neural Information Processing Systems 16 (NIPS)},
 editor = {Thrun, Sebastian and Saul, Lawrence and Schölkopf, Bernhard},
 month = {December},
 note = {\url{https://proceedings.neurips.cc/paper_files/paper/2003/file/ba3e9b6a519cfddc560b5d53210df1bd-Paper.pdf}},
 publisher = {MIT Press},
 series = {Conference Track Proceedings},
 title = {Fast Feature Selection from Microarray Expression Data via Multiplicative Large Margin Algorithms},
 volume = {16},
 year = {2003}
}

@inproceedings{girolami2003simplicial,
 address = {Vancouver, British Columbia, Canada},
 author = {Girolami, Mark and Kabán, Ata},
 booktitle = {Advances in Neural Information Processing Systems 16 (NIPS)},
 editor = {Thrun, Sebastian and Saul, Lawrence and Schölkopf, Bernhard},
 month = {December},
 note = {\url{https://proceedings.neurips.cc/paper_files/paper/2003/file/4a8423d5e91fda00bb7e46540e2b0cf1-Paper.pdf}},
 publisher = {MIT Press},
 series = {Conference Track Proceedings},
 title = {Simplicial Mixtures of Markov Chains: Distributed Modelling of Dynamic User Profiles},
 volume = {16},
 year = {2003}
}

@inproceedings{graepel2003invariant,
 address = {Vancouver, British Columbia, Canada},
 author = {Graepel, Thore and Herbrich, Ralf},
 booktitle = {Advances in Neural Information Processing Systems 16 (NIPS)},
 editor = {Thrun, Sebastian and Saul, Lawrence and Schölkopf, Bernhard},
 month = {December},
 note = {\url{https://proceedings.neurips.cc/paper_files/paper/2003/file/bd7db7397f7d83052f829816ecc7f004-Paper.pdf}},
 publisher = {MIT Press},
 series = {Conference Track Proceedings},
 title = {Invariant Pattern Recognition by Semi-Definite Programming Machines},
 volume = {16},
 year = {2003}
}

@inproceedings{graepel2003semi,
 address = {Vancouver, British Columbia, Canada},
 author = {Graepel, Thore and Herbrich, Ralf and Kharechko, Andriy and Shawe-Taylor, John},
 booktitle = {Advances in Neural Information Processing Systems 16 (NIPS)},
 editor = {Thrun, Sebastian and Saul, Lawrence and Schölkopf, Bernhard},
 month = {December},
 note = {\url{https://proceedings.neurips.cc/paper_files/paper/2003/file/f708f064faaf32a43e4d3c784e6af9ea-Paper.pdf}},
 publisher = {MIT Press},
 series = {Conference Track Proceedings},
 title = {Semi-Definite Programming by Perceptron Learning},
 volume = {16},
 year = {2003}
}

@inproceedings{griffiths2003from,
 address = {Vancouver, British Columbia, Canada},
 author = {Griffiths, Thomas and Tenenbaum, Joshua},
 booktitle = {Advances in Neural Information Processing Systems 16 (NIPS)},
 editor = {S. Thrun and L. Saul and B. Schölkopf},
 month = {December},
 note = {\url{https://proceedings.neurips.cc/paper_files/paper/2003/file/b06b5541a62ed438f956b662b4e1ec28-Paper.pdf}},
 publisher = {MIT Press},
 series = {Conference Track Proceedings},
 title = {From Algorithmic to Subjective Randomness},
 volume = {16},
 year = {2003}
}

@inproceedings{griffiths2003hierarchical,
 address = {Vancouver, British Columbia, Canada},
 author = {Griffiths, Thomas and Jordan, Michael and Tenenbaum, Joshua and Blei, David},
 booktitle = {Advances in Neural Information Processing Systems 16 (NIPS)},
 editor = {Thrun, Sebastian and Saul, Lawrence and Schölkopf, Bernhard},
 month = {December},
 note = {\url{https://proceedings.neurips.cc/paper_files/paper/2003/file/7b41bfa5085806dfa24b8c9de0ce567f-Paper.pdf}},
 publisher = {MIT Press},
 series = {Conference Track Proceedings},
 title = {Hierarchical Topic Models and the Nested Chinese Restaurant Process},
 volume = {16},
 year = {2003}
}

@inproceedings{gruber2003dopamine,
 address = {Vancouver, British Columbia, Canada},
 author = {Gruber, Aaron and Dayan, Peter and Gutkin, Boris and Solla, Sara},
 booktitle = {Advances in Neural Information Processing Systems 16 (NIPS)},
 editor = {Thrun, Sebastian and Saul, Lawrence and Schölkopf, Bernhard},
 month = {December},
 note = {\url{https://proceedings.neurips.cc/paper_files/paper/2003/file/ea204361fe7f024b130143eb3e189a18-Paper.pdf}},
 publisher = {MIT Press},
 series = {Conference Track Proceedings},
 title = {Dopamine Modulation in a Basal Ganglio-Cortical Network of Working Memory},
 volume = {16},
 year = {2003}
}

@inproceedings{gruber2003factorization,
 address = {Vancouver, British Columbia, Canada},
 author = {Gruber, Amit and Weiss, Yair},
 booktitle = {Advances in Neural Information Processing Systems 16 (NIPS)},
 editor = {S. Thrun and L. Saul and B. Schölkopf},
 month = {December},
 note = {\url{https://proceedings.neurips.cc/paper_files/paper/2003/file/8a20a8621978632d76c43dfd28b67767-Paper.pdf}},
 publisher = {MIT Press},
 series = {Conference Track Proceedings},
 title = {Factorization with Uncertainty and Missing Data: Exploiting Temporal Coherence},
 volume = {16},
 year = {2003}
}

@inproceedings{hamerly2003learning,
 address = {Vancouver, British Columbia, Canada},
 author = {Hamerly, Greg and Elkan, Charles},
 booktitle = {Advances in Neural Information Processing Systems 16 (NIPS)},
 editor = {Thrun, Sebastian and Saul, Lawrence and Schölkopf, Bernhard},
 month = {December},
 note = {\url{https://proceedings.neurips.cc/paper_files/paper/2003/file/234833147b97bb6aed53a8f4f1c7a7d8-Paper.pdf}},
 publisher = {MIT Press},
 series = {Conference Track Proceedings},
 title = {Learning the k in k-means},
 volume = {16},
 year = {2003}
}

@inproceedings{harrison2003low,
 address = {Vancouver, British Columbia, Canada},
 author = {Harrison, Reid},
 booktitle = {Advances in Neural Information Processing Systems 16 (NIPS)},
 editor = {Thrun, Sebastian and Saul, Lawrence and Schölkopf, Bernhard},
 month = {December},
 note = {\url{https://proceedings.neurips.cc/paper_files/paper/2003/file/46515dcd99ea50dd0671bc6840830404-Paper.pdf}},
 publisher = {MIT Press},
 series = {Conference Track Proceedings},
 title = {A Low-Power Analog VLSI Visual Collision Detector},
 volume = {16},
 year = {2003}
}

@inproceedings{hatano2003boosting,
 address = {Vancouver, British Columbia, Canada},
 author = {Hatano, Kohei and Warmuth, Manfred K. K.},
 booktitle = {Advances in Neural Information Processing Systems 16 (NIPS)},
 editor = {S. Thrun and L. Saul and B. Schölkopf},
 month = {December},
 note = {\url{https://proceedings.neurips.cc/paper_files/paper/2003/file/9824f9c1543628a85bb51d2dd6fcf8a3-Paper.pdf}},
 publisher = {MIT Press},
 series = {Conference Track Proceedings},
 title = {Boosting versus Covering},
 volume = {16},
 year = {2003}
}

@inproceedings{hauskrecht2003linear,
 address = {Vancouver, British Columbia, Canada},
 author = {Hauskrecht, Milos and Kveton, Branislav},
 booktitle = {Advances in Neural Information Processing Systems 16 (NIPS)},
 editor = {Thrun, Sebastian and Saul, Lawrence and Schölkopf, Bernhard},
 month = {December},
 note = {\url{https://proceedings.neurips.cc/paper_files/paper/2003/file/1fb2a1c37b18aa4611c3949d6148d0f8-Paper.pdf}},
 publisher = {MIT Press},
 series = {Conference Track Proceedings},
 title = {Linear Program Approximations for Factored Continuous-State Markov Decision Processes},
 volume = {16},
 year = {2003}
}

@inproceedings{he2003locality,
 address = {Vancouver, British Columbia, Canada},
 author = {He, Xiaofei and Niyogi, Partha},
 booktitle = {Advances in Neural Information Processing Systems 16 (NIPS)},
 editor = {Thrun, Sebastian and Saul, Lawrence and Schölkopf, Bernhard},
 month = {December},
 note = {\url{https://proceedings.neurips.cc/paper_files/paper/2003/file/d69116f8b0140cdeb1f99a4d5096ffe4-Paper.pdf}},
 publisher = {MIT Press},
 series = {Conference Track Proceedings},
 title = {Locality Preserving Projections},
 volume = {16},
 year = {2003}
}

@inproceedings{hennig2003eye,
 address = {Vancouver, British Columbia, Canada},
 author = {Hennig, Matthias and Wörgötter, Florentin},
 booktitle = {Advances in Neural Information Processing Systems 16 (NIPS)},
 editor = {S. Thrun and L. Saul and B. Schölkopf},
 month = {December},
 note = {\url{https://proceedings.neurips.cc/paper_files/paper/2003/file/b06f50d1f89bd8b2a0fb771c1a69c2b0-Paper.pdf}},
 publisher = {MIT Press},
 series = {Conference Track Proceedings},
 title = {Eye Micro-movements Improve Stimulus Detection Beyond the Nyquist Limit in the Peripheral Retina},
 volume = {16},
 year = {2003}
}

@inproceedings{heskes2003approximate,
 address = {Vancouver, British Columbia, Canada},
 author = {Heskes, Tom and Zoeter, Onno and Wiegerinck, Wim},
 booktitle = {Advances in Neural Information Processing Systems 16 (NIPS)},
 editor = {S. Thrun and L. Saul and B. Schölkopf},
 month = {December},
 note = {\url{https://proceedings.neurips.cc/paper_files/paper/2003/file/8208974663db80265e9bfe7b222dcb18-Paper.pdf}},
 publisher = {MIT Press},
 series = {Conference Track Proceedings},
 title = {Approximate Expectation Maximization},
 volume = {16},
 year = {2003}
}

@inproceedings{hoyle2003limiting,
 address = {Vancouver, British Columbia, Canada},
 author = {Hoyle, David and Rattray, Magnus},
 booktitle = {Advances in Neural Information Processing Systems 16 (NIPS)},
 editor = {Thrun, Sebastian and Saul, Lawrence and Schölkopf, Bernhard},
 month = {December},
 note = {\url{https://proceedings.neurips.cc/paper_files/paper/2003/file/3f998e713a6e02287c374fd26835d87e-Paper.pdf}},
 publisher = {MIT Press},
 series = {Conference Track Proceedings},
 title = {Limiting Form of the Sample Covariance Eigenspectrum in PCA and Kernel PCA},
 volume = {16},
 year = {2003}
}

@inproceedings{hughes2003markov,
 address = {Vancouver, British Columbia, Canada},
 author = {Hughes, Nicholas and Tarassenko, Lionel and Roberts, Stephen J.},
 booktitle = {Advances in Neural Information Processing Systems 16 (NIPS)},
 editor = {S. Thrun and L. Saul and B. Schölkopf},
 month = {December},
 note = {\url{https://proceedings.neurips.cc/paper_files/paper/2003/file/b23975176653284f1f7356ba5539cfcb-Paper.pdf}},
 publisher = {MIT Press},
 series = {Conference Track Proceedings},
 title = {Markov Models for Automated ECG Interval Analysis},
 volume = {16},
 year = {2003}
}

@inproceedings{ihler2003efficient,
 address = {Vancouver, British Columbia, Canada},
 author = {Ihler, Alexander and Sudderth, Erik and Freeman, William and Willsky, Alan},
 booktitle = {Advances in Neural Information Processing Systems 16 (NIPS)},
 editor = {S. Thrun and L. Saul and B. Schölkopf},
 month = {December},
 note = {\url{https://proceedings.neurips.cc/paper_files/paper/2003/file/b1301141feffabac455e1f90a7de2054-Paper.pdf}},
 publisher = {MIT Press},
 series = {Conference Track Proceedings},
 title = {Efficient Multiscale Sampling from Products of Gaussian Mixtures},
 volume = {16},
 year = {2003}
}

@inproceedings{ji2003necessary,
 address = {Vancouver, British Columbia, Canada},
 author = {Ji, Gang and Bilmes, Jeff A.},
 booktitle = {Advances in Neural Information Processing Systems 16 (NIPS)},
 editor = {Thrun, Sebastian and Saul, Lawrence and Schölkopf, Bernhard},
 month = {December},
 note = {\url{https://proceedings.neurips.cc/paper_files/paper/2003/file/4a1590df1d5968d41b855005bb8b67bf-Paper.pdf}},
 publisher = {MIT Press},
 series = {Conference Track Proceedings},
 title = {Necessary Intransitive Likelihood-Ratio Classifiers},
 volume = {16},
 year = {2003}
}

@inproceedings{jordan2003semidefinite,
 address = {Vancouver, British Columbia, Canada},
 author = {Jordan, Michael and Wainwright, Martin J},
 booktitle = {Advances in Neural Information Processing Systems 16 (NIPS)},
 editor = {Thrun, Sebastian and Saul, Lawrence and Schölkopf, Bernhard},
 month = {December},
 note = {\url{https://proceedings.neurips.cc/paper_files/paper/2003/file/3cf2559725a9fdfa602ec8c887440f32-Paper.pdf}},
 publisher = {MIT Press},
 series = {Conference Track Proceedings},
 title = {Semidefinite Relaxations for Approximate Inference on Graphs with Cycles},
 volume = {16},
 year = {2003}
}

@inproceedings{jun2003subject,
 address = {Vancouver, British Columbia, Canada},
 author = {Jun, Sung and Pearlmutter, Barak},
 booktitle = {Advances in Neural Information Processing Systems 16 (NIPS)},
 editor = {Thrun, Sebastian and Saul, Lawrence and Schölkopf, Bernhard},
 month = {December},
 note = {\url{https://proceedings.neurips.cc/paper_files/paper/2003/file/c30fb4dc55d801fc7473840b5b161dfa-Paper.pdf}},
 publisher = {MIT Press},
 series = {Conference Track Proceedings},
 title = {Subject-Independent Magnetoencephalographic Source Localization by a Multilayer Perceptron},
 volume = {16},
 year = {2003}
}

@inproceedings{kauchak2003iterative,
 address = {Vancouver, British Columbia, Canada},
 author = {Kauchak, David and Dasgupta, Sanjoy},
 booktitle = {Advances in Neural Information Processing Systems 16 (NIPS)},
 editor = {Thrun, Sebastian and Saul, Lawrence and Schölkopf, Bernhard},
 month = {December},
 note = {\url{https://proceedings.neurips.cc/paper_files/paper/2003/file/f7696a9b362ac5a51c3dc8f098b73923-Paper.pdf}},
 publisher = {MIT Press},
 series = {Conference Track Proceedings},
 title = {An Iterative Improvement Procedure for Hierarchical Clustering},
 volume = {16},
 year = {2003}
}

@inproceedings{kearns2003algorithms,
 address = {Vancouver, British Columbia, Canada},
 author = {Kearns, Michael and Ortiz, Luis E},
 booktitle = {Advances in Neural Information Processing Systems 16 (NIPS)},
 editor = {Thrun, Sebastian and Saul, Lawrence and Schölkopf, Bernhard},
 month = {December},
 note = {\url{https://proceedings.neurips.cc/paper_files/paper/2003/file/33bb83720ba9d2b6da87114380314af5-Paper.pdf}},
 publisher = {MIT Press},
 series = {Conference Track Proceedings},
 title = {Algorithms for Interdependent Security Games},
 volume = {16},
 year = {2003}
}

@inproceedings{kelly2003decoding,
 address = {Vancouver, British Columbia, Canada},
 author = {Kelly, Ryan and Lee, Tai Sing},
 booktitle = {Advances in Neural Information Processing Systems 16 (NIPS)},
 editor = {Thrun, Sebastian and Saul, Lawrence and Schölkopf, Bernhard},
 month = {December},
 note = {\url{https://proceedings.neurips.cc/paper_files/paper/2003/file/01a0683665f38d8e5e567b3b15ca98bf-Paper.pdf}},
 publisher = {MIT Press},
 series = {Conference Track Proceedings},
 title = {Decoding V1 Neuronal Activity using Particle Filtering with Volterra Kernels},
 volume = {16},
 year = {2003}
}

@inproceedings{kemp2003semi,
 address = {Vancouver, British Columbia, Canada},
 author = {Kemp, Charles and Griffiths, Thomas and Stromsten, Sean and Tenenbaum, Joshua},
 booktitle = {Advances in Neural Information Processing Systems 16 (NIPS)},
 editor = {Thrun, Sebastian and Saul, Lawrence and Schölkopf, Bernhard},
 month = {December},
 note = {\url{https://proceedings.neurips.cc/paper_files/paper/2003/file/70c445ee64b1ed0583367a12a79a9ef2-Paper.pdf}},
 publisher = {MIT Press},
 series = {Conference Track Proceedings},
 title = {Semi-Supervised Learning with Trees},
 volume = {16},
 year = {2003}
}

@inproceedings{kim2003autonomous,
 address = {Vancouver, British Columbia, Canada},
 author = {Kim, H. and Jordan, Michael and Sastry, Shankar and Ng, Andrew},
 booktitle = {Advances in Neural Information Processing Systems 16 (NIPS)},
 editor = {S. Thrun and L. Saul and B. Schölkopf},
 month = {December},
 note = {\url{https://proceedings.neurips.cc/paper_files/paper/2003/file/b427426b8acd2c2e53827970f2c2f526-Paper.pdf}},
 publisher = {MIT Press},
 series = {Conference Track Proceedings},
 title = {Autonomous Helicopter Flight via Reinforcement Learning},
 volume = {16},
 year = {2003}
}

@inproceedings{kim2003mcmc,
 address = {Vancouver, British Columbia, Canada},
 author = {Kim, Woojae and Navarro, Daniel and Pitt, Mark and Myung, In},
 booktitle = {Advances in Neural Information Processing Systems 16 (NIPS)},
 editor = {S. Thrun and L. Saul and B. Schölkopf},
 month = {December},
 note = {\url{https://proceedings.neurips.cc/paper_files/paper/2003/file/8cbd005a556ccd4211ce43f309bc0eac-Paper.pdf}},
 publisher = {MIT Press},
 series = {Conference Track Proceedings},
 title = {An MCMC-Based Method of Comparing Connectionist Models in Cognitive Science},
 volume = {16},
 year = {2003}
}

@inproceedings{kording2003probabilistic,
 address = {Vancouver, British Columbia, Canada},
 author = {Körd ing, Konrad and Wolpert, Daniel M.},
 booktitle = {Advances in Neural Information Processing Systems 16 (NIPS)},
 editor = {S. Thrun and L. Saul and B. Schölkopf},
 month = {December},
 note = {\url{https://proceedings.neurips.cc/paper_files/paper/2003/file/af5d5ef24881f3c3049a7b9bfe74d58b-Paper.pdf}},
 publisher = {MIT Press},
 series = {Conference Track Proceedings},
 title = {Probabilistic Inference in Human Sensorimotor Processing},
 volume = {16},
 year = {2003}
}

@inproceedings{kumar2003discriminative,
 address = {Vancouver, British Columbia, Canada},
 author = {Kumar, Sanjiv and Hebert, Martial},
 booktitle = {Advances in Neural Information Processing Systems 16 (NIPS)},
 editor = {S. Thrun and L. Saul and B. Schölkopf},
 month = {December},
 note = {\url{https://proceedings.neurips.cc/paper_files/paper/2003/file/92049debbe566ca5782a3045cf300a3c-Paper.pdf}},
 publisher = {MIT Press},
 series = {Conference Track Proceedings},
 title = {Discriminative Fields for Modeling Spatial Dependencies in Natural Images},
 volume = {16},
 year = {2003}
}

@inproceedings{kuss2003gaussian,
 address = {Vancouver, British Columbia, Canada},
 author = {Kuss, Malte and Rasmussen, Carl},
 booktitle = {Advances in Neural Information Processing Systems 16 (NIPS)},
 editor = {Thrun, Sebastian and Saul, Lawrence and Schölkopf, Bernhard},
 month = {December},
 note = {\url{https://proceedings.neurips.cc/paper_files/paper/2003/file/7993e11204b215b27694b6f139e34ce8-Paper.pdf}},
 publisher = {MIT Press},
 series = {Conference Track Proceedings},
 title = {Gaussian Processes in Reinforcement Learning},
 volume = {16},
 year = {2003}
}

@inproceedings{kwok2003eigenvoice,
 address = {Vancouver, British Columbia, Canada},
 author = {Kwok, James and Mak, Brian and Ho, Simon},
 booktitle = {Advances in Neural Information Processing Systems 16 (NIPS)},
 editor = {Thrun, Sebastian and Saul, Lawrence and Schölkopf, Bernhard},
 month = {December},
 note = {\url{https://proceedings.neurips.cc/paper_files/paper/2003/file/e139c454239bfde741e893edb46a06cc-Paper.pdf}},
 publisher = {MIT Press},
 series = {Conference Track Proceedings},
 title = {Eigenvoice Speaker Adaptation via Composite Kernel Principal Component Analysis},
 volume = {16},
 year = {2003}
}

@inproceedings{lavrenko2003model,
 address = {Vancouver, British Columbia, Canada},
 author = {Lavrenko, Victor and Manmatha, R. and Jeon, Jiwoon},
 booktitle = {Advances in Neural Information Processing Systems 16 (NIPS)},
 editor = {Thrun, Sebastian and Saul, Lawrence and Schölkopf, Bernhard},
 month = {December},
 note = {\url{https://proceedings.neurips.cc/paper_files/paper/2003/file/0bf727e907c5fc9d5356f11e4c45d613-Paper.pdf}},
 publisher = {MIT Press},
 series = {Conference Track Proceedings},
 title = {A Model for Learning the Semantics of Pictures},
 volume = {16},
 year = {2003}
}

@inproceedings{lawrence2003gaussian,
 address = {Vancouver, British Columbia, Canada},
 author = {Lawrence, Neil},
 booktitle = {Advances in Neural Information Processing Systems 16 (NIPS)},
 editor = {S. Thrun and L. Saul and B. Schölkopf},
 month = {December},
 note = {\url{https://proceedings.neurips.cc/paper_files/paper/2003/file/9657c1fffd38824e5ab0472e022e577e-Paper.pdf}},
 publisher = {MIT Press},
 series = {Conference Track Proceedings},
 title = {Gaussian Process Latent Variable Models for Visualisation of High Dimensional Data},
 volume = {16},
 year = {2003}
}

@inproceedings{lee2003ica,
 address = {Vancouver, British Columbia, Canada},
 author = {Lee, Su-in and Batzoglou, Serafim},
 booktitle = {Advances in Neural Information Processing Systems 16 (NIPS)},
 editor = {Thrun, Sebastian and Saul, Lawrence and Schölkopf, Bernhard},
 month = {December},
 note = {\url{https://proceedings.neurips.cc/paper_files/paper/2003/file/dcf6070a4ab7f3afbfd2809173e0824b-Paper.pdf}},
 publisher = {MIT Press},
 series = {Conference Track Proceedings},
 title = {ICA-based Clustering of Genes from Microarray Expression Data},
 volume = {16},
 year = {2003}
}

@inproceedings{li2003efficient,
 address = {Vancouver, British Columbia, Canada},
 author = {Li, Haifeng and Jiang, Tao and Zhang, Keshu},
 booktitle = {Advances in Neural Information Processing Systems 16 (NIPS)},
 editor = {Thrun, Sebastian and Saul, Lawrence and Schölkopf, Bernhard},
 month = {December},
 note = {\url{https://proceedings.neurips.cc/paper_files/paper/2003/file/6048ff4e8cb07aa60b6777b6f7384d52-Paper.pdf}},
 publisher = {MIT Press},
 series = {Conference Track Proceedings},
 title = {Efficient and Robust Feature Extraction by Maximum Margin Criterion},
 volume = {16},
 year = {2003}
}

@inproceedings{li2003sparse,
 address = {Vancouver, British Columbia, Canada},
 author = {Li, Yuanqing and Amari, Shun-ichi and Shishkin, Sergei and Cao, Jianting and Gu, Fanji and Cichocki, Andrzej},
 booktitle = {Advances in Neural Information Processing Systems 16 (NIPS)},
 editor = {S. Thrun and L. Saul and B. Schölkopf},
 month = {December},
 note = {\url{https://proceedings.neurips.cc/paper_files/paper/2003/file/add217938e07bb1fd8796e0315b88c10-Paper.pdf}},
 publisher = {MIT Press},
 series = {Conference Track Proceedings},
 title = {Sparse Representation and Its Applications in Blind Source Separation},
 volume = {16},
 year = {2003}
}

@inproceedings{likhachev2003ara,
 address = {Vancouver, British Columbia, Canada},
 author = {Likhachev, Maxim and Gordon, Geoffrey J and Thrun, Sebastian},
 booktitle = {Advances in Neural Information Processing Systems 16 (NIPS)},
 editor = {Thrun, Sebastian and Saul, Lawrence and Schölkopf, Bernhard},
 month = {December},
 note = {\url{https://proceedings.neurips.cc/paper_files/paper/2003/file/ee8fe9093fbbb687bef15a38facc44d2-Paper.pdf}},
 publisher = {MIT Press},
 series = {Conference Track Proceedings},
 title = {ARA*: Anytime A* with Provable Bounds on Sub-Optimality},
 volume = {16},
 year = {2003}
}

@inproceedings{littlewort2003towards,
 address = {Vancouver, British Columbia, Canada},
 author = {Littlewort, G.C. and Bartlett, M.S. and Fasel, I.R. and Chenu, J. and Kanda, T. and Ishiguro, H. and Movellan, J.R.},
 booktitle = {Advances in Neural Information Processing Systems 16 (NIPS)},
 editor = {Thrun, Sebastian and Saul, Lawrence and Schölkopf, Bernhard},
 month = {December},
 note = {\url{https://proceedings.neurips.cc/paper_files/paper/2003/file/4dd9cec1c21bc54eecb53786a2c5fa09-Paper.pdf}},
 publisher = {MIT Press},
 series = {Conference Track Proceedings},
 title = {Towards Social Robots: Automatic Evaluation of Human-Robot Interaction by Facial Expression Classification},
 volume = {16},
 year = {2003}
}

@inproceedings{liu2003new,
 address = {Vancouver, British Columbia, Canada},
 author = {Liu, Ting and Moore, Andrew and Gray, Alexander},
 booktitle = {Advances in Neural Information Processing Systems 16 (NIPS)},
 editor = {Thrun, Sebastian and Saul, Lawrence and Schölkopf, Bernhard},
 month = {December},
 note = {\url{https://proceedings.neurips.cc/paper_files/paper/2003/file/57bafb2c2dfeefba931bb03a835b1fa9-Paper.pdf}},
 publisher = {MIT Press},
 series = {Conference Track Proceedings},
 title = {New Algorithms for Efficient High Dimensional Non-parametric Classification},
 volume = {16},
 year = {2003}
}

@inproceedings{malzahn2003approximate,
 address = {Vancouver, British Columbia, Canada},
 author = {Malzahn, Dörthe and Opper, Manfred},
 booktitle = {Advances in Neural Information Processing Systems 16 (NIPS)},
 editor = {Thrun, Sebastian and Saul, Lawrence and Schölkopf, Bernhard},
 month = {December},
 note = {\url{https://proceedings.neurips.cc/paper_files/paper/2003/file/2c6ae45a3e88aee548c0714fad7f8269-Paper.pdf}},
 publisher = {MIT Press},
 series = {Conference Track Proceedings},
 title = {Approximate Analytical Bootstrap Averages for Support Vector Classifiers},
 volume = {16},
 year = {2003}
}

@inproceedings{marlin2003modeling,
 address = {Vancouver, British Columbia, Canada},
 author = {Marlin, Benjamin M},
 booktitle = {Advances in Neural Information Processing Systems 16 (NIPS)},
 editor = {Thrun, Sebastian and Saul, Lawrence and Schölkopf, Bernhard},
 month = {December},
 note = {\url{https://proceedings.neurips.cc/paper_files/paper/2003/file/269d837afada308dd4aeab28ca2d57e4-Paper.pdf}},
 publisher = {MIT Press},
 series = {Conference Track Proceedings},
 title = {Modeling User Rating Profiles For Collaborative Filtering},
 volume = {16},
 year = {2003}
}

@inproceedings{marx2003identifying,
 address = {Vancouver, British Columbia, Canada},
 author = {Marx, Zvika and Dagan, Ido and Shamir, Eli},
 booktitle = {Advances in Neural Information Processing Systems 16 (NIPS)},
 editor = {Thrun, Sebastian and Saul, Lawrence and Schölkopf, Bernhard},
 month = {December},
 note = {\url{https://proceedings.neurips.cc/paper_files/paper/2003/file/de7092ba6df4276921d27a3704c57998-Paper.pdf}},
 publisher = {MIT Press},
 series = {Conference Track Proceedings},
 title = {Identifying Structure across Pre-partitioned Data},
 volume = {16},
 year = {2003}
}

@inproceedings{merolla2003recurrent,
 address = {Vancouver, British Columbia, Canada},
 author = {Merolla, Paul and Boahen, Kwabena A.},
 booktitle = {Advances in Neural Information Processing Systems 16 (NIPS)},
 editor = {Thrun, Sebastian and Saul, Lawrence and Schölkopf, Bernhard},
 month = {December},
 note = {\url{https://proceedings.neurips.cc/paper_files/paper/2003/file/73f490f3f868edbcd80b5d3f7cedc403-Paper.pdf}},
 publisher = {MIT Press},
 series = {Conference Track Proceedings},
 title = {A Recurrent Model of Orientation Maps with Simple and Complex Cells},
 volume = {16},
 year = {2003}
}

@inproceedings{miyawaki2003mechanism,
 address = {Vancouver, British Columbia, Canada},
 author = {Miyawaki, Yoichi and Okada, Masato},
 booktitle = {Advances in Neural Information Processing Systems 16 (NIPS)},
 editor = {S. Thrun and L. Saul and B. Schölkopf},
 month = {December},
 note = {\url{https://proceedings.neurips.cc/paper_files/paper/2003/file/b090409688550f3cc93f4ed88ec6cafb-Paper.pdf}},
 publisher = {MIT Press},
 series = {Conference Track Proceedings},
 title = {Mechanism of Neural Interference by Transcranial Magnetic Stimulation: Network or Single Neuron?},
 volume = {16},
 year = {2003}
}

@inproceedings{mizutani2003iterative,
 address = {Vancouver, British Columbia, Canada},
 author = {Mizutani, Eiji and Demmel, James},
 booktitle = {Advances in Neural Information Processing Systems 16 (NIPS)},
 editor = {Thrun, Sebastian and Saul, Lawrence and Schölkopf, Bernhard},
 month = {December},
 note = {\url{https://proceedings.neurips.cc/paper_files/paper/2003/file/6ee69d3769e832ec77c9584e0b7ba112-Paper.pdf}},
 publisher = {MIT Press},
 series = {Conference Track Proceedings},
 title = {Iterative Scaled Trust-Region Learning in Krylov Subspaces via Pearlmutter’s Implicit Sparse Hessian},
 volume = {16},
 year = {2003}
}

@inproceedings{moallemi2003distributed,
 address = {Vancouver, British Columbia, Canada},
 author = {Moallemi, Ciamac C and Roy, Benjamin},
 booktitle = {Advances in Neural Information Processing Systems 16 (NIPS)},
 editor = {Thrun, Sebastian and Saul, Lawrence and Schölkopf, Bernhard},
 month = {December},
 note = {\url{https://proceedings.neurips.cc/paper_files/paper/2003/file/07a9d3fed4c5ea6b17e80258dee231fa-Paper.pdf}},
 publisher = {MIT Press},
 series = {Conference Track Proceedings},
 title = {Distributed Optimization in Adaptive Networks},
 volume = {16},
 year = {2003}
}

@inproceedings{monteleoni2003online,
 address = {Vancouver, British Columbia, Canada},
 author = {Monteleoni, Claire and Jaakkola, Tommi},
 booktitle = {Advances in Neural Information Processing Systems 16 (NIPS)},
 editor = {Thrun, S. and Saul, L. and Schölkopf, B.},
 month = {December},
 note = {\url{https://proceedings.neurips.cc/paper_files/paper/2003/file/feecee9f1643651799ede2740927317a-Paper.pdf}},
 publisher = {MIT Press},
 series = {Conference Track Proceedings},
 title = {Online Learning of Non-stationary Sequences},
 volume = {16},
 year = {2003}
}

@inproceedings{moreno2003kullback,
 address = {Vancouver, British Columbia, Canada},
 author = {Moreno, Pedro and Ho, Purdy and Vasconcelos, Nuno},
 booktitle = {Advances in Neural Information Processing Systems 16 (NIPS)},
 editor = {Thrun, Sebastian and Saul, Lawrence and Schölkopf, Bernhard},
 month = {December},
 note = {\url{https://proceedings.neurips.cc/paper_files/paper/2003/file/0abdc563a06105aee3c6136871c9f4d1-Paper.pdf}},
 publisher = {MIT Press},
 series = {Conference Track Proceedings},
 title = {A Kullback-Leibler Divergence Based Kernel for SVM Classification in Multimedia Applications},
 volume = {16},
 year = {2003}
}

@inproceedings{morris2003denoising,
 address = {Vancouver, British Columbia, Canada},
 author = {Morris, Quaid and Frey, Brendan J},
 booktitle = {Advances in Neural Information Processing Systems 16 (NIPS)},
 editor = {Thrun, Sebastian and Saul, Lawrence and Schölkopf, Bernhard},
 month = {December},
 note = {\url{https://proceedings.neurips.cc/paper_files/paper/2003/file/d254c8a084d4545bd80577481aa03076-Paper.pdf}},
 publisher = {MIT Press},
 series = {Conference Track Proceedings},
 title = {Denoising and Untangling Graphs Using Degree Priors},
 volume = {16},
 year = {2003}
}

@inproceedings{murphy2003using,
 address = {Vancouver, British Columbia, Canada},
 author = {Murphy, Kevin P. and Torralba, Antonio and Freeman, William},
 booktitle = {Advances in Neural Information Processing Systems 16 (NIPS)},
 editor = {S. Thrun and L. Saul and B. Schölkopf},
 month = {December},
 note = {\url{https://proceedings.neurips.cc/paper_files/paper/2003/file/99f59c0842e83c808dd1813b48a37c6a-Paper.pdf}},
 publisher = {MIT Press},
 series = {Conference Track Proceedings},
 title = {Using the Forest to See the Trees: A Graphical Model Relating Features, Objects, and Scenes},
 volume = {16},
 year = {2003}
}

@inproceedings{nakatani2003one,
 address = {Vancouver, British Columbia, Canada},
 author = {Nakatani, Tomohiro and Miyoshi, Masato and Kinoshita, Keisuke},
 booktitle = {Advances in Neural Information Processing Systems 16 (NIPS)},
 editor = {Thrun, Sebastian and Saul, Lawrence and Schölkopf, Bernhard},
 month = {December},
 note = {\url{https://proceedings.neurips.cc/paper_files/paper/2003/file/5314b9674c86e3f9d1ba25ef9bb32895-Paper.pdf}},
 publisher = {MIT Press},
 series = {Conference Track Proceedings},
 title = {One Microphone Blind Dereverberation Based on Quasi-periodicity of Speech Signals},
 volume = {16},
 year = {2003}
}

@inproceedings{natschlaeger2003information,
 address = {Vancouver, British Columbia, Canada},
 author = {Natschläger, Thomas and Maass, Wolfgang},
 booktitle = {Advances in Neural Information Processing Systems 16 (NIPS)},
 editor = {Thrun, Sebastian and Saul, Lawrence and Schölkopf, Bernhard},
 month = {December},
 note = {\url{https://proceedings.neurips.cc/paper_files/paper/2003/file/063e26c670d07bb7c4d30e6fc69fe056-Paper.pdf}},
 publisher = {MIT Press},
 series = {Conference Track Proceedings},
 title = {Information Dynamics and Emergent Computation in Recurrent Circuits of Spiking Neurons},
 volume = {16},
 year = {2003}
}

@inproceedings{neal2003inferring,
 address = {Vancouver, British Columbia, Canada},
 author = {Neal, Radford and Beal, Matthew and Roweis, Sam},
 booktitle = {Advances in Neural Information Processing Systems 16 (NIPS)},
 editor = {Thrun, Sebastian and Saul, Lawrence and Schölkopf, Bernhard},
 month = {December},
 note = {\url{https://proceedings.neurips.cc/paper_files/paper/2003/file/102f0bb6efb3a6128a3c750dd16729be-Paper.pdf}},
 publisher = {MIT Press},
 series = {Conference Track Proceedings},
 title = {Inferring State Sequences for Non-linear Systems with Embedded Hidden Markov Models},
 volume = {16},
 year = {2003}
}

@inproceedings{neill2003fast,
 address = {Vancouver, British Columbia, Canada},
 author = {Neill, Daniel and Moore, Andrew},
 booktitle = {Advances in Neural Information Processing Systems 16 (NIPS)},
 editor = {S. Thrun and L. Saul and B. Schölkopf},
 month = {December},
 note = {\url{https://proceedings.neurips.cc/paper_files/paper/2003/file/82ca5dd156cc926b2992f73c2896f761-Paper.pdf}},
 publisher = {MIT Press},
 series = {Conference Track Proceedings},
 title = {A Fast Multi-Resolution Method for Detection of Significant Spatial Disease Clusters},
 volume = {16},
 year = {2003}
}

@inproceedings{nguyen2003on,
 address = {Vancouver, British Columbia, Canada},
 author = {Nguyen, XuanLong and Jordan, Michael},
 booktitle = {Advances in Neural Information Processing Systems 16 (NIPS)},
 editor = {Thrun, Sebastian and Saul, Lawrence and Schölkopf, Bernhard},
 month = {December},
 note = {\url{https://proceedings.neurips.cc/paper_files/paper/2003/file/ddeebdeefdb7e7e7a697e1c3e3d8ef54-Paper.pdf}},
 publisher = {MIT Press},
 series = {Conference Track Proceedings},
 title = {On the Concentration of Expectation and Approximate Inference in Layered Networks},
 volume = {16},
 year = {2003}
}

@inproceedings{nilim2003robustness,
 address = {Vancouver, British Columbia, Canada},
 author = {Nilim, Arnab and Ghaoui, Laurent},
 booktitle = {Advances in Neural Information Processing Systems 16 (NIPS)},
 editor = {Thrun, Sebastian and Saul, Lawrence and Schölkopf, Bernhard},
 month = {December},
 note = {\url{https://proceedings.neurips.cc/paper_files/paper/2003/file/300891a62162b960cf02ce3827bb363c-Paper.pdf}},
 publisher = {MIT Press},
 series = {Conference Track Proceedings},
 title = {Robustness in Markov Decision Problems with Uncertain Transition Matrices},
 volume = {16},
 year = {2003}
}

@inproceedings{opper2003variational,
 address = {Vancouver, British Columbia, Canada},
 author = {Opper, Manfred and Winther, Ole},
 booktitle = {Advances in Neural Information Processing Systems 16 (NIPS)},
 editor = {S. Thrun and L. Saul and B. Schölkopf},
 month = {December},
 note = {\url{https://proceedings.neurips.cc/paper_files/paper/2003/file/a9365bd906e11324065c35be476beb0c-Paper.pdf}},
 publisher = {MIT Press},
 series = {Conference Track Proceedings},
 title = {Variational Linear Response},
 volume = {16},
 year = {2003}
}

@inproceedings{paciorek2003nonstationary,
 address = {Vancouver, British Columbia, Canada},
 author = {Paciorek, Christopher and Schervish, Mark},
 booktitle = {Advances in Neural Information Processing Systems 16 (NIPS)},
 editor = {Thrun, Sebastian and Saul, Lawrence and Schölkopf, Bernhard},
 month = {December},
 note = {\url{https://proceedings.neurips.cc/paper_files/paper/2003/file/326a8c055c0d04f5b06544665d8bb3ea-Paper.pdf}},
 publisher = {MIT Press},
 series = {Conference Track Proceedings},
 title = {Nonstationary Covariance Functions for Gaussian Process Regression},
 volume = {16},
 year = {2003}
}

@inproceedings{palmer2003perspectives,
 address = {Vancouver, British Columbia, Canada},
 author = {Palmer, Jason and Rao, Bhaskar and Wipf, David},
 booktitle = {Advances in Neural Information Processing Systems 16 (NIPS)},
 editor = {Thrun, Sebastian and Saul, Lawrence and Schölkopf, Bernhard},
 month = {December},
 note = {\url{https://proceedings.neurips.cc/paper_files/paper/2003/file/52cf49fea5ff66588408852f65cf8272-Paper.pdf}},
 publisher = {MIT Press},
 series = {Conference Track Proceedings},
 title = {Perspectives on Sparse Bayesian Learning},
 volume = {16},
 year = {2003}
}

@inproceedings{paninski2003design,
 address = {Vancouver, British Columbia, Canada},
 author = {Paninski, Liam},
 booktitle = {Advances in Neural Information Processing Systems 16 (NIPS)},
 editor = {Thrun, Sebastian and Saul, Lawrence and Schölkopf, Bernhard},
 month = {December},
 note = {\url{https://proceedings.neurips.cc/paper_files/paper/2003/file/5e6bd7a6970cd4325e587f02667f7f73-Paper.pdf}},
 publisher = {MIT Press},
 series = {Conference Track Proceedings},
 title = {Design of Experiments via Information Theory},
 volume = {16},
 year = {2003}
}

@inproceedings{paninski2003maximum,
 address = {Vancouver, British Columbia, Canada},
 author = {Paninski, Liam and Simoncelli, Eero and Pillow, Jonathan},
 booktitle = {Advances in Neural Information Processing Systems 16 (NIPS)},
 editor = {Thrun, Sebastian and Saul, Lawrence and Schölkopf, Bernhard},
 month = {December},
 note = {\url{https://proceedings.neurips.cc/paper_files/paper/2003/file/d0921d442ee91b896ad95059d13df618-Paper.pdf}},
 publisher = {MIT Press},
 series = {Conference Track Proceedings},
 title = {Maximum Likelihood Estimation of a Stochastic Integrate-and-Fire Neural Model},
 volume = {16},
 year = {2003}
}

@inproceedings{parkes2003mdp,
 address = {Vancouver, British Columbia, Canada},
 author = {Parkes, David C and Singh, Satinder},
 booktitle = {Advances in Neural Information Processing Systems 16 (NIPS)},
 editor = {Thrun, Sebastian and Saul, Lawrence and Schölkopf, Bernhard},
 month = {December},
 note = {\url{https://proceedings.neurips.cc/paper_files/paper/2003/file/d16509f6eaca1022bd8f28d6bc582cae-Paper.pdf}},
 publisher = {MIT Press},
 series = {Conference Track Proceedings},
 title = {An MDP-Based Approach to Online Mechanism Design},
 volume = {16},
 year = {2003}
}

@inproceedings{paskin2003sample,
 address = {Vancouver, British Columbia, Canada},
 author = {Paskin, Mark},
 booktitle = {Advances in Neural Information Processing Systems 16 (NIPS)},
 editor = {Thrun, Sebastian and Saul, Lawrence and Schölkopf, Bernhard},
 month = {December},
 note = {\url{https://proceedings.neurips.cc/paper_files/paper/2003/file/7989edad14ebcd3adfacc7344dc6b739-Paper.pdf}},
 publisher = {MIT Press},
 series = {Conference Track Proceedings},
 title = {Sample Propagation},
 volume = {16},
 year = {2003}
}

@inproceedings{philipona2003perception,
 address = {Vancouver, British Columbia, Canada},
 author = {Philipona, D. and O’regan, J.k. and Nadal, J.-p. and Coenen, Olivier},
 booktitle = {Advances in Neural Information Processing Systems 16 (NIPS)},
 editor = {Thrun, Sebastian and Saul, Lawrence and Schölkopf, Bernhard},
 month = {December},
 note = {\url{https://proceedings.neurips.cc/paper_files/paper/2003/file/20c9f5700da1088260df60fcc5df2b53-Paper.pdf}},
 publisher = {MIT Press},
 series = {Conference Track Proceedings},
 title = {Perception of the Structure of the Physical World Using Unknown Multimodal Sensors and Effectors},
 volume = {16},
 year = {2003}
}

@inproceedings{pickup2003sampled,
 address = {Vancouver, British Columbia, Canada},
 author = {Pickup, Lyndsey and Roberts, Stephen J. and Zisserman, Andrew},
 booktitle = {Advances in Neural Information Processing Systems 16 (NIPS)},
 editor = {Thrun, Sebastian and Saul, Lawrence and Schölkopf, Bernhard},
 month = {December},
 note = {\url{https://proceedings.neurips.cc/paper_files/paper/2003/file/7b66b4fd401a271a1c7224027ce111bc-Paper.pdf}},
 publisher = {MIT Press},
 series = {Conference Track Proceedings},
 title = {A Sampled Texture Prior for Image Super-Resolution},
 volume = {16},
 year = {2003}
}

@inproceedings{pineau2003applying,
 address = {Vancouver, British Columbia, Canada},
 author = {Pineau, Joelle and Gordon, Geoffrey J. and Thrun, Sebastian},
 booktitle = {Advances in Neural Information Processing Systems 16 (NIPS)},
 editor = {Thrun, Sebastian and Saul, Lawrence and Schölkopf, Bernhard},
 month = {December},
 note = {\url{https://proceedings.neurips.cc/paper_files/paper/2003/file/6547884cea64550284728eb26b0947ef-Paper.pdf}},
 publisher = {MIT Press},
 series = {Conference Track Proceedings},
 title = {Applying Metric-Trees to Belief-Point POMDPs},
 volume = {16},
 year = {2003}
}

@inproceedings{platt2003fast,
 address = {Vancouver, British Columbia, Canada},
 author = {Platt, John},
 booktitle = {Advances in Neural Information Processing Systems 16 (NIPS)},
 editor = {Thrun, Sebastian and Saul, Lawrence and Schölkopf, Bernhard},
 month = {December},
 note = {\url{https://proceedings.neurips.cc/paper_files/paper/2003/file/4e0223a87610176ef0d24ef6d2dcde3a-Paper.pdf}},
 publisher = {MIT Press},
 series = {Conference Track Proceedings},
 title = {Fast Embedding of Sparse Similarity Graphs},
 volume = {16},
 year = {2003}
}

@inproceedings{porr2003analytical,
 address = {Vancouver, British Columbia, Canada},
 author = {Porr, Bernd and Saudargiene, Ausra and Wörgötter, Florentin},
 booktitle = {Advances in Neural Information Processing Systems 16 (NIPS)},
 editor = {Thrun, Sebastian and Saul, Lawrence and Schölkopf, Bernhard},
 month = {December},
 note = {\url{https://proceedings.neurips.cc/paper_files/paper/2003/file/7cac11e2f46ed46c339ec3d569853759-Paper.pdf}},
 publisher = {MIT Press},
 series = {Conference Track Proceedings},
 title = {Analytical Solution of Spike-timing Dependent Plasticity Based on Synaptic Biophysics},
 volume = {16},
 year = {2003}
}

@inproceedings{poupart2003bounded,
 address = {Vancouver, British Columbia, Canada},
 author = {Poupart, Pascal and Boutilier, Craig},
 booktitle = {Advances in Neural Information Processing Systems 16 (NIPS)},
 editor = {Thrun, Sebastian and Saul, Lawrence and Schölkopf, Bernhard},
 month = {December},
 note = {\url{https://proceedings.neurips.cc/paper_files/paper/2003/file/4c5bcfec8584af0d967f1ab10179ca4b-Paper.pdf}},
 publisher = {MIT Press},
 series = {Conference Track Proceedings},
 title = {Bounded Finite State Controllers},
 volume = {16},
 year = {2003}
}

@inproceedings{qi2003tree,
 address = {Vancouver, British Columbia, Canada},
 author = {Qi, Yuan and Minka, Tom},
 booktitle = {Advances in Neural Information Processing Systems 16 (NIPS)},
 editor = {S. Thrun and L. Saul and B. Schölkopf},
 month = {December},
 note = {\url{https://proceedings.neurips.cc/paper_files/paper/2003/file/97416ac0f58056947e2eb5d5d253d4f2-Paper.pdf}},
 publisher = {MIT Press},
 series = {Conference Track Proceedings},
 title = {Tree-structured Approximations by Expectation Propagation},
 volume = {16},
 year = {2003}
}

@inproceedings{quinlan2003application,
 address = {Vancouver, British Columbia, Canada},
 author = {Quinlan, Michael and Chalup, Stephan and Middleton, Richard},
 booktitle = {Advances in Neural Information Processing Systems 16 (NIPS)},
 editor = {Thrun, Sebastian and Saul, Lawrence and Schölkopf, Bernhard},
 month = {December},
 note = {\url{https://proceedings.neurips.cc/paper_files/paper/2003/file/6a4cbdaedcbda0fa8ddc7ea32073c475-Paper.pdf}},
 publisher = {MIT Press},
 series = {Conference Track Proceedings},
 title = {Application of SVMs for Colour Classification and Collision Detection with AIBO Robots},
 volume = {16},
 year = {2003}
}

@inproceedings{rabinovich2003unsupervised,
 address = {Vancouver, British Columbia, Canada},
 author = {Rabinovich, Andrew and Agarwal, Sameer and Laris, Casey and Price, Jeffrey and Belongie, Serge},
 booktitle = {Advances in Neural Information Processing Systems 16 (NIPS)},
 editor = {Thrun, Sebastian and Saul, Lawrence and Schölkopf, Bernhard},
 month = {December},
 note = {\url{https://proceedings.neurips.cc/paper_files/paper/2003/file/d9fc0cdb67638d50f411432d0d41d0ba-Paper.pdf}},
 publisher = {MIT Press},
 series = {Conference Track Proceedings},
 title = {Unsupervised Color Decomposition Of Histologically Stained Tissue Samples},
 volume = {16},
 year = {2003}
}

@inproceedings{raina2003classification,
 address = {Vancouver, British Columbia, Canada},
 author = {Raina, Rajat and Shen, Yirong and McCallum, Andrew and Ng, Andrew},
 booktitle = {Advances in Neural Information Processing Systems 16 (NIPS)},
 editor = {S. Thrun and L. Saul and B. Schölkopf},
 month = {December},
 note = {\url{https://proceedings.neurips.cc/paper_files/paper/2003/file/b53477c2821c1bf0da5d40e57b870d35-Paper.pdf}},
 publisher = {MIT Press},
 series = {Conference Track Proceedings},
 title = {Classification with Hybrid Generative/Discriminative Models},
 volume = {16},
 year = {2003}
}

@inproceedings{ralaivola2003dynamical,
 address = {Vancouver, British Columbia, Canada},
 author = {Ralaivola, Liva and d'Alché-Buc, Florence},
 booktitle = {Advances in Neural Information Processing Systems 16 (NIPS)},
 editor = {S. Thrun and L. Saul and B. Schölkopf},
 month = {December},
 note = {\url{https://proceedings.neurips.cc/paper_files/paper/2003/file/8d09e4b85c783cbc30c9b8ae175f2d33-Paper.pdf}},
 publisher = {MIT Press},
 series = {Conference Track Proceedings},
 title = {Dynamical Modeling with Kernels for Nonlinear Time Series Prediction},
 volume = {16},
 year = {2003}
}

@inproceedings{ramanan2003automatic,
 address = {Vancouver, British Columbia, Canada},
 author = {Ramanan, Deva and Forsyth, David},
 booktitle = {Advances in Neural Information Processing Systems 16 (NIPS)},
 editor = {Thrun, Sebastian and Saul, Lawrence and Schölkopf, Bernhard},
 month = {December},
 note = {\url{https://proceedings.neurips.cc/paper_files/paper/2003/file/ca43108ded5aabc7793d3f9b928cdd54-Paper.pdf}},
 publisher = {MIT Press},
 series = {Conference Track Proceedings},
 title = {Automatic Annotation of Everyday Movements},
 volume = {16},
 year = {2003}
}

@inproceedings{ricks2003training,
 address = {Vancouver, British Columbia, Canada},
 author = {Ricks, Bob and Ventura, Dan},
 booktitle = {Advances in Neural Information Processing Systems 16 (NIPS)},
 editor = {Thrun, Sebastian and Saul, Lawrence and Schölkopf, Bernhard},
 month = {December},
 note = {\url{https://proceedings.neurips.cc/paper_files/paper/2003/file/505259756244493872b7709a8a01b536-Paper.pdf}},
 publisher = {MIT Press},
 series = {Conference Track Proceedings},
 title = {Training a Quantum Neural Network},
 volume = {16},
 year = {2003}
}

@inproceedings{roman2003classification,
 address = {Vancouver, British Columbia, Canada},
 author = {Roman, Nicoleta and Wang, Deliang and Brown, Guy},
 booktitle = {Advances in Neural Information Processing Systems 16 (NIPS)},
 editor = {Thrun, Sebastian and Saul, Lawrence and Schölkopf, Bernhard},
 month = {December},
 note = {\url{https://proceedings.neurips.cc/paper_files/paper/2003/file/cb2c2041d9763d84d7d655e81178f444-Paper.pdf}},
 publisher = {MIT Press},
 series = {Conference Track Proceedings},
 title = {A Classification-based Cocktail-party Processor},
 volume = {16},
 year = {2003}
}

@inproceedings{rosenberg2003bayesian,
 address = {Vancouver, British Columbia, Canada},
 author = {Rosenberg, Charles and Ladsariya, Alok and Minka, Tom},
 booktitle = {Advances in Neural Information Processing Systems 16 (NIPS)},
 editor = {Thrun, Sebastian and Saul, Lawrence and Schölkopf, Bernhard},
 month = {December},
 note = {\url{https://proceedings.neurips.cc/paper_files/paper/2003/file/c65d7bd70fe3e5e3a2f3de681edc193d-Paper.pdf}},
 publisher = {MIT Press},
 series = {Conference Track Proceedings},
 title = {Bayesian Color Constancy with Non-Gaussian Models},
 volume = {16},
 year = {2003}
}

@inproceedings{rosset2003margin,
 address = {Vancouver, British Columbia, Canada},
 author = {Rosset, Saharon and Zhu, Ji and Hastie, Trevor},
 booktitle = {Advances in Neural Information Processing Systems 16 (NIPS)},
 editor = {Thrun, Sebastian and Saul, Lawrence and Schölkopf, Bernhard},
 month = {December},
 note = {\url{https://proceedings.neurips.cc/paper_files/paper/2003/file/0fe473396242072e84af286632d3f0ff-Paper.pdf}},
 publisher = {MIT Press},
 series = {Conference Track Proceedings},
 title = {Margin Maximizing Loss Functions},
 volume = {16},
 year = {2003}
}

@inproceedings{roth2003feature,
 address = {Vancouver, British Columbia, Canada},
 author = {Roth, Volker and Lange, Tilman},
 booktitle = {Advances in Neural Information Processing Systems 16 (NIPS)},
 editor = {Thrun, Sebastian and Saul, Lawrence and Schölkopf, Bernhard},
 month = {December},
 note = {\url{https://proceedings.neurips.cc/paper_files/paper/2003/file/bb03e43ffe34eeb242a2ee4a4f125e56-Paper.pdf}},
 publisher = {MIT Press},
 series = {Conference Track Proceedings},
 title = {Feature Selection in Clustering Problems},
 volume = {16},
 year = {2003}
}

@inproceedings{rudary2003nonlinear,
 address = {Vancouver, British Columbia, Canada},
 author = {Rudary, Matthew and Singh, Satinder},
 booktitle = {Advances in Neural Information Processing Systems 16 (NIPS)},
 editor = {Thrun, Sebastian and Saul, Lawrence and Schölkopf, Bernhard},
 month = {December},
 note = {\url{https://proceedings.neurips.cc/paper_files/paper/2003/file/72e6d3238361fe70f22fb0ac624a7072-Paper.pdf}},
 publisher = {MIT Press},
 series = {Conference Track Proceedings},
 title = {A Nonlinear Predictive State Representation},
 volume = {16},
 year = {2003}
}

@inproceedings{rudin2003on,
 address = {Vancouver, British Columbia, Canada},
 author = {Rudin, Cynthia and Daubechies, Ingrid and Schapire, Robert E},
 booktitle = {Advances in Neural Information Processing Systems 16 (NIPS)},
 editor = {Thrun, Sebastian and Saul, Lawrence and Schölkopf, Bernhard},
 month = {December},
 note = {\url{https://proceedings.neurips.cc/paper_files/paper/2003/file/0747b9be4f90056c30eb5241f06bfe9b-Paper.pdf}},
 publisher = {MIT Press},
 series = {Conference Track Proceedings},
 title = {On the Dynamics of Boosting},
 volume = {16},
 year = {2003}
}

@inproceedings{ruizcorrea2003discriminating,
 address = {Vancouver, British Columbia, Canada},
 author = {Ruiz-correa, Salvador and Shapiro, Linda and Meila, Marina and Berson, Gabriel},
 booktitle = {Advances in Neural Information Processing Systems 16 (NIPS)},
 editor = {Thrun, Sebastian and Saul, Lawrence and Schölkopf, Bernhard},
 month = {December},
 note = {\url{https://proceedings.neurips.cc/paper_files/paper/2003/file/3f53d7190148675e3cd472fc826828c5-Paper.pdf}},
 publisher = {MIT Press},
 series = {Conference Track Proceedings},
 title = {Discriminating Deformable Shape Classes},
 volume = {16},
 year = {2003}
}

@inproceedings{sa2003sensory,
 address = {Vancouver, British Columbia, Canada},
 author = {Sa, Virginia},
 booktitle = {Advances in Neural Information Processing Systems 16 (NIPS)},
 editor = {Thrun, Sebastian and Saul, Lawrence and Schölkopf, Bernhard},
 month = {December},
 note = {\url{https://proceedings.neurips.cc/paper_files/paper/2003/file/31c97cbb941d3e92d0e6f9925e9bc4d7-Paper.pdf}},
 publisher = {MIT Press},
 series = {Conference Track Proceedings},
 title = {Sensory Modality Segregation},
 volume = {16},
 year = {2003}
}

@inproceedings{sahani2003biologically,
 address = {Vancouver, British Columbia, Canada},
 author = {Sahani, Maneesh},
 booktitle = {Advances in Neural Information Processing Systems 16 (NIPS)},
 editor = {Thrun, Sebastian and Saul, Lawrence and Schölkopf, Bernhard},
 month = {December},
 note = {\url{https://proceedings.neurips.cc/paper_files/paper/2003/file/186fb23a33995d91ce3c2212189178c8-Paper.pdf}},
 publisher = {MIT Press},
 series = {Conference Track Proceedings},
 title = {A Biologically Plausible Algorithm for Reinforcement-shaped Representational Learning},
 volume = {16},
 year = {2003}
}

@inproceedings{sahani2003reconstructing,
 address = {Vancouver, British Columbia, Canada},
 author = {Sahani, Maneesh and Nagarajan, Srikantan},
 booktitle = {Advances in Neural Information Processing Systems 16 (NIPS)},
 editor = {Thrun, Sebastian and Saul, Lawrence and Schölkopf, Bernhard},
 month = {December},
 note = {\url{https://proceedings.neurips.cc/paper_files/paper/2003/file/e9412ee564384b987d086df32d4ce6b7-Paper.pdf}},
 publisher = {MIT Press},
 series = {Conference Track Proceedings},
 title = {Reconstructing MEG Sources with Unknown Correlations},
 volume = {16},
 year = {2003}
}

@inproceedings{samejima2003estimating,
 address = {Vancouver, British Columbia, Canada},
 author = {Samejima, Kazuyuki and Doya, Kenji and Ueda, Yasumasa and Kimura, Minoru},
 booktitle = {Advances in Neural Information Processing Systems 16 (NIPS)},
 editor = {Thrun, Sebastian and Saul, Lawrence and Schölkopf, Bernhard},
 month = {December},
 note = {\url{https://proceedings.neurips.cc/paper_files/paper/2003/file/db60b95decdeed944b4cd8685417cfdc-Paper.pdf}},
 publisher = {MIT Press},
 series = {Conference Track Proceedings},
 title = {Estimating Internal Variables and Paramters of a Learning Agent by a Particle Filter},
 volume = {16},
 year = {2003}
}

@inproceedings{schultz2003learning,
 address = {Vancouver, British Columbia, Canada},
 author = {Schultz, Matthew and Joachims, Thorsten},
 booktitle = {Advances in Neural Information Processing Systems 16 (NIPS)},
 editor = {Thrun, Sebastian and Saul, Lawrence and Schölkopf, Bernhard},
 month = {December},
 note = {\url{https://proceedings.neurips.cc/paper_files/paper/2003/file/d3b1fb02964aa64e257f9f26a31f72cf-Paper.pdf}},
 publisher = {MIT Press},
 series = {Conference Track Proceedings},
 title = {Learning a Distance Metric from Relative Comparisons},
 volume = {16},
 year = {2003}
}

@inproceedings{schwaighofer2003gpps,
 address = {Vancouver, British Columbia, Canada},
 author = {Schwaighofer, Anton and Grigoras, Marian and Tresp, Volker and Hoffmann, Clemens},
 booktitle = {Advances in Neural Information Processing Systems 16 (NIPS)},
 editor = {Thrun, Sebastian and Saul, Lawrence and Schölkopf, Bernhard},
 month = {December},
 note = {\url{https://proceedings.neurips.cc/paper_files/paper/2003/file/e92d74ccacdc984afa0c517ad0d557a6-Paper.pdf}},
 publisher = {MIT Press},
 series = {Conference Track Proceedings},
 title = {GPPS: A Gaussian Process Positioning System for Cellular Networks},
 volume = {16},
 year = {2003}
}

@inproceedings{scott2003near,
 address = {Vancouver, British Columbia, Canada},
 author = {Scott, Clayton and Nowak, Robert},
 booktitle = {Advances in Neural Information Processing Systems 16 (NIPS)},
 editor = {Thrun, Sebastian and Saul, Lawrence and Schölkopf, Bernhard},
 month = {December},
 note = {\url{https://proceedings.neurips.cc/paper_files/paper/2003/file/f7e2b2b75b04175610e5a00c1e221ebb-Paper.pdf}},
 publisher = {MIT Press},
 series = {Conference Track Proceedings},
 title = {Near-Minimax Optimal Classification with Dyadic Classification Trees},
 volume = {16},
 year = {2003}
}

@inproceedings{shalevshwartz2003online,
 address = {Vancouver, British Columbia, Canada},
 author = {Shalev-Shwartz, Shai and Crammer, Koby and Dekel, Ofer and Singer, Yoram},
 booktitle = {Advances in Neural Information Processing Systems 16 (NIPS)},
 editor = {Thrun, Sebastian and Saul, Lawrence and Schölkopf, Bernhard},
 month = {December},
 note = {\url{https://proceedings.neurips.cc/paper_files/paper/2003/file/4ebd440d99504722d80de606ea8507da-Paper.pdf}},
 publisher = {MIT Press},
 series = {Conference Track Proceedings},
 title = {Online Passive-Aggressive Algorithms},
 volume = {16},
 year = {2003}
}

@inproceedings{shental2003computing,
 address = {Vancouver, British Columbia, Canada},
 author = {Shental, Noam and Bar-Hillel, Aharon and Hertz, Tomer and Weinshall, Daphna},
 booktitle = {Advances in Neural Information Processing Systems 16 (NIPS)},
 editor = {S. Thrun and L. Saul and B. Schölkopf},
 month = {December},
 note = {\url{https://proceedings.neurips.cc/paper_files/paper/2003/file/831caa1b600f852b7844499430ecac17-Paper.pdf}},
 publisher = {MIT Press},
 series = {Conference Track Proceedings},
 title = {Computing Gaussian Mixture Models with EM Using Equivalence Constraints},
 volume = {16},
 year = {2003}
}

@inproceedings{shental2003pairwise,
 address = {Vancouver, British Columbia, Canada},
 author = {Shental, Noam and Zomet, Assaf and Hertz, Tomer and Weiss, Yair},
 booktitle = {Advances in Neural Information Processing Systems 16 (NIPS)},
 editor = {Thrun, Sebastian and Saul, Lawrence and Schölkopf, Bernhard},
 month = {December},
 note = {\url{https://proceedings.neurips.cc/paper_files/paper/2003/file/1bf0c59238dd24a7f09a889483a50e8f-Paper.pdf}},
 publisher = {MIT Press},
 series = {Conference Track Proceedings},
 title = {Pairwise Clustering and Graphical Models},
 volume = {16},
 year = {2003}
}

@inproceedings{shi2003neuromorphic,
 address = {Vancouver, British Columbia, Canada},
 author = {Shi, Bertram and Tsang, Eric},
 booktitle = {Advances in Neural Information Processing Systems 16 (NIPS)},
 editor = {Thrun, Sebastian and Saul, Lawrence and Schölkopf, Bernhard},
 month = {December},
 note = {\url{https://proceedings.neurips.cc/paper_files/paper/2003/file/2f4fe03d77724a7217006e5d16728874-Paper.pdf}},
 publisher = {MIT Press},
 series = {Conference Track Proceedings},
 title = {A Neuromorphic Multi-chip Model of a Disparity Selective Complex Cell},
 volume = {16},
 year = {2003}
}

@inproceedings{shi2003summating,
 address = {Vancouver, British Columbia, Canada},
 author = {Shi, Z. and Horiuchi, Timothy},
 booktitle = {Advances in Neural Information Processing Systems 16 (NIPS)},
 editor = {Thrun, Sebastian and Saul, Lawrence and Schölkopf, Bernhard},
 month = {December},
 note = {\url{https://proceedings.neurips.cc/paper_files/paper/2003/file/e3ca0449fa2ea7701a7ac53fb719c51a-Paper.pdf}},
 publisher = {MIT Press},
 series = {Conference Track Proceedings},
 title = {A Summating, Exponentially-Decaying CMOS Synapse for Spiking Neural Systems},
 volume = {16},
 year = {2003}
}

@inproceedings{sigal2003attractive,
 address = {Vancouver, British Columbia, Canada},
 author = {Sigal, Leonid and Isard, Michael and Sigelman, Benjamin and Black, Michael},
 booktitle = {Advances in Neural Information Processing Systems 16 (NIPS)},
 editor = {Thrun, Sebastian and Saul, Lawrence and Schölkopf, Bernhard},
 month = {December},
 note = {\url{https://proceedings.neurips.cc/paper_files/paper/2003/file/cd10c7f376188a4a2ca3e8fea2c03aeb-Paper.pdf}},
 publisher = {MIT Press},
 series = {Conference Track Proceedings},
 title = {Attractive People: Assembling Loose-Limbed Models using Non-parametric Belief Propagation},
 volume = {16},
 year = {2003}
}

@inproceedings{snelson2003warped,
 address = {Vancouver, British Columbia, Canada},
 author = {Snelson, Edward and Ghahramani, Zoubin and Rasmussen, Carl},
 booktitle = {Advances in Neural Information Processing Systems 16 (NIPS)},
 editor = {Thrun, Sebastian and Saul, Lawrence and Schölkopf, Bernhard},
 month = {December},
 note = {\url{https://proceedings.neurips.cc/paper_files/paper/2003/file/6b5754d737784b51ec5075c0dc437bf0-Paper.pdf}},
 publisher = {MIT Press},
 series = {Conference Track Proceedings},
 title = {Warped Gaussian Processes},
 volume = {16},
 year = {2003}
}

@inproceedings{solan2003unsupervised,
 address = {Vancouver, British Columbia, Canada},
 author = {Solan, Zach and Horn, David and Ruppin, Eytan and Edelman, Shimon},
 booktitle = {Advances in Neural Information Processing Systems 16 (NIPS)},
 editor = {Thrun, Sebastian and Saul, Lawrence and Schölkopf, Bernhard},
 month = {December},
 note = {\url{https://proceedings.neurips.cc/paper_files/paper/2003/file/250413d2982f1f83aa62a3a323cd2a87-Paper.pdf}},
 publisher = {MIT Press},
 series = {Conference Track Proceedings},
 title = {Unsupervised Context Sensitive Language Acquisition from a Large Corpus},
 volume = {16},
 year = {2003}
}

@inproceedings{sprague2003eye,
 address = {Vancouver, British Columbia, Canada},
 author = {Sprague, Nathan and Ballard, Dana},
 booktitle = {Advances in Neural Information Processing Systems 16 (NIPS)},
 editor = {Thrun, Sebastian and Saul, Lawrence and Schölkopf, Bernhard},
 month = {December},
 note = {\url{https://proceedings.neurips.cc/paper_files/paper/2003/file/da4902cb0bc38210839714ebdcf0efc3-Paper.pdf}},
 publisher = {MIT Press},
 series = {Conference Track Proceedings},
 title = {Eye Movements for Reward Maximization},
 volume = {16},
 year = {2003}
}

@inproceedings{srebro2003linear,
 address = {Vancouver, British Columbia, Canada},
 author = {Srebro, Nathan and Jaakkola, Tommi},
 booktitle = {Advances in Neural Information Processing Systems 16 (NIPS)},
 editor = {Thrun, Sebastian and Saul, Lawrence and Schölkopf, Bernhard},
 month = {December},
 note = {\url{https://proceedings.neurips.cc/paper_files/paper/2003/file/cbf8710b43df3f2c1553e649403426df-Paper.pdf}},
 publisher = {MIT Press},
 series = {Conference Track Proceedings},
 title = {Linear Dependent Dimensionality Reduction},
 volume = {16},
 year = {2003}
}

@inproceedings{srivastava2003geometric,
 address = {Vancouver, British Columbia, Canada},
 author = {Srivastava, Anuj and Mio, Washington and Liu, Xiuwen and Klassen, Eric},
 booktitle = {Advances in Neural Information Processing Systems 16 (NIPS)},
 editor = {Thrun, Sebastian and Saul, Lawrence and Schölkopf, Bernhard},
 month = {December},
 note = {\url{https://proceedings.neurips.cc/paper_files/paper/2003/file/415e1af7ea95f89f4e375162b21ae38c-Paper.pdf}},
 publisher = {MIT Press},
 series = {Conference Track Proceedings},
 title = {Geometric Analysis of Constrained Curves},
 volume = {16},
 year = {2003}
}

@inproceedings{steck2003bias,
 address = {Vancouver, British Columbia, Canada},
 author = {Steck, Harald and Jaakkola, Tommi},
 booktitle = {Advances in Neural Information Processing Systems 16 (NIPS)},
 editor = {Thrun, Sebastian and Saul, Lawrence and Schölkopf, Bernhard},
 month = {December},
 note = {\url{https://proceedings.neurips.cc/paper_files/paper/2003/file/2aaaddf27344ee54058548dc081c6541-Paper.pdf}},
 publisher = {MIT Press},
 series = {Conference Track Proceedings},
 title = {Bias-Corrected Bootstrap and Model Uncertainty},
 volume = {16},
 year = {2003}
}

@inproceedings{steinwart2003sparseness,
 address = {Vancouver, British Columbia, Canada},
 author = {Steinwart, Ingo},
 booktitle = {Advances in Neural Information Processing Systems 16 (NIPS)},
 editor = {Thrun, Sebastian and Saul, Lawrence and Schölkopf, Bernhard},
 month = {December},
 note = {\url{https://proceedings.neurips.cc/paper_files/paper/2003/file/4c8c76b39d294759a9000cbda3a6571a-Paper.pdf}},
 publisher = {MIT Press},
 series = {Conference Track Proceedings},
 title = {Sparseness of Support Vector Machines—Some Asymptotically Sharp Bounds},
 volume = {16},
 year = {2003}
}

@inproceedings{still2003geometric,
 address = {Vancouver, British Columbia, Canada},
 author = {Still, Susanne and Bialek, William and Bottou, Léon},
 booktitle = {Advances in Neural Information Processing Systems 16 (NIPS)},
 editor = {Thrun, Sebastian and Saul, Lawrence and Schölkopf, Bernhard},
 month = {December},
 note = {\url{https://proceedings.neurips.cc/paper_files/paper/2003/file/794288f252f45d35735a13853e605939-Paper.pdf}},
 publisher = {MIT Press},
 series = {Conference Track Proceedings},
 title = {Geometric Clustering Using the Information Bottleneck Method},
 volume = {16},
 year = {2003}
}

@inproceedings{storkey2003generalised,
 address = {Vancouver, British Columbia, Canada},
 author = {Storkey, Amos J.},
 booktitle = {Advances in Neural Information Processing Systems 16 (NIPS)},
 editor = {S. Thrun and L. Saul and B. Schölkopf},
 month = {December},
 note = {\url{https://proceedings.neurips.cc/paper_files/paper/2003/file/8c1b6fa97c4288a4514365198566c6fa-Paper.pdf}},
 publisher = {MIT Press},
 series = {Conference Track Proceedings},
 title = {Generalised Propagation for Fast Fourier Transforms with Partial or Missing Data},
 volume = {16},
 year = {2003}
}

@inproceedings{strohmann2003sparse,
 address = {Vancouver, British Columbia, Canada},
 author = {Strohmann, Thomas R. and Belitski, Andrei and Grudic, Gregory and DeCoste, Dennis},
 booktitle = {Advances in Neural Information Processing Systems 16 (NIPS)},
 editor = {S. Thrun and L. Saul and B. Schölkopf},
 month = {December},
 note = {\url{https://proceedings.neurips.cc/paper_files/paper/2003/file/7cc234202e98d2722580858573fd0817-Paper.pdf}},
 publisher = {MIT Press},
 series = {Conference Track Proceedings},
 title = {Sparse Greedy Minimax Probability Machine Classification},
 volume = {16},
 year = {2003}
}

@inproceedings{sugita2003holistic,
 address = {Vancouver, British Columbia, Canada},
 author = {Sugita, Yuuya and Tani, Jun},
 booktitle = {Advances in Neural Information Processing Systems 16 (NIPS)},
 editor = {Thrun, Sebastian and Saul, Lawrence and Schölkopf, Bernhard},
 month = {December},
 note = {\url{https://proceedings.neurips.cc/paper_files/paper/2003/file/3baa271bc35fe054c86928f7016e8ae6-Paper.pdf}},
 publisher = {MIT Press},
 series = {Conference Track Proceedings},
 title = {A Holistic Approach to Compositional Semantics: a connectionist model and robot experiments},
 volume = {16},
 year = {2003}
}

@inproceedings{suzuki2003kernels,
 address = {Vancouver, British Columbia, Canada},
 author = {Suzuki, Jun and Sasaki, Yutaka and Maeda, Eisaku},
 booktitle = {Advances in Neural Information Processing Systems 16 (NIPS)},
 editor = {Thrun, Sebastian and Saul, Lawrence and Schölkopf, Bernhard},
 month = {December},
 note = {\url{https://proceedings.neurips.cc/paper_files/paper/2003/file/f7ac67a9aa8d255282de7d11391e1b69-Paper.pdf}},
 publisher = {MIT Press},
 series = {Conference Track Proceedings},
 title = {Kernels for Structured Natural Language Data},
 volume = {16},
 year = {2003}
}

@inproceedings{tanaka2003different,
 address = {Vancouver, British Columbia, Canada},
 author = {Tanaka, Saori and Doya, Kenji and Okada, Go and Ueda, Kazutaka and Okamoto, Yasumasa and Yamawaki, Shigeto},
 booktitle = {Advances in Neural Information Processing Systems 16 (NIPS)},
 editor = {Thrun, Sebastian and Saul, Lawrence and Schölkopf, Bernhard},
 month = {December},
 note = {\url{https://proceedings.neurips.cc/paper_files/paper/2003/file/7827d1ec626c891d4b61a15c9dff296e-Paper.pdf}},
 publisher = {MIT Press},
 series = {Conference Track Proceedings},
 title = {Different Cortico-Basal Ganglia Loops Specialize in Reward Prediction at Different Time Scales},
 volume = {16},
 year = {2003}
}

@inproceedings{taskar2003link,
 address = {Vancouver, British Columbia, Canada},
 author = {Taskar, Ben and Wong, Ming-fai and Abbeel, Pieter and Koller, Daphne},
 booktitle = {Advances in Neural Information Processing Systems 16 (NIPS)},
 editor = {Thrun, Sebastian and Saul, Lawrence and Schölkopf, Bernhard},
 month = {December},
 note = {\url{https://proceedings.neurips.cc/paper_files/paper/2003/file/1e0a84051e6a4a7381473328f43c4884-Paper.pdf}},
 publisher = {MIT Press},
 series = {Conference Track Proceedings},
 title = {Link Prediction in Relational Data},
 volume = {16},
 year = {2003}
}

@inproceedings{taskar2003max,
 address = {Vancouver, British Columbia, Canada},
 author = {Taskar, Ben and Guestrin, Carlos and Koller, Daphne},
 booktitle = {Advances in Neural Information Processing Systems 16 (NIPS)},
 editor = {S. Thrun and L. Saul and B. Schölkopf},
 month = {December},
 note = {\url{https://proceedings.neurips.cc/paper_files/paper/2003/file/878d5691c824ee2aaf770f7d36c151d6-Paper.pdf}},
 publisher = {MIT Press},
 series = {Conference Track Proceedings},
 title = {Max-Margin Markov Networks},
 volume = {16},
 year = {2003}
}

@inproceedings{tenore2003entrainment,
 address = {Vancouver, British Columbia, Canada},
 author = {Tenore, Francesco and Etienne-Cummings, Ralph and Lewis, M.},
 booktitle = {Advances in Neural Information Processing Systems 16 (NIPS)},
 editor = {Thrun, Sebastian and Saul, Lawrence and Schölkopf, Bernhard},
 month = {December},
 note = {\url{https://proceedings.neurips.cc/paper_files/paper/2003/file/4de754248c196c85ee4fbdcee89179bd-Paper.pdf}},
 publisher = {MIT Press},
 series = {Conference Track Proceedings},
 title = {Entrainment of Silicon Central Pattern Generators for Legged Locomotory Control},
 volume = {16},
 year = {2003}
}

@inproceedings{tesauro2003extending,
 address = {Vancouver, British Columbia, Canada},
 author = {Tesauro, Gerald},
 booktitle = {Advances in Neural Information Processing Systems 16 (NIPS)},
 editor = {Thrun, Sebastian and Saul, Lawrence and Schölkopf, Bernhard},
 month = {December},
 note = {\url{https://proceedings.neurips.cc/paper_files/paper/2003/file/e71e5cd119bbc5797164fb0cd7fd94a4-Paper.pdf}},
 publisher = {MIT Press},
 series = {Conference Track Proceedings},
 title = {Extending Q-Learning to General Adaptive Multi-Agent Systems},
 volume = {16},
 year = {2003}
}

@inproceedings{theocharous2003approximate,
 address = {Vancouver, British Columbia, Canada},
 author = {Theocharous, Georgios and Kaelbling, Leslie},
 booktitle = {Advances in Neural Information Processing Systems 16 (NIPS)},
 editor = {Thrun, Sebastian and Saul, Lawrence and Schölkopf, Bernhard},
 month = {December},
 note = {\url{https://proceedings.neurips.cc/paper_files/paper/2003/file/ea4eb49329550caaa1d2044105223721-Paper.pdf}},
 publisher = {MIT Press},
 series = {Conference Track Proceedings},
 title = {Approximate Planning in POMDPs with Macro-Actions},
 volume = {16},
 year = {2003}
}

@inproceedings{thomas2003diffusion,
 address = {Vancouver, British Columbia, Canada},
 author = {Thomas, Peter and Spencer, Donald and Hampton, Sierra and Park, Peter and Zurkus, Joseph},
 booktitle = {Advances in Neural Information Processing Systems 16 (NIPS)},
 editor = {Thrun, Sebastian and Saul, Lawrence and Schölkopf, Bernhard},
 month = {December},
 note = {\url{https://proceedings.neurips.cc/paper_files/paper/2003/file/0d7363894acdee742caf7fe4e97c4d49-Paper.pdf}},
 publisher = {MIT Press},
 series = {Conference Track Proceedings},
 title = {The Diffusion-Limited Biochemical Signal-Relay Channel},
 volume = {16},
 year = {2003}
}

@inproceedings{torresani2003learning,
 address = {Vancouver, British Columbia, Canada},
 author = {Torresani, Lorenzo and Hertzmann, Aaron and Bregler, Christoph},
 booktitle = {Advances in Neural Information Processing Systems 16 (NIPS)},
 editor = {S. Thrun and L. Saul and B. Schölkopf},
 month = {December},
 note = {\url{https://proceedings.neurips.cc/paper_files/paper/2003/file/8db9264228dc48fbf47535e888c02ae0-Paper.pdf}},
 publisher = {MIT Press},
 series = {Conference Track Proceedings},
 title = {Learning Non-Rigid 3D Shape from 2D Motion},
 volume = {16},
 year = {2003}
}

@inproceedings{toussaint2003learning,
 address = {Vancouver, British Columbia, Canada},
 author = {Toussaint, Marc},
 booktitle = {Advances in Neural Information Processing Systems 16 (NIPS)},
 editor = {Thrun, Sebastian and Saul, Lawrence and Schölkopf, Bernhard},
 month = {December},
 note = {\url{https://proceedings.neurips.cc/paper_files/paper/2003/file/28b60a16b55fd531047c0c958ce14b95-Paper.pdf}},
 publisher = {MIT Press},
 series = {Conference Track Proceedings},
 title = {Learning a World Model and Planning with a Self-Organizing, Dynamic Neural System},
 volume = {16},
 year = {2003}
}

@inproceedings{tsuda2003image,
 address = {Vancouver, British Columbia, Canada},
 author = {Tsuda, Koji and Rätsch, Gunnar},
 booktitle = {Advances in Neural Information Processing Systems 16 (NIPS)},
 editor = {Thrun, Sebastian and Saul, Lawrence and Schölkopf, Bernhard},
 month = {December},
 note = {\url{https://proceedings.neurips.cc/paper_files/paper/2003/file/c3a690be93aa602ee2dc0ccab5b7b67e-Paper.pdf}},
 publisher = {MIT Press},
 series = {Conference Track Proceedings},
 title = {Image Reconstruction by Linear Programming},
 volume = {16},
 year = {2003}
}

@inproceedings{verbeek2003non,
 address = {Vancouver, British Columbia, Canada},
 author = {Verbeek, Jakob and Roweis, Sam and Vlassis, Nikos},
 booktitle = {Advances in Neural Information Processing Systems 16 (NIPS)},
 editor = {Thrun, Sebastian and Saul, Lawrence and Schölkopf, Bernhard},
 month = {December},
 note = {\url{https://proceedings.neurips.cc/paper_files/paper/2003/file/24e27b869b66e9e62724bd7725d5d9c1-Paper.pdf}},
 publisher = {MIT Press},
 series = {Conference Track Proceedings},
 title = {Non-linear CCA and PCA by Alignment of Local Models},
 volume = {16},
 year = {2003}
}

@inproceedings{vermaak2003sequential,
 address = {Vancouver, British Columbia, Canada},
 author = {Vermaak, Jaco and Godsill, Simon and Doucet, Arnaud},
 booktitle = {Advances in Neural Information Processing Systems 16 (NIPS)},
 editor = {S. Thrun and L. Saul and B. Schölkopf},
 month = {December},
 note = {\url{https://proceedings.neurips.cc/paper_files/paper/2003/file/8aec51422b30d61bce078b27f0babeb1-Paper.pdf}},
 publisher = {MIT Press},
 series = {Conference Track Proceedings},
 title = {Sequential Bayesian Kernel Regression},
 volume = {16},
 year = {2003}
}

@inproceedings{vollgraf2003nonlinear,
 address = {Vancouver, British Columbia, Canada},
 author = {Vollgraf, Roland and Scholz, Michael and Meinertzhagen, Ian and Obermayer, Klaus},
 booktitle = {Advances in Neural Information Processing Systems 16 (NIPS)},
 editor = {Thrun, Sebastian and Saul, Lawrence and Schölkopf, Bernhard},
 month = {December},
 note = {\url{https://proceedings.neurips.cc/paper_files/paper/2003/file/696b35cc35e710279b9c2dedc08e22d7-Paper.pdf}},
 publisher = {MIT Press},
 series = {Conference Track Proceedings},
 title = {Nonlinear Filtering of Electron Micrographs by Means of Support Vector Regression},
 volume = {16},
 year = {2003}
}

@inproceedings{vovk2003self,
 address = {Vancouver, British Columbia, Canada},
 author = {Vovk, Vladimir and Shafer, Glenn and Nouretdinov, Ilia},
 booktitle = {Advances in Neural Information Processing Systems 16 (NIPS)},
 editor = {Thrun, Sebastian and Saul, Lawrence and Schölkopf, Bernhard},
 month = {December},
 note = {\url{https://proceedings.neurips.cc/paper_files/paper/2003/file/10c66082c124f8afe3df4886f5e516e0-Paper.pdf}},
 publisher = {MIT Press},
 series = {Conference Track Proceedings},
 title = {Self-calibrating Probability Forecasting},
 volume = {16},
 year = {2003}
}

@inproceedings{wang2003learning,
 address = {Vancouver, British Columbia, Canada},
 author = {Wang, Xiaofeng and Sandholm, Tuomas},
 booktitle = {Advances in Neural Information Processing Systems 16 (NIPS)},
 editor = {S. Thrun and L. Saul and B. Schölkopf},
 month = {December},
 note = {\url{https://proceedings.neurips.cc/paper_files/paper/2003/file/999600eb275cc7196161261972daa59b-Paper.pdf}},
 publisher = {MIT Press},
 series = {Conference Track Proceedings},
 title = {Learning Near-Pareto-Optimal Conventions in Polynomial Time},
 volume = {16},
 year = {2003}
}

@inproceedings{wang2003local,
 address = {Vancouver, British Columbia, Canada},
 author = {Wang, Zhou and Simoncelli, Eero},
 booktitle = {Advances in Neural Information Processing Systems 16 (NIPS)},
 editor = {Thrun, Sebastian and Saul, Lawrence and Schölkopf, Bernhard},
 month = {December},
 note = {\url{https://proceedings.neurips.cc/paper_files/paper/2003/file/565030e1fce4e481f9823a7de3b8a047-Paper.pdf}},
 publisher = {MIT Press},
 series = {Conference Track Proceedings},
 title = {Local Phase Coherence and the Perception of Blur},
 volume = {16},
 year = {2003}
}

@inproceedings{wang2003salient,
 address = {Vancouver, British Columbia, Canada},
 author = {Wang, Song and Kubota, Toshiro and Siskind, Jeffrey},
 booktitle = {Advances in Neural Information Processing Systems 16 (NIPS)},
 editor = {Thrun, Sebastian and Saul, Lawrence and Schölkopf, Bernhard},
 month = {December},
 note = {\url{https://proceedings.neurips.cc/paper_files/paper/2003/file/f55cadb97eaff2ba1980e001b0bd9842-Paper.pdf}},
 publisher = {MIT Press},
 series = {Conference Track Proceedings},
 title = {Salient Boundary Detection using Ratio Contour},
 volume = {16},
 year = {2003}
}

@inproceedings{wang2003training,
 address = {Vancouver, British Columbia, Canada},
 author = {Wang, Xuerui and Hutchinson, Rebecca and Mitchell, Tom M.},
 booktitle = {Advances in Neural Information Processing Systems 16 (NIPS)},
 editor = {Thrun, Sebastian and Saul, Lawrence and Schölkopf, Bernhard},
 month = {December},
 note = {\url{https://proceedings.neurips.cc/paper_files/paper/2003/file/61d77652c97ef636343742fc3dcf3ba9-Paper.pdf}},
 publisher = {MIT Press},
 series = {Conference Track Proceedings},
 title = {Training fMRI Classifiers to Detect Cognitive States across Multiple Human Subjects},
 volume = {16},
 year = {2003}
}

@inproceedings{welling2003extreme,
 address = {Vancouver, British Columbia, Canada},
 author = {Welling, Max and Williams, Christopher and Agakov, Felix},
 booktitle = {Advances in Neural Information Processing Systems 16 (NIPS)},
 editor = {Thrun, Sebastian and Saul, Lawrence and Schölkopf, Bernhard},
 month = {December},
 note = {\url{https://proceedings.neurips.cc/paper_files/paper/2003/file/c5dc3e08849bec07e33ca353de62ea04-Paper.pdf}},
 publisher = {MIT Press},
 series = {Conference Track Proceedings},
 title = {Extreme Components Analysis},
 volume = {16},
 year = {2003}
}

@inproceedings{welling2003linear,
 address = {Vancouver, British Columbia, Canada},
 author = {Welling, Max and Teh, Yee},
 booktitle = {Advances in Neural Information Processing Systems 16 (NIPS)},
 editor = {Thrun, Sebastian and Saul, Lawrence and Schölkopf, Bernhard},
 month = {December},
 note = {\url{https://proceedings.neurips.cc/paper_files/paper/2003/file/020bf2c45e7bb322f89a226bd2c5d41b-Paper.pdf}},
 publisher = {MIT Press},
 series = {Conference Track Proceedings},
 title = {Linear Response for Approximate Inference},
 volume = {16},
 year = {2003}
}

@inproceedings{welling2003wormholes,
 address = {Vancouver, British Columbia, Canada},
 author = {Welling, Max and Mnih, Andriy and Hinton, Geoffrey E},
 booktitle = {Advances in Neural Information Processing Systems 16 (NIPS)},
 editor = {Thrun, Sebastian and Saul, Lawrence and Schölkopf, Bernhard},
 month = {December},
 note = {\url{https://proceedings.neurips.cc/paper_files/paper/2003/file/03cf87174debaccd689c90c34577b82f-Paper.pdf}},
 publisher = {MIT Press},
 series = {Conference Track Proceedings},
 title = {Wormholes Improve Contrastive Divergence},
 volume = {16},
 year = {2003}
}

@inproceedings{werfel2003learning,
 address = {Vancouver, British Columbia, Canada},
 author = {Werfel, Justin and Xie, Xiaohui and Seung, H.},
 booktitle = {Advances in Neural Information Processing Systems 16 (NIPS)},
 editor = {Thrun, Sebastian and Saul, Lawrence and Schölkopf, Bernhard},
 month = {December},
 note = {\url{https://proceedings.neurips.cc/paper_files/paper/2003/file/f8b932c70d0b2e6bf071729a4fa68dfc-Paper.pdf}},
 publisher = {MIT Press},
 series = {Conference Track Proceedings},
 title = {Learning Curves for Stochastic Gradient Descent in Linear Feedforward Networks},
 volume = {16},
 year = {2003}
}

@inproceedings{weston2003learning,
 address = {Vancouver, British Columbia, Canada},
 author = {Weston, Jason and Schölkopf, Bernhard and Bakir, Gökhan},
 booktitle = {Advances in Neural Information Processing Systems 16 (NIPS)},
 editor = {S. Thrun and L. Saul and B. Schölkopf},
 month = {December},
 note = {\url{https://proceedings.neurips.cc/paper_files/paper/2003/file/ac1ad983e08ad3304a97e147f522747e-Paper.pdf}},
 publisher = {MIT Press},
 series = {Conference Track Proceedings},
 title = {Learning to Find Pre-Images},
 volume = {16},
 year = {2003}
}

@inproceedings{weston2003semi,
 address = {Vancouver, British Columbia, Canada},
 author = {Weston, Jason and Zhou, Dengyong and Elisseeff, André and Noble, William and Leslie, Christina},
 booktitle = {Advances in Neural Information Processing Systems 16 (NIPS)},
 editor = {Thrun, Sebastian and Saul, Lawrence and Schölkopf, Bernhard},
 month = {December},
 note = {\url{https://proceedings.neurips.cc/paper_files/paper/2003/file/12ffb0968f2f56e51a59a6beb37b2859-Paper.pdf}},
 publisher = {MIT Press},
 series = {Conference Track Proceedings},
 title = {Semi-supervised Protein Classification Using Cluster Kernels},
 volume = {16},
 year = {2003}
}

@inproceedings{wichmann2003insights,
 address = {Vancouver, British Columbia, Canada},
 author = {Wichmann, Felix A. and Graf, Arnulf},
 booktitle = {Advances in Neural Information Processing Systems 16 (NIPS)},
 editor = {S. Thrun and L. Saul and B. Schölkopf},
 month = {December},
 note = {\url{https://proceedings.neurips.cc/paper_files/paper/2003/file/b4baaff0e2f11b5356193849021d641f-Paper.pdf}},
 publisher = {MIT Press},
 series = {Conference Track Proceedings},
 title = {Insights from Machine Learning Applied to Human Visual Classification},
 volume = {16},
 year = {2003}
}

@inproceedings{wu2003learning,
 address = {Vancouver, British Columbia, Canada},
 author = {Wu, Jianxin and Rehg, James M and Mullin, Matthew},
 booktitle = {Advances in Neural Information Processing Systems 16 (NIPS)},
 editor = {Thrun, Sebastian and Saul, Lawrence and Schölkopf, Bernhard},
 month = {December},
 note = {\url{https://proceedings.neurips.cc/paper_files/paper/2003/file/23af4b45f1e166141a790d1a3126e77a-Paper.pdf}},
 publisher = {MIT Press},
 series = {Conference Track Proceedings},
 title = {Learning a Rare Event Detection Cascade by Direct Feature Selection},
 volume = {16},
 year = {2003}
}

@inproceedings{wu2003probability,
 address = {Vancouver, British Columbia, Canada},
 author = {Wu, Ting-fan and Lin, Chih-jen and Weng, Ruby},
 booktitle = {Advances in Neural Information Processing Systems 16 (NIPS)},
 editor = {Thrun, Sebastian and Saul, Lawrence and Schölkopf, Bernhard},
 month = {December},
 note = {\url{https://proceedings.neurips.cc/paper_files/paper/2003/file/03e7ef47cee6fa4ae7567394b99912b7-Paper.pdf}},
 publisher = {MIT Press},
 series = {Conference Track Proceedings},
 title = {Probability Estimates for Multi-Class Classification by Pairwise Coupling},
 volume = {16},
 year = {2003}
}

@inproceedings{wyss2003bounded,
 address = {Vancouver, British Columbia, Canada},
 author = {Wyss, Reto and Verschure, Paul},
 booktitle = {Advances in Neural Information Processing Systems 16 (NIPS)},
 editor = {Thrun, Sebastian and Saul, Lawrence and Schölkopf, Bernhard},
 month = {December},
 note = {\url{https://proceedings.neurips.cc/paper_files/paper/2003/file/f83630579d055dc5843ae693e7cdafe0-Paper.pdf}},
 publisher = {MIT Press},
 series = {Conference Track Proceedings},
 title = {Bounded Invariance and the Formation of Place Fields},
 volume = {16},
 year = {2003}
}

@inproceedings{yagi2003mixed,
 address = {Vancouver, British Columbia, Canada},
 author = {Yagi, Masakazu and Yamasaki, Hideo and Shibata, Tadashi},
 booktitle = {Advances in Neural Information Processing Systems 16 (NIPS)},
 editor = {S. Thrun and L. Saul and B. Schölkopf},
 month = {December},
 note = {\url{https://proceedings.neurips.cc/paper_files/paper/2003/file/b3f61131b6eceeb2b14835fa648a48ff-Paper.pdf}},
 publisher = {MIT Press},
 series = {Conference Track Proceedings},
 title = {A Mixed-Signal VLSI for Real-Time Generation of Edge-Based Image Vectors},
 volume = {16},
 year = {2003}
}

@inproceedings{yanover2003finding,
 address = {Vancouver, British Columbia, Canada},
 author = {Yanover, Chen and Weiss, Yair},
 booktitle = {Advances in Neural Information Processing Systems 16 (NIPS)},
 editor = {Thrun, Sebastian and Saul, Lawrence and Schölkopf, Bernhard},
 month = {December},
 note = {\url{https://proceedings.neurips.cc/paper_files/paper/2003/file/70fcb77e6349f4467edd7227baa73222-Paper.pdf}},
 publisher = {MIT Press},
 series = {Conference Track Proceedings},
 title = {Finding the M Most Probable Configurations using Loopy Belief Propagation},
 volume = {16},
 year = {2003}
}

@inproceedings{zhang2003infinity,
 address = {Vancouver, British Columbia, Canada},
 author = {Zhang, Tong},
 booktitle = {Advances in Neural Information Processing Systems 16 (NIPS)},
 editor = {Thrun, Sebastian and Saul, Lawrence and Schölkopf, Bernhard},
 month = {December},
 note = {\url{https://proceedings.neurips.cc/paper_files/paper/2003/file/2dbf21633f03afcf882eaf10e4b5caca-Paper.pdf}},
 publisher = {MIT Press},
 series = {Conference Track Proceedings},
 title = {An Infinity-sample Theory for Multi-category Large Margin Classification},
 volume = {16},
 year = {2003}
}

@inproceedings{zhang2003learning,
 address = {Vancouver, British Columbia, Canada},
 author = {Zhang, Tong},
 booktitle = {Advances in Neural Information Processing Systems 16 (NIPS)},
 editor = {Thrun, Sebastian and Saul, Lawrence and Schölkopf, Bernhard},
 month = {December},
 note = {\url{https://proceedings.neurips.cc/paper_files/paper/2003/file/fc79250f8c5b804390e8da280b4cf06e-Paper.pdf}},
 publisher = {MIT Press},
 series = {Conference Track Proceedings},
 title = {Learning Bounds for a Generalized Family of Bayesian Posterior Distributions},
 volume = {16},
 year = {2003}
}

@inproceedings{zheng2003statistical,
 address = {Vancouver, British Columbia, Canada},
 author = {Zheng, Alice and Jordan, Michael and Liblit, Ben and Aiken, Alex},
 booktitle = {Advances in Neural Information Processing Systems 16 (NIPS)},
 editor = {Thrun, Sebastian and Saul, Lawrence and Schölkopf, Bernhard},
 month = {December},
 note = {\url{https://proceedings.neurips.cc/paper_files/paper/2003/file/0a65e195cb51418279b6fa8d96847a60-Paper.pdf}},
 publisher = {MIT Press},
 series = {Conference Track Proceedings},
 title = {Statistical Debugging of Sampled Programs},
 volume = {16},
 year = {2003}
}

@inproceedings{zhou2003impact,
 address = {Vancouver, British Columbia, Canada},
 author = {Zhou, Yu and Mason, Steven and Birch, Gary},
 booktitle = {Advances in Neural Information Processing Systems 16 (NIPS)},
 editor = {Thrun, Sebastian and Saul, Lawrence and Schölkopf, Bernhard},
 month = {December},
 note = {\url{https://proceedings.neurips.cc/paper_files/paper/2003/file/be1df9a5d08724971f64a511e24fc904-Paper.pdf}},
 publisher = {MIT Press},
 series = {Conference Track Proceedings},
 title = {Impact of an Energy Normalization Transform on the Performance of the LF-ASD Brain Computer Interface},
 volume = {16},
 year = {2003}
}

@inproceedings{zhou2003learning,
 address = {Vancouver, British Columbia, Canada},
 author = {Zhou, Dengyong and Bousquet, Olivier and Lal, Thomas and Weston, Jason and Schölkopf, Bernhard},
 booktitle = {Advances in Neural Information Processing Systems 16 (NIPS)},
 editor = {S. Thrun and L. Saul and B. Schölkopf},
 month = {December},
 note = {\url{https://proceedings.neurips.cc/paper_files/paper/2003/file/87682805257e619d49b8e0dfdc14affa-Paper.pdf}},
 publisher = {MIT Press},
 series = {Conference Track Proceedings},
 title = {Learning with Local and Global Consistency},
 volume = {16},
 year = {2003}
}

@inproceedings{zhou2003ranking,
 address = {Vancouver, British Columbia, Canada},
 author = {Zhou, Dengyong and Weston, Jason and Gretton, Arthur and Bousquet, Olivier and Schölkopf, Bernhard},
 booktitle = {Advances in Neural Information Processing Systems 16 (NIPS)},
 editor = {Thrun, Sebastian and Saul, Lawrence and Schölkopf, Bernhard},
 month = {December},
 note = {\url{https://proceedings.neurips.cc/paper_files/paper/2003/file/2c3ddf4bf13852db711dd1901fb517fa-Paper.pdf}},
 publisher = {MIT Press},
 series = {Conference Track Proceedings},
 title = {Ranking on Data Manifolds},
 volume = {16},
 year = {2003}
}

@inproceedings{zhu2003norm,
 address = {Vancouver, British Columbia, Canada},
 author = {Zhu, Ji and Rosset, Saharon and Tibshirani, Robert and Hastie, Trevor},
 booktitle = {Advances in Neural Information Processing Systems 16 (NIPS)},
 editor = {Thrun, Sebastian and Saul, Lawrence and Schölkopf, Bernhard},
 month = {December},
 note = {\url{https://proceedings.neurips.cc/paper_files/paper/2003/file/49d4b2faeb4b7b9e745775793141e2b2-Paper.pdf}},
 publisher = {MIT Press},
 series = {Conference Track Proceedings},
 title = {1-norm Support Vector Machines},
 volume = {16},
 year = {2003}
}
