@inproceedings{abbeel2004learning,
  address =      {Vancouver, British Columbia, Canada},
  author =       {Abbeel, Pieter and Ng, Andrew},
  booktitle =    {Advances in Neural Information Processing Systems 17
                  (NIPS)},
  editor =       {Saul, L. and Weiss, Y. and Bottou, L.},
  month =        {December},
  note =
                  {\url{https://proceedings.neurips.cc/paper_files/paper/2004/file/02f657d55eaf1c4840ce8d66fcdaf90c-Paper.pdf}},
  publisher =    {MIT Press},
  series =       {Conference Track Proceedings},
  title =        {Learning First-Order Markov Models for Control},
  volume =       17,
  year =         2004
}

@inproceedings{agarwal2004large,
  address =      {Vancouver, British Columbia, Canada},
  author =       {Agarwal, Shivani and Graepel, Thore and Herbrich,
                  Ralf and Roth, Dan},
  booktitle =    {Advances in Neural Information Processing Systems 17
                  (NIPS)},
  editor =       {Saul, L. and Weiss, Y. and Bottou, L.},
  month =        {December},
  note =
                  {\url{https://proceedings.neurips.cc/paper_files/paper/2004/file/f0f6ba4b5e0000340312d33c212c3ae8-Paper.pdf}},
  openalex =     {W2120580706},
  publisher =    {MIT Press},
  series =       {Conference Track Proceedings},
  title =        {A Large Deviation Bound for the Area Under the ROC
                  Curve},
  volume =       17,
  year =         2004
}

@inproceedings{aiolli2004learning,
  address =      {Vancouver, British Columbia, Canada},
  author =       {Aiolli, Fabio and Sperduti, Alessandro},
  booktitle =    {Advances in Neural Information Processing Systems 17
                  (NIPS)},
  editor =       {Saul, L. and Weiss, Y. and Bottou, L.},
  month =        {December},
  note =
                  {\url{https://proceedings.neurips.cc/paper_files/paper/2004/file/5b168fdba5ee5ea262cc2d4c0b457697-Paper.pdf}},
  openalex =     {W2136476664},
  publisher =    {MIT Press},
  series =       {Conference Track Proceedings},
  title =        {Learning Preferences for Multiclass Problems},
  volume =       17,
  year =         2004
}

@inproceedings{allan2004harmonising,
  address =      {Vancouver, British Columbia, Canada},
  author =       {Allan, Moray and Williams, Christopher K. I.},
  booktitle =    {Advances in Neural Information Processing Systems 17
                  (NIPS)},
  editor =       {Saul, L. and Weiss, Y. and Bottou, L.},
  month =        {December},
  note =
                  {\url{https://proceedings.neurips.cc/paper_files/paper/2004/file/b628386c9b92481fab68fbf284bd6a64-Paper.pdf}},
  openalex =     {W2161850243},
  publisher =    {MIT Press},
  series =       {Conference Track Proceedings},
  title =        {Harmonising Chorales by Probabilistic Inference},
  volume =       17,
  year =         2004
}

@inproceedings{anguelov2004correlated,
  address =      {Vancouver, British Columbia, Canada},
  author =       {Anguelov, Dragomir and Srinivasan, P. and Pang,
                  Hoi-Cheung and Koller, Daphne and Thrun, Sebastian
                  and Davis, James},
  booktitle =    {Advances in Neural Information Processing Systems 17
                  (NIPS)},
  editor =       {Saul, L. and Weiss, Y. and Bottou, L.},
  month =        {December},
  note =
                  {\url{https://proceedings.neurips.cc/paper_files/paper/2004/file/e02e27e04fdff967ba7d76fb24b8069d-Paper.pdf}},
  openalex =     {W2153487529},
  publisher =    {MIT Press},
  series =       {Conference Track Proceedings},
  title =        {The Correlated Correspondence Algorithm for
                  Unsupervised Registration of Nonrigid Surfaces},
  volume =       17,
  year =         2004
}

@inproceedings{aurell2004comparingbeliefs,
  address =      {Vancouver, British Columbia, Canada},
  author =       {Aurell, Erik and Gordon, Uri and Kirkpatrick, Scott},
  booktitle =    {Advances in Neural Information Processing Systems 17
                  (NIPS)},
  editor =       {Saul, L. and Weiss, Y. and Bottou, L.},
  month =        {December},
  note =
                  {\url{https://proceedings.neurips.cc/paper_files/paper/2004/file/fecf2c550171d3195c879d115440ae45-Paper.pdf}},
  openalex =     {W2139955802},
  publisher =    {MIT Press},
  series =       {Conference Track Proceedings},
  title =        {Comparing Beliefs, Surveys, and Random Walks},
  volume =       17,
  year =         2004
}

@inproceedings{avidan2004power,
  address =      {Vancouver, British Columbia, Canada},
  author =       {Avidan, Shai and Butman, Moshe},
  booktitle =    {Advances in Neural Information Processing Systems 17
                  (NIPS)},
  editor =       {Saul, L. and Weiss, Y. and Bottou, L.},
  month =        {December},
  note =
                  {\url{https://proceedings.neurips.cc/paper_files/paper/2004/file/06fe1c234519f6812fc4c1baae25d6af-Paper.pdf}},
  openalex =     {W2096850600},
  publisher =    {MIT Press},
  series =       {Conference Track Proceedings},
  title =        {The power of feature clustering: An application to
                  object detection},
  volume =       17,
  year =         2004
}

@inproceedings{bach2004blind,
  address =      {Vancouver, British Columbia, Canada},
  author =       {Bach, Francis R. and Jordan, Michael I.},
  booktitle =    {Advances in Neural Information Processing Systems 17
                  (NIPS)},
  editor =       {Saul, L. and Weiss, Y. and Bottou, L.},
  month =        {December},
  note =
                  {\url{https://proceedings.neurips.cc/paper_files/paper/2004/file/c0e90532fb42ac6de18e25e95db73047-Paper.pdf}},
  openalex =     {W2103453322},
  publisher =    {MIT Press},
  series =       {Conference Track Proceedings},
  title =        {Blind One-microphone Speech Separation: A Spectral
                  Learning Approach},
  volume =       17,
  year =         2004
}

@inproceedings{bach2004computing,
  address =      {Vancouver, British Columbia, Canada},
  author =       {Bach, Francis R. and Thibaux, Romain and Jordan,
                  Michael I.},
  booktitle =    {Advances in Neural Information Processing Systems 17
                  (NIPS)},
  editor =       {Saul, L. and Weiss, Y. and Bottou, L.},
  month =        {December},
  note =
                  {\url{https://proceedings.neurips.cc/paper_files/paper/2004/file/ce758408f6ef98d7c7a7b786eca7b3a8-Paper.pdf}},
  openalex =     {W2100658528},
  publisher =    {MIT Press},
  series =       {Conference Track Proceedings},
  title =        {Computing regularization paths for learning multiple
                  kernels},
  volume =       17,
  year =         2004
}

@inproceedings{balcan2004co,
  address =      {Vancouver, British Columbia, Canada},
  author =       {Balcan, Maria-Florina and Blum, Avrim and Yang, Ke},
  booktitle =    {Advances in Neural Information Processing Systems 17
                  (NIPS)},
  editor =       {Saul, L. and Weiss, Y. and Bottou, L.},
  month =        {December},
  note =
                  {\url{https://proceedings.neurips.cc/paper_files/paper/2004/file/9457fc28ceb408103e13533e4a5b6bd1-Paper.pdf}},
  openalex =     {W2128614648},
  publisher =    {MIT Press},
  series =       {Conference Track Proceedings},
  title =        {Co-Training and Expansion: Towards Bridging Theory
                  and Practice},
  volume =       17,
  year =         2004
}

@inproceedings{barhillel2004spike,
  address =      {Vancouver, British Columbia, Canada},
  author =       {Bar-Hillel, Aharon and Spiro, Adam and Stark, Eran},
  booktitle =    {Advances in Neural Information Processing Systems 17
                  (NIPS)},
  editor =       {Saul, L. and Weiss, Y. and Bottou, L.},
  month =        {December},
  note =
                  {\url{https://proceedings.neurips.cc/paper_files/paper/2004/file/b5baa9c23ac3e015ad287b17a3d4afa3-Paper.pdf}},
  openalex =     {W2049210328},
  publisher =    {MIT Press},
  series =       {Conference Track Proceedings},
  title =        {Spike sorting: Bayesian clustering of non-stationary
                  data},
  volume =       17,
  year =         2004
}

@inproceedings{bartlett2004exponentiated,
  address =      {Vancouver, British Columbia, Canada},
  author =       {Bartlett, Peter L. and Collins, Michael and Taskar,
                  Ben and McAllester, David},
  booktitle =    {Advances in Neural Information Processing Systems 17
                  (NIPS)},
  editor =       {Saul, L. and Weiss, Y. and Bottou, L.},
  month =        {December},
  note =
                  {\url{https://proceedings.neurips.cc/paper_files/paper/2004/file/e97c864e8ac67f7aed5ce53ec28638f5-Paper.pdf}},
  openalex =     {W2123729042},
  publisher =    {MIT Press},
  series =       {Conference Track Proceedings},
  title =        {Exponentiated Gradient Algorithms for Large-margin
                  Structured Classification},
  volume =       17,
  year =         2004
}

@inproceedings{bell2004maximising,
  address =      {Vancouver, British Columbia, Canada},
  author =       {Bell, Anthony J. and Parra, Lucas C.},
  booktitle =    {Advances in Neural Information Processing Systems 17
                  (NIPS)},
  editor =       {Saul, L. and Weiss, Y. and Bottou, L.},
  month =        {December},
  note =
                  {\url{https://proceedings.neurips.cc/paper_files/paper/2004/file/a8345c3bb9e3896ea538ce77ffaf2c20-Paper.pdf}},
  openalex =     {W2147792971},
  publisher =    {MIT Press},
  series =       {Conference Track Proceedings},
  title =        {Maximising Sensitivity in a Spiking Network},
  volume =       17,
  year =         2004
}

@inproceedings{bengio2004non,
  address =      {Vancouver, British Columbia, Canada},
  author =       {Bengio, Yoshua and Monperrus, Martin},
  booktitle =    {Advances in Neural Information Processing Systems 17
                  (NIPS)},
  editor =       {Saul, L. and Weiss, Y. and Bottou, L.},
  month =        {December},
  note =
                  {\url{https://proceedings.neurips.cc/paper_files/paper/2004/file/0b7e926154c1274e8b602ff0d7c133d7-Paper.pdf}},
  openalex =     {W2158867000},
  publisher =    {MIT Press},
  series =       {Conference Track Proceedings},
  title =        {Non-Local Manifold Tangent Learning},
  volume =       17,
  year =         2004
}

@inproceedings{berg2004who,
  address =      {Vancouver, British Columbia, Canada},
  author =       {Berg, Tamara L. and Berg, Alexander C. and Edwards,
                  Jaety and Forsyth, David},
  booktitle =    {Advances in Neural Information Processing Systems 17
                  (NIPS)},
  editor =       {Saul, L. and Weiss, Y. and Bottou, L.},
  month =        {December},
  note =
                  {\url{https://proceedings.neurips.cc/paper_files/paper/2004/file/03fa2f7502f5f6b9169e67d17cbf51bb-Paper.pdf}},
  openalex =     {W2165542474},
  publisher =    {MIT Press},
  series =       {Conference Track Proceedings},
  title =        {Who's In the Picture},
  volume =       17,
  year =         2004
}

@inproceedings{bertschinger2004chaos,
  address =      {Vancouver, British Columbia, Canada},
  author =       {Bertschinger, Nils and Natschläger, Thomas and
                  Legenstein, Robert},
  booktitle =    {Advances in Neural Information Processing Systems 17
                  (NIPS)},
  editor =       {Saul, L. and Weiss, Y. and Bottou, L.},
  month =        {December},
  note =
                  {\url{https://proceedings.neurips.cc/paper_files/paper/2004/file/f8da71e562ff44a2bc7edf3578c593da-Paper.pdf}},
  openalex =     {W2148196955},
  publisher =    {MIT Press},
  series =       {Conference Track Proceedings},
  title =        {At the Edge of Chaos: Real-time Computations and
                  Self-Organized Criticality in Recurrent Neural
                  Networks},
  volume =       17,
  year =         2004
}

@inproceedings{bhattacharyya2004second,
  address =      {Vancouver, British Columbia, Canada},
  author =       {Bhattacharyya, Chiranjib and Shivaswamy,
                  Pannagadatta K. and Smola, Alex},
  booktitle =    {Advances in Neural Information Processing Systems 17
                  (NIPS)},
  editor =       {Saul, L. and Weiss, Y. and Bottou, L.},
  month =        {December},
  note =
                  {\url{https://proceedings.neurips.cc/paper_files/paper/2004/file/028ee724157b05d04e7bdcf237d12e60-Paper.pdf}},
  openalex =     {W2097584995},
  publisher =    {MIT Press},
  series =       {Conference Track Proceedings},
  title =        {A Second Order Cone programming Formulation for
                  Classifying Missing Data},
  volume =       17,
  year =         2004
}

@inproceedings{bi2004support,
  address =      {Vancouver, British Columbia, Canada},
  author =       {Bi, Jinbo and Zhang, Tong},
  booktitle =    {Advances in Neural Information Processing Systems 17
                  (NIPS)},
  editor =       {Saul, L. and Weiss, Y. and Bottou, L.},
  month =        {December},
  note =
                  {\url{https://proceedings.neurips.cc/paper_files/paper/2004/file/22b1f2e0983160db6f7bb9f62f4dbb39-Paper.pdf}},
  openalex =     {W2102943360},
  publisher =    {MIT Press},
  series =       {Conference Track Proceedings},
  title =        {Support Vector Classification with Input Data
                  Uncertainty},
  volume =       17,
  year =         2004
}

@inproceedings{bissmarck2004responding,
  address =      {Vancouver, British Columbia, Canada},
  author =       {Bissmarck, Fredrik and Nakahara, Hiroyuki and Doya,
                  Kenji and Hikosaka, Okihide},
  booktitle =    {Advances in Neural Information Processing Systems 17
                  (NIPS)},
  editor =       {Saul, L. and Weiss, Y. and Bottou, L.},
  month =        {December},
  note =
                  {\url{https://proceedings.neurips.cc/paper_files/paper/2004/file/868b7df964b1af24c8c0a9e43a330c6a-Paper.pdf}},
  openalex =     {W2130165307},
  publisher =    {MIT Press},
  series =       {Conference Track Proceedings},
  title =        {Responding to Modalities with Different Latencies},
  volume =       17,
  year =         2004
}

@inproceedings{blaschke2004nonlinear,
  address =      {Vancouver, British Columbia, Canada},
  author =       {Blaschke, Tobias and Wiskott, Laurenz},
  booktitle =    {Advances in Neural Information Processing Systems 17
                  (NIPS)},
  editor =       {Saul, L. and Weiss, Y. and Bottou, L.},
  month =        {December},
  note =
                  {\url{https://proceedings.neurips.cc/paper_files/paper/2004/file/47fd3c87f42f55d4b233417d49c34783-Paper.pdf}},
  openalex =     {W2142828413},
  publisher =    {MIT Press},
  series =       {Conference Track Proceedings},
  title =        {Nonlinear Blind Source Separation by Integrating
                  Independent Component Analysis and Slow Feature
                  Analysis},
  volume =       17,
  year =         2004
}

@inproceedings{blitzer2004hierarchical,
  address =      {Vancouver, British Columbia, Canada},
  author =       {Blitzer, John and Pereira, Fernando and Weinberger,
                  Kilian Q. and Saul, Lawrence K.},
  booktitle =    {Advances in Neural Information Processing Systems 17
                  (NIPS)},
  editor =       {Saul, L. and Weiss, Y. and Bottou, L.},
  month =        {December},
  note =
                  {\url{https://proceedings.neurips.cc/paper_files/paper/2004/file/110eec23201d80e40d0c4a48954e2ff5-Paper.pdf}},
  openalex =     {W2160576670},
  publisher =    {MIT Press},
  series =       {Conference Track Proceedings},
  title =        {Hierarchical Distributed Representations for
                  Statistical Language Modeling},
  volume =       17,
  year =         2004
}

@inproceedings{bohte2004reducing,
  address =      {Vancouver, British Columbia, Canada},
  author =       {Bohté, Sander M. and Mozer, Michael C.},
  booktitle =    {Advances in Neural Information Processing Systems 17
                  (NIPS)},
  editor =       {Saul, L. and Weiss, Y. and Bottou, L.},
  month =        {December},
  note =
                  {\url{https://proceedings.neurips.cc/paper_files/paper/2004/file/743c41a921516b04afde48bb48e28ce6-Paper.pdf}},
  openalex =     {W2402325146},
  publisher =    {MIT Press},
  series =       {Conference Track Proceedings},
  title =        {Reducing Spike Train Variability: A Computational
                  Theory Of Spike-Timing Dependent Plasticity.},
  volume =       17,
  year =         2004
}

@inproceedings{bottou2004breaking,
  address =      {Vancouver, British Columbia, Canada},
  author =       {Bottou, Léon and Weston, Jason and Bakır, Gökhan},
  booktitle =    {Advances in Neural Information Processing Systems 17
                  (NIPS)},
  editor =       {Saul, L. and Weiss, Y. and Bottou, L.},
  month =        {December},
  note =
                  {\url{https://proceedings.neurips.cc/paper_files/paper/2004/file/dbbf603ff0e99629dda5d75b6f75f966-Paper.pdf}},
  openalex =     {W2156860509},
  publisher =    {MIT Press},
  series =       {Conference Track Proceedings},
  title =        {Breaking SVM Complexity with Cross-Training},
  volume =       17,
  year =         2004
}

@inproceedings{bowling2004convergence,
  address =      {Vancouver, British Columbia, Canada},
  author =       {Bowling, Michael},
  booktitle =    {Advances in Neural Information Processing Systems 17
                  (NIPS)},
  editor =       {Saul, L. and Weiss, Y. and Bottou, L.},
  month =        {December},
  note =
                  {\url{https://proceedings.neurips.cc/paper_files/paper/2004/file/88fee0421317424e4469f33a48f50cb0-Paper.pdf}},
  openalex =     {W2138362680},
  publisher =    {MIT Press},
  series =       {Conference Track Proceedings},
  title =        {Convergence and No-Regret in Multiagent Learning},
  volume =       17,
  year =         2004
}

@inproceedings{boyle2004dependent,
  address =      {Vancouver, British Columbia, Canada},
  author =       {Boyle, Phillip and Frean, Marcus},
  booktitle =    {Advances in Neural Information Processing Systems 17
                  (NIPS)},
  editor =       {Saul, L. and Weiss, Y. and Bottou, L.},
  month =        {December},
  note =
                  {\url{https://proceedings.neurips.cc/paper_files/paper/2004/file/59eb5dd36914c29b299c84b7ddaf08ec-Paper.pdf}},
  openalex =     {W2167986580},
  publisher =    {MIT Press},
  series =       {Conference Track Proceedings},
  title =        {Dependent Gaussian Processes},
  volume =       17,
  year =         2004
}

@inproceedings{cesabianchi2004incremental,
  address =      {Vancouver, British Columbia, Canada},
  author =       {Cesa-bianchi, Nicolò and Gentile, Claudio and
                  Tironi, Andrea and Zaniboni, Luca},
  booktitle =    {Advances in Neural Information Processing Systems 17
                  (NIPS)},
  editor =       {Saul, L. and Weiss, Y. and Bottou, L.},
  month =        {December},
  note =
                  {\url{https://proceedings.neurips.cc/paper_files/paper/2004/file/78f7d96ea21ccae89a7b581295f34135-Paper.pdf}},
  publisher =    {MIT Press},
  series =       {Conference Track Proceedings},
  title =        {Incremental Algorithms for Hierarchical
                  Classification},
  volume =       17,
  year =         2004
}

@inproceedings{cesabianchi2004worst,
  address =      {Vancouver, British Columbia, Canada},
  author =       {Cesa‐Bianchi, Nicolò and Gentile, Claudio and
                  Zaniboni, Luca},
  booktitle =    {Advances in Neural Information Processing Systems 17
                  (NIPS)},
  editor =       {Saul, L. and Weiss, Y. and Bottou, L.},
  month =        {December},
  note =
                  {\url{https://proceedings.neurips.cc/paper_files/paper/2004/file/92426b262d11b0ade77387cf8416e153-Paper.pdf}},
  openalex =     {W2114820562},
  publisher =    {MIT Press},
  series =       {Conference Track Proceedings},
  title =        {Worst-Case Analysis of Selective Sampling for
                  Linear-Threshold Algorithms},
  volume =       17,
  year =         2004
}

@inproceedings{chakrabartty2004sub,
  address =      {Vancouver, British Columbia, Canada},
  author =       {Chakrabartty, Shantanu and Cauwenberghs, Gert},
  booktitle =    {Advances in Neural Information Processing Systems 17
                  (NIPS)},
  editor =       {Saul, L. and Weiss, Y. and Bottou, L.},
  month =        {December},
  note =
                  {\url{https://proceedings.neurips.cc/paper_files/paper/2004/file/60519c3dd22587d6de04d5f1e28bd41d-Paper.pdf}},
  openalex =     {W2109238007},
  publisher =    {MIT Press},
  series =       {Conference Track Proceedings},
  title =        {Sub-Microwatt Analog VLSI Support Vector Machine for
                  Pattern Classification and Sequence Estimation},
  volume =       17,
  year =         2004
}

@inproceedings{chapelle2004machine,
  address =      {Vancouver, British Columbia, Canada},
  author =       {Chapelle, Olivier and Harchaoui, Zaïd},
  booktitle =    {Advances in Neural Information Processing Systems 17
                  (NIPS)},
  editor =       {Saul, L. and Weiss, Y. and Bottou, L.},
  month =        {December},
  note =
                  {\url{https://proceedings.neurips.cc/paper_files/paper/2004/file/4bbdcc0e821637155ac4217bdab70d2e-Paper.pdf}},
  openalex =     {W2098385651},
  publisher =    {MIT Press},
  series =       {Conference Track Proceedings},
  title =        {A Machine Learning Approach to Conjoint Analysis},
  volume =       17,
  year =         2004
}

@inproceedings{chellapilla2004using,
  address =      {Vancouver, British Columbia, Canada},
  author =       {Chellapilla, Kumar and Simard, Patrice Y.},
  booktitle =    {Advances in Neural Information Processing Systems 17
                  (NIPS)},
  editor =       {Saul, L. and Weiss, Y. and Bottou, L.},
  month =        {December},
  note =
                  {\url{https://proceedings.neurips.cc/paper_files/paper/2004/file/283085d30e10513624c8cece7993f4de-Paper.pdf}},
  openalex =     {W2147019420},
  publisher =    {MIT Press},
  series =       {Conference Track Proceedings},
  title =        {Using Machine Learning to Break Visual Human
                  Interaction Proofs (HIPs)},
  volume =       17,
  year =         2004
}

@inproceedings{cheng2004large,
  address =      {Vancouver, British Columbia, Canada},
  author =       {Cheng, Jianlin and Vullo, Alessandro and Baldi,
                  Pierre},
  booktitle =    {Advances in Neural Information Processing Systems 17
                  (NIPS)},
  editor =       {Saul, L. and Weiss, Y. and Bottou, L.},
  month =        {December},
  note =
                  {\url{https://proceedings.neurips.cc/paper_files/paper/2004/file/53c6de78244e9f528eb3e1cda69699bb-Paper.pdf}},
  openalex =     {W2108305262},
  publisher =    {MIT Press},
  series =       {Conference Track Proceedings},
  title =        {Large-Scale Prediction of Disulphide Bond
                  Connectivity},
  volume =       17,
  year =         2004
}

@inproceedings{chennubhotla2004hierarchical,
  address =      {Vancouver, British Columbia, Canada},
  author =       {Chennubhotla, Chakra and Jepson, Allan D.},
  booktitle =    {Advances in Neural Information Processing Systems 17
                  (NIPS)},
  editor =       {Saul, L. and Weiss, Y. and Bottou, L.},
  month =        {December},
  note =
                  {\url{https://proceedings.neurips.cc/paper_files/paper/2004/file/e727fa59ddefcefb5d39501167623132-Paper.pdf}},
  openalex =     {W2126009392},
  publisher =    {MIT Press},
  series =       {Conference Track Proceedings},
  title =        {Hierarchical Eigensolver for Transition Matrices in
                  Spectral Methods},
  volume =       17,
  year =         2004
}

@inproceedings{chentanez2004intrinsically,
  address =      {Vancouver, British Columbia, Canada},
  author =       {Singh, Satinder and Barto, Andrew G. and Chentanez,
                  Nuttapong},
  booktitle =    {Advances in Neural Information Processing Systems 17
                  (NIPS)},
  editor =       {Saul, L. and Weiss, Y. and Bottou, L.},
  month =        {December},
  note =
                  {\url{https://proceedings.neurips.cc/paper_files/paper/2004/file/4be5a36cbaca8ab9d2066debfe4e65c1-Paper.pdf}},
  openalex =     {W2139612737},
  publisher =    {MIT Press},
  series =       {Conference Track Proceedings},
  title =        {Intrinsically Motivated Reinforcement Learning},
  volume =       17,
  year =         2004
}

@inproceedings{choudhury2004modeling,
  address =      {Vancouver, British Columbia, Canada},
  author =       {Choudhury, Tanzeem and Basu, Sumit},
  booktitle =    {Advances in Neural Information Processing Systems 17
                  (NIPS)},
  editor =       {Saul, L. and Weiss, Y. and Bottou, L.},
  month =        {December},
  note =
                  {\url{https://proceedings.neurips.cc/paper_files/paper/2004/file/f1748d6b0fd9d439f71450117eba2725-Paper.pdf}},
  openalex =     {W2120804163},
  publisher =    {MIT Press},
  series =       {Conference Track Proceedings},
  title =        {Modeling Conversational Dynamics as a Mixed-Memory
                  Markov Process},
  volume =       17,
  year =         2004
}

@inproceedings{colagrosso2004theories,
  address =      {Vancouver, British Columbia, Canada},
  author =       {Colagrosso, Michael and Mozer, Michael C.},
  booktitle =    {Advances in Neural Information Processing Systems 17
                  (NIPS)},
  editor =       {Saul, L. and Weiss, Y. and Bottou, L.},
  month =        {December},
  note =
                  {\url{https://proceedings.neurips.cc/paper_files/paper/2004/file/ff2cc3b8c7caeaa068f2abbc234583f5-Paper.pdf}},
  openalex =     {W2124486145},
  publisher =    {MIT Press},
  series =       {Conference Track Proceedings},
  title =        {Theories of Access Consciousness},
  volume =       17,
  year =         2004
}

@inproceedings{corduneanu2004distributed,
  address =      {Vancouver, British Columbia, Canada},
  author =       {Corduneanu, Adrian and Jaakkola, Tommi},
  booktitle =    {Advances in Neural Information Processing Systems 17
                  (NIPS)},
  editor =       {Saul, L. and Weiss, Y. and Bottou, L.},
  month =        {December},
  note =
                  {\url{https://proceedings.neurips.cc/paper_files/paper/2004/file/75455e062929d32a333868084286bb68-Paper.pdf}},
  openalex =     {W2118819561},
  publisher =    {MIT Press},
  series =       {Conference Track Proceedings},
  title =        {Distributed Information Regularization on Graphs},
  volume =       17,
  year =         2004
}

@inproceedings{cortes2004confidence,
  address =      {Vancouver, British Columbia, Canada},
  author =       {Cortes, Corinna and Mohri, Mehryar},
  booktitle =    {Advances in Neural Information Processing Systems 17
                  (NIPS)},
  editor =       {Saul, L. and Weiss, Y. and Bottou, L.},
  month =        {December},
  note =
                  {\url{https://proceedings.neurips.cc/paper_files/paper/2004/file/a7789ef88d599b8df86bbee632b2994d-Paper.pdf}},
  openalex =     {W2128833328},
  publisher =    {MIT Press},
  series =       {Conference Track Proceedings},
  title =        {Confidence Intervals for the Area Under the ROC
                  Curve},
  volume =       17,
  year =         2004
}

@inproceedings{courville2004similarity,
  address =      {Vancouver, British Columbia, Canada},
  author =       {Courville, Aaron and Daw, Nathaniel D. and
                  Touretzky, David S.},
  booktitle =    {Advances in Neural Information Processing Systems 17
                  (NIPS)},
  editor =       {Saul, L. and Weiss, Y. and Bottou, L.},
  month =        {December},
  note =
                  {\url{https://proceedings.neurips.cc/paper_files/paper/2004/file/65fc9fb4897a89789352e211ca2d398f-Paper.pdf}},
  openalex =     {W2160077621},
  publisher =    {MIT Press},
  series =       {Conference Track Proceedings},
  title =        {Similarity and Discrimination in Classical
                  Conditioning: A Latent Variable Account},
  volume =       17,
  year =         2004
}

@inproceedings{coz2004traitselection,
  address =      {Vancouver, British Columbia, Canada},
  author =       {Coz, Juan José del and Bayón, Gustavo F. and Díez,
                  Jorge and Luaces, Oscar and Bahamonde, Antonio and
                  Sañudo, C.},
  booktitle =    {Advances in Neural Information Processing Systems 17
                  (NIPS)},
  editor =       {Saul, L. and Weiss, Y. and Bottou, L.},
  month =        {December},
  note =
                  {\url{https://proceedings.neurips.cc/paper_files/paper/2004/file/fa2e8c4385712f9a1d24c363a2cbe5b8-Paper.pdf}},
  openalex =     {W2103773480},
  publisher =    {MIT Press},
  series =       {Conference Track Proceedings},
  title =        {Trait Selection for Assessing Beef Meat Quality
                  Using Non-linear SVM},
  volume =       17,
  year =         2004
}

@inproceedings{craven2004markov,
  address =      {Vancouver, British Columbia, Canada},
  author =       {Craven, Mark and Bockhorst, Joseph},
  booktitle =    {Advances in Neural Information Processing Systems 17
                  (NIPS)},
  editor =       {Saul, L. and Weiss, Y. and Bottou, L.},
  month =        {December},
  note =
                  {\url{https://proceedings.neurips.cc/paper_files/paper/2004/file/92a0e7a415d64ebafcb16a8ca817cde4-Paper.pdf}},
  publisher =    {MIT Press},
  series =       {Conference Track Proceedings},
  title =        {Markov Networks for Detecting Overlapping Elements
                  in Sequence Data},
  volume =       17,
  year =         2004
}

@inproceedings{cuturi2004semigroup,
  address =      {Vancouver, British Columbia, Canada},
  author =       {Cuturi, Marco and Vert, Jean‐Philippe},
  booktitle =    {Advances in Neural Information Processing Systems 17
                  (NIPS)},
  editor =       {Saul, L. and Weiss, Y. and Bottou, L.},
  month =        {December},
  note =
                  {\url{https://proceedings.neurips.cc/paper_files/paper/2004/file/5a99158e0c52f9e7d290906c9d08268d-Paper.pdf}},
  openalex =     {W2154707797},
  publisher =    {MIT Press},
  series =       {Conference Track Proceedings},
  title =        {Semigroup Kernels on Finite Sets},
  volume =       17,
  year =         2004
}

@inproceedings{d2004direct,
  address =      {Vancouver, British Columbia, Canada},
  author =       {D'aspremont, Alexandre and Ghaoui, Laurent and
                  Jordan, Michael and Lanckriet, Gert},
  booktitle =    {Advances in Neural Information Processing Systems 17
                  (NIPS)},
  editor =       {Saul, L. and Weiss, Y. and Bottou, L.},
  month =        {December},
  note =
                  {\url{https://proceedings.neurips.cc/paper_files/paper/2004/file/8e065119c74efe3a47aec8796964cf8b-Paper.pdf}},
  publisher =    {MIT Press},
  series =       {Conference Track Proceedings},
  title =        {A Direct Formulation for Sparse PCA Using
                  Semidefinite Programming},
  volume =       17,
  year =         2004
}

@inproceedings{dasgupta2004analysis,
  address =      {Vancouver, British Columbia, Canada},
  author =       {Dasgupta, Sanjoy},
  booktitle =    {Advances in Neural Information Processing Systems 17
                  (NIPS)},
  editor =       {Saul, L. and Weiss, Y. and Bottou, L.},
  month =        {December},
  note =
                  {\url{https://proceedings.neurips.cc/paper_files/paper/2004/file/c61fbef63df5ff317aecdc3670094472-Paper.pdf}},
  openalex =     {W2151596305},
  publisher =    {MIT Press},
  series =       {Conference Track Proceedings},
  title =        {Analysis of a greedy active learning strategy},
  volume =       17,
  year =         2004
}

@inproceedings{dekel2004power,
  address =      {Vancouver, British Columbia, Canada},
  author =       {Dekel, Ofer and Shalev‐Shwartz, Shai and Singer,
                  Yoram},
  booktitle =    {Advances in Neural Information Processing Systems 17
                  (NIPS)},
  editor =       {Saul, L. and Weiss, Y. and Bottou, L.},
  month =        {December},
  note =
                  {\url{https://proceedings.neurips.cc/paper_files/paper/2004/file/b21f9f98829dea9a48fd8aaddc1f159d-Paper.pdf}},
  openalex =     {W2100423944},
  publisher =    {MIT Press},
  series =       {Conference Track Proceedings},
  title =        {The Power of Selective Memory: Self-Bounded Learning
                  of Prediction Suffix Trees},
  volume =       17,
  year =         2004
}

@inproceedings{deneve2004bayesian,
  address =      {Vancouver, British Columbia, Canada},
  author =       {Denève, Sophie},
  booktitle =    {Advances in Neural Information Processing Systems 17
                  (NIPS)},
  editor =       {Saul, L. and Weiss, Y. and Bottou, L.},
  month =        {December},
  note =
                  {\url{https://proceedings.neurips.cc/paper_files/paper/2004/file/cdd96eedd7f695f4d61802f8105ba2b0-Paper.pdf}},
  openalex =     {W2139295975},
  publisher =    {MIT Press},
  series =       {Conference Track Proceedings},
  title =        {Bayesian Spiking Neurons I: Inference},
  volume =       17,
  year =         2004
}

@inproceedings{dimaio2004pictorial,
  address =      {Vancouver, British Columbia, Canada},
  author =       {DiMaio, Frank and Phillips, G.N. and Shavlik, Jude},
  booktitle =    {Advances in Neural Information Processing Systems 17
                  (NIPS)},
  editor =       {Saul, L. and Weiss, Y. and Bottou, L.},
  month =        {December},
  note =
                  {\url{https://proceedings.neurips.cc/paper_files/paper/2004/file/2288f691b58edecadcc9a8691762b4fd-Paper.pdf}},
  openalex =     {W2113634186},
  publisher =    {MIT Press},
  series =       {Conference Track Proceedings},
  title =        {Pictorial Structures for Molecular Modeling:
                  Interpreting Density Maps},
  volume =       17,
  year =         2004
}

@inproceedings{doi2004sparse,
  address =      {Vancouver, British Columbia, Canada},
  author =       {Doi, Eizaburo and Lewicki, Michael S.},
  booktitle =    {Advances in Neural Information Processing Systems 17
                  (NIPS)},
  editor =       {Saul, L. and Weiss, Y. and Bottou, L.},
  month =        {December},
  note =
                  {\url{https://proceedings.neurips.cc/paper_files/paper/2004/file/309a8e73b2cdb95fc1affa8845504e87-Paper.pdf}},
  openalex =     {W2116386448},
  publisher =    {MIT Press},
  series =       {Conference Track Proceedings},
  title =        {Sparse Coding of Natural Images Using an
                  Overcomplete Set of Limited Capacity Units},
  volume =       17,
  year =         2004
}

@inproceedings{edwards2004making,
  address =      {Vancouver, British Columbia, Canada},
  author =       {Edwards, Jaety and Teh, Yee Whye and Bock, Roger and
                  Maire, Michael and Vesom, Grace and Forsyth, David},
  booktitle =    {Advances in Neural Information Processing Systems 17
                  (NIPS)},
  editor =       {Saul, L. and Weiss, Y. and Bottou, L.},
  month =        {December},
  note =
                  {\url{https://proceedings.neurips.cc/paper_files/paper/2004/file/2e74c2cf88f68a68c84e9509abc7ea56-Paper.pdf}},
  openalex =     {W2159800521},
  publisher =    {MIT Press},
  series =       {Conference Track Proceedings},
  title =        {Making Latin Manuscripts Searchable using gHMM's},
  volume =       17,
  year =         2004
}

@inproceedings{efros2004seeing,
  address =      {Vancouver, British Columbia, Canada},
  author =       {Efros, Alexei A. and Isler, Volkan and Shi, Jianbo
                  and Visontai, Mirkó},
  booktitle =    {Advances in Neural Information Processing Systems 17
                  (NIPS)},
  editor =       {Saul, L. and Weiss, Y. and Bottou, L.},
  month =        {December},
  note =
                  {\url{https://proceedings.neurips.cc/paper_files/paper/2004/file/17f98ddf040204eda0af36a108cbdea4-Paper.pdf}},
  openalex =     {W2137276829},
  publisher =    {MIT Press},
  series =       {Conference Track Proceedings},
  title =        {Seeing through water},
  volume =       17,
  year =         2004
}

@inproceedings{evendar2004experts,
  address =      {Vancouver, British Columbia, Canada},
  author =       {Even-Dar, Eyal and Kakade, Sham M. and Mansour,
                  Yishay},
  booktitle =    {Advances in Neural Information Processing Systems 17
                  (NIPS)},
  editor =       {Saul, L. and Weiss, Y. and Bottou, L.},
  month =        {December},
  note =
                  {\url{https://proceedings.neurips.cc/paper_files/paper/2004/file/421b3ac5c24ee992edd6087611c60dbb-Paper.pdf}},
  openalex =     {W2122187689},
  publisher =    {MIT Press},
  series =       {Conference Track Proceedings},
  title =        {Experts in a Markov Decision Process},
  volume =       17,
  year =         2004
}

@inproceedings{farias2004cost,
  address =      {Vancouver, British Columbia, Canada},
  author =       {Farias, Daniela and Roy, Benjamin},
  booktitle =    {Advances in Neural Information Processing Systems 17
                  (NIPS)},
  editor =       {Saul, L. and Weiss, Y. and Bottou, L.},
  month =        {December},
  note =
                  {\url{https://proceedings.neurips.cc/paper_files/paper/2004/file/cc70903297fe1e25537ae50aea186306-Paper.pdf}},
  publisher =    {MIT Press},
  series =       {Conference Track Proceedings},
  title =        {A Cost-Shaping LP for Bellman Error Minimization
                  with Performance Guarantees},
  volume =       17,
  year =         2004
}

@inproceedings{farias2004exploration,
  address =      {Vancouver, British Columbia, Canada},
  author =       {Farias, Daniela D. and Megiddo, Nimrod},
  booktitle =    {Advances in Neural Information Processing Systems 17
                  (NIPS)},
  editor =       {Saul, L. and Weiss, Y. and Bottou, L.},
  month =        {December},
  note =
                  {\url{https://proceedings.neurips.cc/paper_files/paper/2004/file/7f7c351ee977c765aa8cd5c7020bc38f-Paper.pdf}},
  openalex =     {W2105507006},
  publisher =    {MIT Press},
  series =       {Conference Track Proceedings},
  title =        {Exploration-Exploitation Tradeoffs for Experts
                  Algorithms in Reactive Environments},
  volume =       17,
  year =         2004
}

@inproceedings{ferencz2004learning,
  address =      {Vancouver, British Columbia, Canada},
  author =       {Ferencz, Andras and Learned-Miller, Erik and Malik,
                  Jitendra},
  booktitle =    {Advances in Neural Information Processing Systems 17
                  (NIPS)},
  editor =       {Saul, L. and Weiss, Y. and Bottou, L.},
  month =        {December},
  note =
                  {\url{https://proceedings.neurips.cc/paper_files/paper/2004/file/1d49780520898fe37f0cd6b41c5311bf-Paper.pdf}},
  openalex =     {W2151973304},
  publisher =    {MIT Press},
  series =       {Conference Track Proceedings},
  title =        {Learning Hyper-Features for Visual Identification},
  volume =       17,
  year =         2004
}

@inproceedings{fergus2004sampling,
  address =      {Vancouver, British Columbia, Canada},
  author =       {Fergus, Rob and Zisserman, Andrew and Perona,
                  Pietro},
  booktitle =    {Advances in Neural Information Processing Systems 17
                  (NIPS)},
  editor =       {Saul, L. and Weiss, Y. and Bottou, L.},
  month =        {December},
  note =
                  {\url{https://proceedings.neurips.cc/paper_files/paper/2004/file/d7619beb6eb189509885fbc192d2874b-Paper.pdf}},
  openalex =     {W2139966251},
  publisher =    {MIT Press},
  series =       {Conference Track Proceedings},
  title =        {Sampling Methods for Unsupervised Learning},
  volume =       17,
  year =         2004
}

@inproceedings{figueroa2004onchip,
  address =      {Vancouver, British Columbia, Canada},
  author =       {Figueroa, Miguel and Bridges, Seth and Diorio, C.},
  booktitle =    {Advances in Neural Information Processing Systems 17
                  (NIPS)},
  editor =       {Saul, L. and Weiss, Y. and Bottou, L.},
  month =        {December},
  note =
                  {\url{https://proceedings.neurips.cc/paper_files/paper/2004/file/f6185f0ef02dcaec414a3171cd01c697-Paper.pdf}},
  openalex =     {W2101745515},
  publisher =    {MIT Press},
  series =       {Conference Track Proceedings},
  title =        {On-Chip Compensation of Device-Mismatch Effects in
                  Analog VLSI Neural Networks},
  volume =       17,
  year =         2004
}

@inproceedings{fink2004object,
  address =      {Vancouver, British Columbia, Canada},
  author =       {Fink, Michael},
  booktitle =    {Advances in Neural Information Processing Systems 17
                  (NIPS)},
  editor =       {Saul, L. and Weiss, Y. and Bottou, L.},
  month =        {December},
  note =
                  {\url{https://proceedings.neurips.cc/paper_files/paper/2004/file/ef1e491a766ce3127556063d49bc2f98-Paper.pdf}},
  openalex =     {W2144656844},
  publisher =    {MIT Press},
  series =       {Conference Track Proceedings},
  title =        {Object Classification from a Single Example
                  Utilizing Class Relevance Metrics},
  volume =       17,
  year =         2004
}

@inproceedings{fischer2004hidden,
  address =      {Vancouver, British Columbia, Canada},
  author =       {Fischer, Bernd and Röth, Volker and Roos, Franz
                  F. and Grossmann, Jonas and Baginsky, Sacha and
                  Widmayer, Peter and Gruissem, Wilhelm and Buhmann,
                  Joachim M.},
  booktitle =    {Advances in Neural Information Processing Systems 17
                  (NIPS)},
  editor =       {Saul, L. and Weiss, Y. and Bottou, L.},
  month =        {December},
  note =
                  {\url{https://proceedings.neurips.cc/paper_files/paper/2004/file/5ac8bb8a7d745102a978c5f8ccdb61b8-Paper.pdf}},
  openalex =     {W1975450451},
  publisher =    {MIT Press},
  series =       {Conference Track Proceedings},
  title =        {NovoHMM: A Hidden Markov Model for de Novo Peptide
                  Sequencing},
  volume =       17,
  year =         2004
}

@inproceedings{franz2004implicit,
  address =      {Vancouver, British Columbia, Canada},
  author =       {Franz, Matthias and Schölkopf, Bernhard},
  booktitle =    {Advances in Neural Information Processing Systems 17
                  (NIPS)},
  editor =       {Saul, L. and Weiss, Y. and Bottou, L.},
  month =        {December},
  note =
                  {\url{https://proceedings.neurips.cc/paper_files/paper/2004/file/321cf86b4c9f5ddd04881a44067c2a5a-Paper.pdf}},
  openalex =     {W2165737174},
  publisher =    {MIT Press},
  series =       {Conference Track Proceedings},
  title =        {Implicit Wiener Series for Higher-Order Image
                  Analysis},
  volume =       17,
  year =         2004
}

@inproceedings{gaffney2004joint,
  address =      {Vancouver, British Columbia, Canada},
  author =       {Gaffney, Scott and Smyth, Padhraic},
  booktitle =    {Advances in Neural Information Processing Systems 17
                  (NIPS)},
  editor =       {Saul, L. and Weiss, Y. and Bottou, L.},
  month =        {December},
  note =
                  {\url{https://proceedings.neurips.cc/paper_files/paper/2004/file/4de81d9105c85bca6e6e4666e6dd536a-Paper.pdf}},
  openalex =     {W2141346229},
  publisher =    {MIT Press},
  series =       {Conference Track Proceedings},
  title =        {Joint Probabilistic Curve Clustering and Alignment},
  volume =       17,
  year =         2004
}

@inproceedings{gao2004discriminant,
  address =      {Vancouver, British Columbia, Canada},
  author =       {Gao, Dashan and Vasconcelos, Nuno},
  booktitle =    {Advances in Neural Information Processing Systems 17
                  (NIPS)},
  editor =       {Saul, L. and Weiss, Y. and Bottou, L.},
  month =        {December},
  note =
                  {\url{https://proceedings.neurips.cc/paper_files/paper/2004/file/dda04f9d634145a9c68d5dfe53b21272-Paper.pdf}},
  openalex =     {W2141041441},
  publisher =    {MIT Press},
  series =       {Conference Track Proceedings},
  title =        {Discriminant Saliency for Visual Recognition from
                  Cluttered Scenes},
  volume =       17,
  year =         2004
}

@inproceedings{gia2004instance,
  address =      {Vancouver, British Columbia, Canada},
  author =       {Giacinto, Giorgio and Roli, Fabio},
  booktitle =    {Advances in Neural Information Processing Systems 17
                  (NIPS)},
  editor =       {Saul, L. and Weiss, Y. and Bottou, L.},
  month =        {December},
  note =
                  {\url{https://proceedings.neurips.cc/paper_files/paper/2004/file/5acdc9ca5d99ae66afdfe1eea0e3b26b-Paper.pdf}},
  openalex =     {W2100489069},
  publisher =    {MIT Press},
  series =       {Conference Track Proceedings},
  title =        {Instance-Based Relevance Feedback for Image
                  Retrieval},
  volume =       17,
  year =         2004
}

@inproceedings{giesen2004kernel,
  address =      {Vancouver, British Columbia, Canada},
  author =       {Giesen, Joachim and Spalinger, Simon and Schölkopf,
                  Bernhard},
  booktitle =    {Advances in Neural Information Processing Systems 17
                  (NIPS)},
  editor =       {Saul, L. and Weiss, Y. and Bottou, L.},
  month =        {December},
  note =
                  {\url{https://proceedings.neurips.cc/paper_files/paper/2004/file/64a08e5f1e6c39faeb90108c430eb120-Paper.pdf}},
  openalex =     {W2129439946},
  publisher =    {MIT Press},
  series =       {Conference Track Proceedings},
  title =        {Kernel Methods for Implicit Surface Modeling},
  volume =       17,
  year =         2004
}

@inproceedings{globerson2004euclidean,
  address =      {Vancouver, British Columbia, Canada},
  author =       {Globerson, Amir and Chechik, Gal and Pereira,
                  Fernando and Tishby, Naftali},
  booktitle =    {Advances in Neural Information Processing Systems 17
                  (NIPS)},
  editor =       {Saul, L. and Weiss, Y. and Bottou, L.},
  month =        {December},
  note =
                  {\url{https://proceedings.neurips.cc/paper_files/paper/2004/file/ec1f850d934f440cfa8e4a18d2cf5463-Paper.pdf}},
  openalex =     {W2096814070},
  publisher =    {MIT Press},
  series =       {Conference Track Proceedings},
  title =        {Euclidean Embedding of Co-occurrence Data},
  volume =       17,
  year =         2004
}

@inproceedings{goldberger2004hierarchical,
  address =      {Vancouver, British Columbia, Canada},
  author =       {Goldberger, Jacob and Roweis, Sam T.},
  booktitle =    {Advances in Neural Information Processing Systems 17
                  (NIPS)},
  editor =       {Saul, L. and Weiss, Y. and Bottou, L.},
  month =        {December},
  note =
                  {\url{https://proceedings.neurips.cc/paper_files/paper/2004/file/36e729ec173b94133d8fa552e4029f8b-Paper.pdf}},
  openalex =     {W2160586919},
  publisher =    {MIT Press},
  series =       {Conference Track Proceedings},
  title =        {Hierarchical Clustering of a Mixture Model},
  volume =       17,
  year =         2004
}

@inproceedings{goldberger2004neighbourhood,
  address =      {Vancouver, British Columbia, Canada},
  author =       {Goldberger, Jacob and Hinton, Geoffrey E. and
                  Roweis, Sam T. and Salakhutdinov, Ruslan},
  booktitle =    {Advances in Neural Information Processing Systems 17
                  (NIPS)},
  editor =       {Saul, L. and Weiss, Y. and Bottou, L.},
  month =        {December},
  note =
                  {\url{https://proceedings.neurips.cc/paper_files/paper/2004/file/42fe880812925e520249e808937738d2-Paper.pdf}},
  openalex =     {W2144935315},
  publisher =    {MIT Press},
  series =       {Conference Track Proceedings},
  title =        {Neighbourhood Components Analysis},
  volume =       17,
  year =         2004
}

@inproceedings{graf2004parallel,
  address =      {Vancouver, British Columbia, Canada},
  author =       {Graf, Hans Peter and Cosatto, Eric and Bottou, Léon
                  and Dourdanovic, Igor and Vapnik, Vladimir},
  booktitle =    {Advances in Neural Information Processing Systems 17
                  (NIPS)},
  editor =       {Saul, L. and Weiss, Y. and Bottou, L.},
  month =        {December},
  note =
                  {\url{https://proceedings.neurips.cc/paper_files/paper/2004/file/d756d3d2b9dac72449a6a6926534558a-Paper.pdf}},
  openalex =     {W2117990954},
  publisher =    {MIT Press},
  series =       {Conference Track Proceedings},
  title =        {Parallel Support Vector Machines: The Cascade SVM},
  volume =       17,
  year =         2004
}

@inproceedings{grandvalet2004semi,
  address =      {Vancouver, British Columbia, Canada},
  author =       {Grandvalet, Yves and Bengio, Yoshua},
  booktitle =    {Advances in Neural Information Processing Systems 17
                  (NIPS)},
  editor =       {Saul, L. and Weiss, Y. and Bottou, L.},
  month =        {December},
  note =
                  {\url{https://proceedings.neurips.cc/paper_files/paper/2004/file/96f2b50b5d3613adf9c27049b2a888c7-Paper.pdf}},
  openalex =     {W2145494108},
  publisher =    {MIT Press},
  series =       {Conference Track Proceedings},
  title =        {Semi-supervised Learning by Entropy Minimization},
  volume =       17,
  year =         2004
}

@inproceedings{griffiths2004integrating,
  address =      {Vancouver, British Columbia, Canada},
  author =       {Griffiths, Thomas L. and Steyvers, Mark and Blei,
                  David M. and Tenenbaum, Joshua B.},
  booktitle =    {Advances in Neural Information Processing Systems 17
                  (NIPS)},
  editor =       {Saul, L. and Weiss, Y. and Bottou, L.},
  month =        {December},
  note =
                  {\url{https://proceedings.neurips.cc/paper_files/paper/2004/file/ef0917ea498b1665ad6c701057155abe-Paper.pdf}},
  openalex =     {W2112971401},
  publisher =    {MIT Press},
  series =       {Conference Track Proceedings},
  title =        {Integrating Topics and Syntax},
  volume =       17,
  year =         2004
}

@inproceedings{guyon2004result,
  address =      {Vancouver, British Columbia, Canada},
  author =       {Guyon, Isabelle and Gunn, Steve and Ben‐Hur, Asa and
                  Dror, Gideon},
  booktitle =    {Advances in Neural Information Processing Systems 17
                  (NIPS)},
  editor =       {Saul, L. and Weiss, Y. and Bottou, L.},
  month =        {December},
  note =
                  {\url{https://proceedings.neurips.cc/paper_files/paper/2004/file/5e751896e527c862bf67251a474b3819-Paper.pdf}},
  openalex =     {W2152799677},
  publisher =    {MIT Press},
  series =       {Conference Track Proceedings},
  title =        {Result Analysis of the NIPS 2003 Feature Selection
                  Challenge},
  volume =       17,
  year =         2004
}

@inproceedings{hamaguchi2004theory,
  address =      {Vancouver, British Columbia, Canada},
  author =       {Hamaguchi, Kosuke and Okada, Masato and Aihara,
                  Kazuyuki},
  booktitle =    {Advances in Neural Information Processing Systems 17
                  (NIPS)},
  editor =       {Saul, L. and Weiss, Y. and Bottou, L.},
  month =        {December},
  note =
                  {\url{https://proceedings.neurips.cc/paper_files/paper/2004/file/ab452534c5ce28c4fbb0e102d4a4fb2e-Paper.pdf}},
  openalex =     {W2140853588},
  publisher =    {MIT Press},
  series =       {Conference Track Proceedings},
  title =        {Theory of localized synfire chain: characteristic
                  propagation speed of stable spike pattern},
  volume =       17,
  year =         2004
}

@inproceedings{hill2004auditory,
  address =      {Vancouver, British Columbia, Canada},
  author =       {Hill, N. Jeremy and Lal, Thomas Navin and Bierig,
                  Karin and Birbaumer, Niels and Schölkopf, Bernhard},
  booktitle =    {Advances in Neural Information Processing Systems 17
                  (NIPS)},
  editor =       {Saul, L. and Weiss, Y. and Bottou, L.},
  month =        {December},
  note =
                  {\url{https://proceedings.neurips.cc/paper_files/paper/2004/file/921c2dc40d0b979c2910298d2f880152-Paper.pdf}},
  openalex =     {W2155225870},
  publisher =    {MIT Press},
  series =       {Conference Track Proceedings},
  title =        {An Auditory Paradigm for Brain-Computer Interfaces},
  volume =       17,
  year =         2004
}

@inproceedings{hofstoetter2004cerebellum,
  address =      {Vancouver, British Columbia, Canada},
  author =       {Hofstoetter, Constanze and Gil, Manuel and Eng,
                  Kynan and Indiveri, Giacomo and Mintz, Matti and
                  Krämer, Jörg and Verschure, Paul F. M. J.},
  booktitle =    {Advances in Neural Information Processing Systems 17
                  (NIPS)},
  editor =       {Saul, L. and Weiss, Y. and Bottou, L.},
  month =        {December},
  note =
                  {\url{https://proceedings.neurips.cc/paper_files/paper/2004/file/220c77af02f8ad8561b150d93000ddff-Paper.pdf}},
  openalex =     {W2151485496},
  publisher =    {MIT Press},
  series =       {Conference Track Proceedings},
  title =        {The Cerebellum Chip: an Analog VLSI Implementation
                  of a Cerebellar Model of Classical Conditioning},
  volume =       17,
  year =         2004
}

@inproceedings{holmes2004schema,
  address =      {Vancouver, British Columbia, Canada},
  author =       {Holmes, Michael P. and Charles},
  booktitle =    {Advances in Neural Information Processing Systems 17
                  (NIPS)},
  editor =       {Saul, L. and Weiss, Y. and Bottou, L.},
  month =        {December},
  note =
                  {\url{https://proceedings.neurips.cc/paper_files/paper/2004/file/18bb68e2b38e4a8ce7cf4f6b2625768c-Paper.pdf}},
  openalex =     {W2158917616},
  publisher =    {MIT Press},
  series =       {Conference Track Proceedings},
  title =        {Schema Learning: Experience-Based Construction of
                  Predictive Action Models},
  volume =       17,
  year =         2004
}

@inproceedings{honkela2004unsupervised,
  address =      {Vancouver, British Columbia, Canada},
  author =       {Honkela, Antti and Valpola, Harri},
  booktitle =    {Advances in Neural Information Processing Systems 17
                  (NIPS)},
  editor =       {Saul, L. and Weiss, Y. and Bottou, L.},
  month =        {December},
  note =
                  {\url{https://proceedings.neurips.cc/paper_files/paper/2004/file/8169e05e2a0debcb15458f2cc1eff0ea-Paper.pdf}},
  openalex =     {W2136981284},
  publisher =    {MIT Press},
  series =       {Conference Track Proceedings},
  title =        {Unsupervised Variational Bayesian Learning of
                  Nonlinear Models},
  volume =       17,
  year =         2004
}

@inproceedings{huang2004generalized,
  address =      {Vancouver, British Columbia, Canada},
  author =       {Huang, Tzu-kuo and Lin, Chih-jen and Weng, Ruby},
  booktitle =    {Advances in Neural Information Processing Systems 17
                  (NIPS)},
  editor =       {Saul, L. and Weiss, Y. and Bottou, L.},
  month =        {December},
  note =
                  {\url{https://proceedings.neurips.cc/paper_files/paper/2004/file/825f9cd5f0390bc77c1fed3c94885c87-Paper.pdf}},
  publisher =    {MIT Press},
  series =       {Conference Track Proceedings},
  title =        {A Generalized Bradley-Terry Model: From Group
                  Competition to Individual Skill},
  volume =       17,
  year =         2004
}

@inproceedings{ihler2004message,
  address =      {Vancouver, British Columbia, Canada},
  author =       {Ihler, Alexander and Fisher, John W. and Willsky,
                  Alan S.},
  booktitle =    {Advances in Neural Information Processing Systems 17
                  (NIPS)},
  editor =       {Saul, L. and Weiss, Y. and Bottou, L.},
  month =        {December},
  note =
                  {\url{https://proceedings.neurips.cc/paper_files/paper/2004/file/9813b270ed0288e7c0388f0fd4ec68f5-Paper.pdf}},
  openalex =     {W2129340397},
  publisher =    {MIT Press},
  series =       {Conference Track Proceedings},
  title =        {Message Errors in Belief Propagation},
  volume =       17,
  year =         2004
}

@inproceedings{iwata2004parametric,
  address =      {Vancouver, British Columbia, Canada},
  author =       {Iwata, Tomoharu and Saito, Kazumi and Ueda, Naonori
                  and Stromsten, Sean and Griffiths, Thomas L. and
                  Tenenbaum, Joshua B.},
  booktitle =    {Advances in Neural Information Processing Systems 17
                  (NIPS)},
  editor =       {Saul, L. and Weiss, Y. and Bottou, L.},
  month =        {December},
  note =
                  {\url{https://proceedings.neurips.cc/paper_files/paper/2004/file/1d94108e907bb8311d8802b48fd54b4a-Paper.pdf}},
  openalex =     {W2149175354},
  publisher =    {MIT Press},
  series =       {Conference Track Proceedings},
  title =        {Parametric Embedding for Class Visualization},
  volume =       17,
  year =         2004
}

@inproceedings{jenssen2004laplacian,
  address =      {Vancouver, British Columbia, Canada},
  author =       {Jenssen, Robert and Erdoğmuş, Deniz and Prı́ncipe,
                  José C. and Eltoft, Torbjørn},
  booktitle =    {Advances in Neural Information Processing Systems 17
                  (NIPS)},
  editor =       {Saul, L. and Weiss, Y. and Bottou, L.},
  month =        {December},
  note =
                  {\url{https://proceedings.neurips.cc/paper_files/paper/2004/file/41ab1b1d6bf108f388dfb5cd282fb76c-Paper.pdf}},
  openalex =     {W2151738995},
  publisher =    {MIT Press},
  series =       {Conference Track Proceedings},
  title =        {The Laplacian PDF Distance: A Cost Function for
                  Clustering in a Kernel Feature Space},
  volume =       17,
  year =         2004
}

@inproceedings{kakade2004economic,
  address =      {Vancouver, British Columbia, Canada},
  author =       {Kakade, Sham M. and Kearns, Michael and Ortiz, Luis
                  E. and Pemantle, Robin and Suri, Siddharth},
  booktitle =    {Advances in Neural Information Processing Systems 17
                  (NIPS)},
  editor =       {Saul, L. and Weiss, Y. and Bottou, L.},
  month =        {December},
  note =
                  {\url{https://proceedings.neurips.cc/paper_files/paper/2004/file/50abc3e730e36b387ca8e02c26dc0a22-Paper.pdf}},
  openalex =     {W2171474138},
  publisher =    {MIT Press},
  series =       {Conference Track Proceedings},
  title =        {Economic Properties of Social Networks},
  volume =       17,
  year =         2004
}

@inproceedings{kakade2004online,
  address =      {Vancouver, British Columbia, Canada},
  author =       {Kakade, Sham M and Ng, Andrew},
  booktitle =    {Advances in Neural Information Processing Systems 17
                  (NIPS)},
  editor =       {Saul, L. and Weiss, Y. and Bottou, L.},
  month =        {December},
  note =
                  {\url{https://proceedings.neurips.cc/paper_files/paper/2004/file/c60d870eaad6a3946ab3e8734466e532-Paper.pdf}},
  publisher =    {MIT Press},
  series =       {Conference Track Proceedings},
  title =        {Online Bounds for Bayesian Algorithms},
  volume =       17,
  year =         2004
}

@inproceedings{kazawa2004maximal,
  address =      {Vancouver, British Columbia, Canada},
  author =       {Kazawa, Hideto and Izumitani, Tomonori and Taira,
                  Hirotoshi and Maeda, Eisaku},
  booktitle =    {Advances in Neural Information Processing Systems 17
                  (NIPS)},
  editor =       {Saul, L. and Weiss, Y. and Bottou, L.},
  month =        {December},
  note =
                  {\url{https://proceedings.neurips.cc/paper_files/paper/2004/file/0bed45bd5774ffddc95ffe500024f628-Paper.pdf}},
  openalex =     {W2164549208},
  publisher =    {MIT Press},
  series =       {Conference Track Proceedings},
  title =        {Maximal Margin Labeling for Multi-Topic Text
                  Categorization},
  volume =       17,
  year =         2004
}

@inproceedings{kegl2004generalization,
  address =      {Vancouver, British Columbia, Canada},
  author =       {Kégl, Balázs},
  booktitle =    {Advances in Neural Information Processing Systems 17
                  (NIPS)},
  editor =       {Saul, L. and Weiss, Y. and Bottou, L.},
  month =        {December},
  note =
                  {\url{https://proceedings.neurips.cc/paper_files/paper/2004/file/a431d70133ef6cf688bc4f6093922b48-Paper.pdf}},
  openalex =     {W2130539867},
  publisher =    {MIT Press},
  series =       {Conference Track Proceedings},
  title =        {Generalization Error and Algorithmic Convergence of
                  Median Boosting},
  volume =       17,
  year =         2004
}

@inproceedings{kienzle2004face,
  address =      {Vancouver, British Columbia, Canada},
  author =       {Kienzle, Wolf and Franz, Matthias and Schölkopf,
                  Bernhard and Bakır, Gökhan},
  booktitle =    {Advances in Neural Information Processing Systems 17
                  (NIPS)},
  editor =       {Saul, L. and Weiss, Y. and Bottou, L.},
  month =        {December},
  note =
                  {\url{https://proceedings.neurips.cc/paper_files/paper/2004/file/f2e43fa3400d826df4195a9ac70dca62-Paper.pdf}},
  openalex =     {W2122044381},
  publisher =    {MIT Press},
  series =       {Conference Track Proceedings},
  title =        {Face Detection --- Efficient and Rank Deficient},
  volume =       17,
  year =         2004
}

@inproceedings{kim2004neural,
  address =      {Vancouver, British Columbia, Canada},
  author =       {Kim, Jongmin and Hopfield, John and Winfree, Erik},
  booktitle =    {Advances in Neural Information Processing Systems 17
                  (NIPS)},
  editor =       {Saul, L. and Weiss, Y. and Bottou, L.},
  month =        {December},
  note =
                  {\url{https://proceedings.neurips.cc/paper_files/paper/2004/file/65f2a94c8c2d56d5b43a1a3d9d811102-Paper.pdf}},
  publisher =    {MIT Press},
  series =       {Conference Track Proceedings},
  title =        {Neural Network Computation by In Vitro
                  Transcriptional Circuits},
  volume =       17,
  year =         2004
}

@inproceedings{kim2004stable,
  address =      {Vancouver, British Columbia, Canada},
  author =       {Kim, H. and Ng, Andrew},
  booktitle =    {Advances in Neural Information Processing Systems 17
                  (NIPS)},
  editor =       {Saul, L. and Weiss, Y. and Bottou, L.},
  month =        {December},
  note =
                  {\url{https://proceedings.neurips.cc/paper_files/paper/2004/file/8e68c3c7bf14ad0bcaba52babfa470bd-Paper.pdf}},
  publisher =    {MIT Press},
  series =       {Conference Track Proceedings},
  title =        {Stable adaptive control with online learning},
  volume =       17,
  year =         2004
}

@inproceedings{klein2004synchronization,
  address =      {Vancouver, British Columbia, Canada},
  author =       {Klein, Einat and Mislovaty, Rachel and Kanter, Ido
                  and Ruttor, Andreas and Kinzel, Wolfgang},
  booktitle =    {Advances in Neural Information Processing Systems 17
                  (NIPS)},
  editor =       {Saul, L. and Weiss, Y. and Bottou, L.},
  month =        {December},
  note =
                  {\url{https://proceedings.neurips.cc/paper_files/paper/2004/file/5a45828dead8c065099cb653a2185df1-Paper.pdf}},
  openalex =     {W2131327407},
  publisher =    {MIT Press},
  series =       {Conference Track Proceedings},
  title =        {Synchronization of neural networks by mutual
                  learning and its application to cryptography},
  volume =       17,
  year =         2004
}

@inproceedings{kleinberg2004nearly,
  address =      {Vancouver, British Columbia, Canada},
  author =       {Kleinberg, Robert},
  booktitle =    {Advances in Neural Information Processing Systems 17
                  (NIPS)},
  editor =       {Saul, L. and Weiss, Y. and Bottou, L.},
  month =        {December},
  note =
                  {\url{https://proceedings.neurips.cc/paper_files/paper/2004/file/b75bd27b5a48a1b48987a18d831f6336-Paper.pdf}},
  openalex =     {W2097487180},
  publisher =    {MIT Press},
  series =       {Conference Track Proceedings},
  title =        {Nearly Tight Bounds for the Continuum-Armed Bandit
                  Problem},
  volume =       17,
  year =         2004
}

@inproceedings{koltchinskii2004optimal,
  address =      {Vancouver, British Columbia, Canada},
  author =       {Koltchinskii, Vladimir and Martínez‐Ramón, Manel and
                  Posse, Stefan},
  booktitle =    {Advances in Neural Information Processing Systems 17
                  (NIPS)},
  editor =       {Saul, L. and Weiss, Y. and Bottou, L.},
  month =        {December},
  note =
                  {\url{https://proceedings.neurips.cc/paper_files/paper/2004/file/0415740eaa4d9decbc8da001d3fd805f-Paper.pdf}},
  openalex =     {W2133244670},
  publisher =    {MIT Press},
  series =       {Conference Track Proceedings},
  title =        {Optimal Aggregation of Classifiers and Boosting Maps
                  in Functional Magnetic Resonance Imaging},
  volume =       17,
  year =         2004
}

@inproceedings{kowalczyk2004newscast,
  address =      {Vancouver, British Columbia, Canada},
  author =       {Kowalczyk, Wojtek and Vlassis, Nikos},
  booktitle =    {Advances in Neural Information Processing Systems 17
                  (NIPS)},
  editor =       {Saul, L. and Weiss, Y. and Bottou, L.},
  month =        {December},
  note =
                  {\url{https://proceedings.neurips.cc/paper_files/paper/2004/file/d8bf84be3800d12f74d8b05e9b89836f-Paper.pdf}},
  openalex =     {W2293282355},
  publisher =    {MIT Press},
  series =       {Conference Track Proceedings},
  title =        {Newscast EM},
  volume =       17,
  year =         2004
}

@inproceedings{krishnapuram2004on,
  address =      {Vancouver, British Columbia, Canada},
  author =       {Krishnapuram, Balaji and Williams, David and Xue, Ya
                  and Carin, Lawrence and Figueiredo, Mário and
                  Hartemink, Alexander},
  booktitle =    {Advances in Neural Information Processing Systems 17
                  (NIPS)},
  editor =       {Saul, L. and Weiss, Y. and Bottou, L.},
  month =        {December},
  note =
                  {\url{https://proceedings.neurips.cc/paper_files/paper/2004/file/7aee26c309def8c5a2a076eb250b8f36-Paper.pdf}},
  publisher =    {MIT Press},
  series =       {Conference Track Proceedings},
  title =        {On Semi-Supervised Classification},
  volume =       17,
  year =         2004
}

@inproceedings{kudo2004application,
  address =      {Vancouver, British Columbia, Canada},
  author =       {Kudo, Taku and Maeda, Eisaku and Matsumoto, Yūji},
  booktitle =    {Advances in Neural Information Processing Systems 17
                  (NIPS)},
  editor =       {Saul, L. and Weiss, Y. and Bottou, L.},
  month =        {December},
  note =
                  {\url{https://proceedings.neurips.cc/paper_files/paper/2004/file/56584778d5a8ab88d6393cc4cd11e090-Paper.pdf}},
  openalex =     {W2101302040},
  publisher =    {MIT Press},
  series =       {Conference Track Proceedings},
  title =        {An Application of Boosting to Graph Classification},
  volume =       17,
  year =         2004
}

@inproceedings{lal2004methods,
  address =      {Vancouver, British Columbia, Canada},
  author =       {Lal, Thomas Navin and Hinterberger, Thilo and
                  Widman, Guido and Schröder, Michael and Hill,
                  N. Jeremy and Rosenstiel, Wolfgang and Elger,
                  Christian E. and Birbaumer, Niels and Schölkopf,
                  Bernhard},
  booktitle =    {Advances in Neural Information Processing Systems 17
                  (NIPS)},
  editor =       {Saul, L. and Weiss, Y. and Bottou, L.},
  month =        {December},
  note =
                  {\url{https://proceedings.neurips.cc/paper_files/paper/2004/file/98b418276d571e623651fc1d471c7811-Paper.pdf}},
  openalex =     {W2102819635},
  publisher =    {MIT Press},
  series =       {Conference Track Proceedings},
  title =        {Methods Towards Invasive Human Brain Computer
                  Interfaces},
  volume =       17,
  year =         2004
}

@inproceedings{lang2004beat,
  address =      {Vancouver, British Columbia, Canada},
  author =       {Lang, Dustin and Freitas, Nando},
  booktitle =    {Advances in Neural Information Processing Systems 17
                  (NIPS)},
  editor =       {Saul, L. and Weiss, Y. and Bottou, L.},
  month =        {December},
  note =
                  {\url{https://proceedings.neurips.cc/paper_files/paper/2004/file/531db99cb00833bcd414459069dc7387-Paper.pdf}},
  publisher =    {MIT Press},
  series =       {Conference Track Proceedings},
  title =        {Beat Tracking the Graphical Model Way},
  volume =       17,
  year =         2004
}

@inproceedings{lawrence2004semi,
  address =      {Vancouver, British Columbia, Canada},
  author =       {Lawrence, Neil D. and Jordan, Michael I.},
  booktitle =    {Advances in Neural Information Processing Systems 17
                  (NIPS)},
  editor =       {Saul, L. and Weiss, Y. and Bottou, L.},
  month =        {December},
  note =
                  {\url{https://proceedings.neurips.cc/paper_files/paper/2004/file/d3fad7d3634dbfb61018813546edbccb-Paper.pdf}},
  openalex =     {W2104156750},
  publisher =    {MIT Press},
  series =       {Conference Track Proceedings},
  title =        {Semi-supervised Learning via Gaussian Processes},
  volume =       17,
  year =         2004
}

@inproceedings{learnedmiller2004joint,
  address =      {Vancouver, British Columbia, Canada},
  author =       {Learned-Miller, Erik and Ahammad, Parvez},
  booktitle =    {Advances in Neural Information Processing Systems 17
                  (NIPS)},
  editor =       {Saul, L. and Weiss, Y. and Bottou, L.},
  month =        {December},
  note =
                  {\url{https://proceedings.neurips.cc/paper_files/paper/2004/file/7c4bf50b715509a963ce81b168ca674b-Paper.pdf}},
  openalex =     {W2103042454},
  publisher =    {MIT Press},
  series =       {Conference Track Proceedings},
  title =        {Joint MRI Bias Removal Using Entropy Minimization
                  Across Images},
  volume =       17,
  year =         2004
}

@inproceedings{lengyel2004rate,
  address =      {Vancouver, British Columbia, Canada},
  author =       {Lengyel, Máté and Dayan, Peter},
  booktitle =    {Advances in Neural Information Processing Systems 17
                  (NIPS)},
  editor =       {Saul, L. and Weiss, Y. and Bottou, L.},
  month =        {December},
  note =
                  {\url{https://proceedings.neurips.cc/paper_files/paper/2004/file/8420d359404024567b5aefda1231af24-Paper.pdf}},
  openalex =     {W2106060920},
  publisher =    {MIT Press},
  series =       {Conference Track Proceedings},
  title =        {Rate- and Phase-coded Autoassociative Memory},
  volume =       17,
  year =         2004
}

@inproceedings{levina2004maximum,
  address =      {Vancouver, British Columbia, Canada},
  author =       {Levina, Elizaveta and Bickel, Peter J.},
  booktitle =    {Advances in Neural Information Processing Systems 17
                  (NIPS)},
  editor =       {Saul, L. and Weiss, Y. and Bottou, L.},
  month =        {December},
  note =
                  {\url{https://proceedings.neurips.cc/paper_files/paper/2004/file/74934548253bcab8490ebd74afed7031-Paper.pdf}},
  openalex =     {W2157169955},
  publisher =    {MIT Press},
  series =       {Conference Track Proceedings},
  title =        {Maximum Likelihood Estimation of Intrinsic
                  Dimension},
  volume =       17,
  year =         2004
}

@inproceedings{likhachev2004planning,
  address =      {Vancouver, British Columbia, Canada},
  author =       {Likhachev, Maxim and Thrun, Sebastian and Gordon,
                  Geoffrey J.},
  booktitle =    {Advances in Neural Information Processing Systems 17
                  (NIPS)},
  editor =       {Saul, L. and Weiss, Y. and Bottou, L.},
  month =        {December},
  note =
                  {\url{https://proceedings.neurips.cc/paper_files/paper/2004/file/23fc4cba066f390a8cc729c7592b6ee8-Paper.pdf}},
  openalex =     {W2165357696},
  publisher =    {MIT Press},
  series =       {Conference Track Proceedings},
  title =        {Planning for Markov Decision Processes with Sparse
                  Stochasticity},
  volume =       17,
  year =         2004
}

@inproceedings{lim2004incremental,
  address =      {Vancouver, British Columbia, Canada},
  author =       {Lim, Jongwoo and Ross, David A. and Lin, Ruei-Sung
                  and Yang, Ming–Hsuan},
  booktitle =    {Advances in Neural Information Processing Systems 17
                  (NIPS)},
  editor =       {Saul, L. and Weiss, Y. and Bottou, L.},
  month =        {December},
  note =
                  {\url{https://proceedings.neurips.cc/paper_files/paper/2004/file/f21e255f89e0f258accbe4e984eef486-Paper.pdf}},
  openalex =     {W2110671801},
  publisher =    {MIT Press},
  series =       {Conference Track Proceedings},
  title =        {Incremental Learning for Visual Tracking},
  volume =       17,
  year =         2004
}

@inproceedings{lin2004adaptive,
  address =      {Vancouver, British Columbia, Canada},
  author =       {Lin, Ruei-Sung and Ross, David A. and Lim, Jongwoo
                  and Yang, Ming–Hsuan},
  booktitle =    {Advances in Neural Information Processing Systems 17
                  (NIPS)},
  editor =       {Saul, L. and Weiss, Y. and Bottou, L.},
  month =        {December},
  note =
                  {\url{https://proceedings.neurips.cc/paper_files/paper/2004/file/f12f2b34a0c3174269c19e21c07dee68-Paper.pdf}},
  openalex =     {W2128027845},
  publisher =    {MIT Press},
  series =       {Conference Track Proceedings},
  title =        {Adaptive Discriminative Generative Model and Its
                  Applications},
  volume =       17,
  year =         2004
}

@inproceedings{lin2004bayesian,
  address =      {Vancouver, British Columbia, Canada},
  author =       {Lin, Yuanqing and Lee, Daniel D.},
  booktitle =    {Advances in Neural Information Processing Systems 17
                  (NIPS)},
  editor =       {Saul, L. and Weiss, Y. and Bottou, L.},
  month =        {December},
  note =
                  {\url{https://proceedings.neurips.cc/paper_files/paper/2004/file/de594ef5c314372edec29b93cab9d72e-Paper.pdf}},
  openalex =     {W2118942551},
  publisher =    {MIT Press},
  series =       {Conference Track Proceedings},
  title =        {Bayesian Regularization and Nonnegative
                  Deconvolution for Time Delay Estimation},
  volume =       17,
  year =         2004
}

@inproceedings{listgarten2004multiple,
  address =      {Vancouver, British Columbia, Canada},
  author =       {Listgarten, Jennifer and Neal, Radford M. and
                  Roweis, Sam T. and Emili, Andrew},
  booktitle =    {Advances in Neural Information Processing Systems 17
                  (NIPS)},
  editor =       {Saul, L. and Weiss, Y. and Bottou, L.},
  month =        {December},
  note =
                  {\url{https://proceedings.neurips.cc/paper_files/paper/2004/file/362387494f6be6613daea643a7706a42-Paper.pdf}},
  openalex =     {W2155357014},
  publisher =    {MIT Press},
  series =       {Conference Track Proceedings},
  title =        {Multiple Alignment of Continuous Time Series},
  volume =       17,
  year =         2004
}

@inproceedings{liu2004investigation,
  address =      {Vancouver, British Columbia, Canada},
  author =       {Liu, Ting and Moore, Andrew and Yang, Ke and Gray,
                  Alexander G.},
  booktitle =    {Advances in Neural Information Processing Systems 17
                  (NIPS)},
  editor =       {Saul, L. and Weiss, Y. and Bottou, L.},
  month =        {December},
  note =
                  {\url{https://proceedings.neurips.cc/paper_files/paper/2004/file/1102a326d5f7c9e04fc3c89d0ede88c9-Paper.pdf}},
  openalex =     {W2170605888},
  publisher =    {MIT Press},
  series =       {Conference Track Proceedings},
  title =        {An Investigation of Practical Approximate Nearest
                  Neighbor Algorithms},
  volume =       17,
  year =         2004
}

@inproceedings{long2004mistake,
  address =      {Vancouver, British Columbia, Canada},
  author =       {Long, Philip M. and Wu, Xinyu},
  booktitle =    {Advances in Neural Information Processing Systems 17
                  (NIPS)},
  editor =       {Saul, L. and Weiss, Y. and Bottou, L.},
  month =        {December},
  note =
                  {\url{https://proceedings.neurips.cc/paper_files/paper/2004/file/b7f1f29db7c23648f2bb8d6a8ee0469b-Paper.pdf}},
  openalex =     {W2132044913},
  publisher =    {MIT Press},
  series =       {Conference Track Proceedings},
  title =        {Mistake Bounds for Maximum Entropy Discrimination},
  volume =       17,
  year =         2004
}

@inproceedings{lu2004semi,
  address =      {Vancouver, British Columbia, Canada},
  author =       {Lu, Zhengdong and Leen, Todd},
  booktitle =    {Advances in Neural Information Processing Systems 17
                  (NIPS)},
  editor =       {Saul, L. and Weiss, Y. and Bottou, L.},
  month =        {December},
  note =
                  {\url{https://proceedings.neurips.cc/paper_files/paper/2004/file/8dc5983b8c4ef1d8fcd5f325f9a65511-Paper.pdf}},
  publisher =    {MIT Press},
  series =       {Conference Track Proceedings},
  title =        {Semi-supervised Learning with Penalized
                  Probabilistic Clustering},
  volume =       17,
  year =         2004
}

@inproceedings{lu2004three,
  address =      {Vancouver, British Columbia, Canada},
  author =       {Lü, Le and Hager, Gregory D. and Younes, Laurent},
  booktitle =    {Advances in Neural Information Processing Systems 17
                  (NIPS)},
  editor =       {Saul, L. and Weiss, Y. and Bottou, L.},
  month =        {December},
  note =
                  {\url{https://proceedings.neurips.cc/paper_files/paper/2004/file/9a5748a2fbaa6564d05d7f2ae29a9355-Paper.pdf}},
  openalex =     {W2111617411},
  publisher =    {MIT Press},
  series =       {Conference Track Proceedings},
  title =        {A Three Tiered Approach for Articulated Object
                  Action Modeling and Recognition},
  volume =       17,
  year =         2004
}

@inproceedings{luxburg2004limits,
  address =      {Vancouver, British Columbia, Canada},
  author =       {Luxburg, Ulrike and Bousquet, Olivier and Belkin,
                  Mikhail},
  booktitle =    {Advances in Neural Information Processing Systems 17
                  (NIPS)},
  editor =       {Saul, L. and Weiss, Y. and Bottou, L.},
  month =        {December},
  note =
                  {\url{https://proceedings.neurips.cc/paper_files/paper/2004/file/d790c9e6c0b5e02c87b375e782ac01bc-Paper.pdf}},
  publisher =    {MIT Press},
  series =       {Conference Track Proceedings},
  title =        {Limits of Spectral Clustering},
  volume =       17,
  year =         2004
}

@inproceedings{maass2004methods,
  address =      {Vancouver, British Columbia, Canada},
  author =       {Maass, Wolfgang and Legenstein, Robert and
                  Bertschinger, Nils},
  booktitle =    {Advances in Neural Information Processing Systems 17
                  (NIPS)},
  editor =       {Saul, L. and Weiss, Y. and Bottou, L.},
  month =        {December},
  note =
                  {\url{https://proceedings.neurips.cc/paper_files/paper/2004/file/9ff7c9eb9d37f434db778f59178012da-Paper.pdf}},
  openalex =     {W2170521560},
  publisher =    {MIT Press},
  series =       {Conference Track Proceedings},
  title =        {Methods for Estimating the Computational Power and
                  Generalization Capability of Neural Microcircuits},
  volume =       17,
  year =         2004
}

@inproceedings{madani2004co,
  address =      {Vancouver, British Columbia, Canada},
  author =       {Madani, Omid and Pennock, David and Flake, Gary},
  booktitle =    {Advances in Neural Information Processing Systems 17
                  (NIPS)},
  editor =       {Saul, L. and Weiss, Y. and Bottou, L.},
  month =        {December},
  note =
                  {\url{https://proceedings.neurips.cc/paper_files/paper/2004/file/92f54963fc39a9d87c2253186808ea61-Paper.pdf}},
  publisher =    {MIT Press},
  series =       {Conference Track Proceedings},
  title =        {Co-Validation: Using Model Disagreement on Unlabeled
                  Data to Validate Classification Algorithms},
  volume =       17,
  year =         2004
}

@inproceedings{marchand2004pac,
  address =      {Vancouver, British Columbia, Canada},
  author =       {Marchand, Mario and Shah, Mohak},
  booktitle =    {Advances in Neural Information Processing Systems 17
                  (NIPS)},
  editor =       {Saul, L. and Weiss, Y. and Bottou, L.},
  month =        {December},
  note =
                  {\url{https://proceedings.neurips.cc/paper_files/paper/2004/file/026a39ae63343c68b5223a95f3e17616-Paper.pdf}},
  openalex =     {W2147998588},
  publisher =    {MIT Press},
  series =       {Conference Track Proceedings},
  title =        {PAC-Bayes Learning of Conjunctions and
                  Classification of Gene-Expression Data},
  volume =       17,
  year =         2004
}

@inproceedings{marks2004joint,
  address =      {Vancouver, British Columbia, Canada},
  author =       {Marks, Tim and Roddey, J. and Movellan, Javier and
                  Hershey, John},
  booktitle =    {Advances in Neural Information Processing Systems 17
                  (NIPS)},
  editor =       {Saul, L. and Weiss, Y. and Bottou, L.},
  month =        {December},
  note =
                  {\url{https://proceedings.neurips.cc/paper_files/paper/2004/file/361440528766bbaaaa1901845cf4152b-Paper.pdf}},
  publisher =    {MIT Press},
  series =       {Conference Track Proceedings},
  title =        {Joint Tracking of Pose, Expression, and Texture
                  Using Conditionally Gaussian Filters},
  volume =       17,
  year =         2004
}

@inproceedings{matsuda2004linear,
  address =      {Vancouver, British Columbia, Canada},
  author =       {Matsuda, Yoshitatsu and Yamaguchi, Kazunori},
  booktitle =    {Advances in Neural Information Processing Systems 17
                  (NIPS)},
  editor =       {Saul, L. and Weiss, Y. and Bottou, L.},
  month =        {December},
  note =
                  {\url{https://proceedings.neurips.cc/paper_files/paper/2004/file/dbd22ba3bd0df8f385bdac3e9f8be207-Paper.pdf}},
  openalex =     {W2145989449},
  publisher =    {MIT Press},
  series =       {Conference Track Proceedings},
  title =        {Linear Multilayer Independent Component Analysis for
                  Large Natural Scenes},
  volume =       17,
  year =         2004
}

@inproceedings{mccallum2004conditional,
  address =      {Vancouver, British Columbia, Canada},
  author =       {McCallum, Andrew and Wellner, Ben},
  booktitle =    {Advances in Neural Information Processing Systems 17
                  (NIPS)},
  editor =       {Saul, L. and Weiss, Y. and Bottou, L.},
  month =        {December},
  note =
                  {\url{https://proceedings.neurips.cc/paper_files/paper/2004/file/1680829293f2a8541efa2647a0290f88-Paper.pdf}},
  openalex =     {W2133236963},
  publisher =    {MIT Press},
  series =       {Conference Track Proceedings},
  title =        {Conditional Models of Identity Uncertainty with
                  Application to Noun Coreference},
  volume =       17,
  year =         2004
}

@inproceedings{memisevic2004multiple,
  address =      {Vancouver, British Columbia, Canada},
  author =       {Memisevic, Roland and Hinton, Geoffrey E.},
  booktitle =    {Advances in Neural Information Processing Systems 17
                  (NIPS)},
  editor =       {Saul, L. and Weiss, Y. and Bottou, L.},
  month =        {December},
  note =
                  {\url{https://proceedings.neurips.cc/paper_files/paper/2004/file/148260a1ce4fe4907df4cd475c442e28-Paper.pdf}},
  openalex =     {W2098392074},
  publisher =    {MIT Press},
  series =       {Conference Track Proceedings},
  title =        {Multiple Relational Embedding},
  volume =       17,
  year =         2004
}

@inproceedings{micchelli2004kernels,
  address =      {Vancouver, British Columbia, Canada},
  author =       {Micchelli, Charles A. and Pontil, Massimiliano},
  booktitle =    {Advances in Neural Information Processing Systems 17
                  (NIPS)},
  editor =       {Saul, L. and Weiss, Y. and Bottou, L.},
  month =        {December},
  note =
                  {\url{https://proceedings.neurips.cc/paper_files/paper/2004/file/c4f796afbc6267501964b46427b3f6ba-Paper.pdf}},
  openalex =     {W2149417376},
  publisher =    {MIT Press},
  series =       {Conference Track Proceedings},
  title =        {Kernels for Multi--task Learning},
  volume =       17,
  year =         2004
}

@inproceedings{mohr2004topographic,
  address =      {Vancouver, British Columbia, Canada},
  author =       {Mohr, Johannes and Obermayer, Klaus},
  booktitle =    {Advances in Neural Information Processing Systems 17
                  (NIPS)},
  editor =       {Saul, L. and Weiss, Y. and Bottou, L.},
  month =        {December},
  note =
                  {\url{https://proceedings.neurips.cc/paper_files/paper/2004/file/217e342fc01668b10cb1188d40d3370e-Paper.pdf}},
  openalex =     {W2131238303},
  publisher =    {MIT Press},
  series =       {Conference Track Proceedings},
  title =        {A Topographic Support Vector Machine: Classification
                  Using Local Label Configurations},
  volume =       17,
  year =         2004
}

@inproceedings{montemurro2004optimal,
  address =      {Vancouver, British Columbia, Canada},
  author =       {Montemurro, Marcelo A. and Panzeri, Stefano},
  booktitle =    {Advances in Neural Information Processing Systems 17
                  (NIPS)},
  editor =       {Saul, L. and Weiss, Y. and Bottou, L.},
  month =        {December},
  note =
                  {\url{https://proceedings.neurips.cc/paper_files/paper/2004/file/30f8f6b940d1073d8b6a5eebc46dd6e5-Paper.pdf}},
  openalex =     {W2143319482},
  publisher =    {MIT Press},
  series =       {Conference Track Proceedings},
  title =        {Optimal Information Decoding from Neuronal
                  Populations with Specific Stimulus Selectivity},
  volume =       17,
  year =         2004
}

@inproceedings{mooij2004validity,
  address =      {Vancouver, British Columbia, Canada},
  author =       {Mooij, Joris M. and Kappen, Hilbert J.},
  booktitle =    {Advances in Neural Information Processing Systems 17
                  (NIPS)},
  editor =       {Saul, L. and Weiss, Y. and Bottou, L.},
  month =        {December},
  note =
                  {\url{https://proceedings.neurips.cc/paper_files/paper/2004/file/cdcb2f5c7b071143529ef7f2705dfbc4-Paper.pdf}},
  openalex =     {W2108817075},
  publisher =    {MIT Press},
  series =       {Conference Track Proceedings},
  title =        {Validity Estimates for Loopy Belief Propagation on
                  Binary Real-world Networks},
  volume =       17,
  year =         2004
}

@inproceedings{moreels2004common,
  address =      {Vancouver, British Columbia, Canada},
  author =       {Moreels, Pierre and Perona, Pietro},
  booktitle =    {Advances in Neural Information Processing Systems 17
                  (NIPS)},
  editor =       {Saul, L. and Weiss, Y. and Bottou, L.},
  month =        {December},
  note =
                  {\url{https://proceedings.neurips.cc/paper_files/paper/2004/file/d37124c4c79f357cb02c655671a432fa-Paper.pdf}},
  openalex =     {W2135174765},
  publisher =    {MIT Press},
  series =       {Conference Track Proceedings},
  title =        {Common-Frame Model for Object Recognition},
  volume =       17,
  year =         2004
}

@inproceedings{narasimhan2004optimal,
  address =      {Vancouver, British Columbia, Canada},
  author =       {Narasimhan, Mukund and Bilmes, Jeff},
  booktitle =    {Advances in Neural Information Processing Systems 17
                  (NIPS)},
  editor =       {Saul, L. and Weiss, Y. and Bottou, L.},
  month =        {December},
  note =
                  {\url{https://proceedings.neurips.cc/paper_files/paper/2004/file/f15eda31a2da646eea513b0f81a5414d-Paper.pdf}},
  openalex =     {W2116210755},
  publisher =    {MIT Press},
  series =       {Conference Track Proceedings},
  title =        {Optimal sub-graphical models},
  volume =       17,
  year =         2004
}

@inproceedings{neill2004detecting,
  address =      {Vancouver, British Columbia, Canada},
  author =       {Neill, Daniel B. and Moore, Andrew and Pereira,
                  Francisco and Mitchell, Tom M.},
  booktitle =    {Advances in Neural Information Processing Systems 17
                  (NIPS)},
  editor =       {Saul, L. and Weiss, Y. and Bottou, L.},
  month =        {December},
  note =
                  {\url{https://proceedings.neurips.cc/paper_files/paper/2004/file/978fce5bcc4eccc88ad48ce3914124a2-Paper.pdf}},
  openalex =     {W2127738598},
  publisher =    {MIT Press},
  series =       {Conference Track Proceedings},
  title =        {Detecting Significant Multidimensional Spatial
                  Clusters},
  volume =       17,
  year =         2004
}

@inproceedings{nielsen2004mass,
  address =      {Vancouver, British Columbia, Canada},
  author =       {Nielsen, Finn},
  booktitle =    {Advances in Neural Information Processing Systems 17
                  (NIPS)},
  editor =       {Saul, L. and Weiss, Y. and Bottou, L.},
  month =        {December},
  note =
                  {\url{https://proceedings.neurips.cc/paper_files/paper/2004/file/5df07ecf4cea616e3eb384a9be3511bb-Paper.pdf}},
  publisher =    {MIT Press},
  series =       {Conference Track Proceedings},
  title =        {Mass Meta-analysis in Talairach Space},
  volume =       17,
  year =         2004
}

@inproceedings{o2004discrete,
  address =      {Vancouver, British Columbia, Canada},
  author =       {O’Rourke, Sean M. and Chechik, Gal and Friedman,
                  Robin C. and Eskin, Eleazar},
  booktitle =    {Advances in Neural Information Processing Systems 17
                  (NIPS)},
  editor =       {Saul, L. and Weiss, Y. and Bottou, L.},
  month =        {December},
  note =
                  {\url{https://proceedings.neurips.cc/paper_files/paper/2004/file/1175defd049d3301e047ce50d93e9c7a-Paper.pdf}},
  openalex =     {W2140181132},
  publisher =    {MIT Press},
  series =       {Conference Track Proceedings},
  title =        {Discrete profile alignment via constrained
                  information bottleneck},
  volume =       17,
  year =         2004
}

@inproceedings{olsson2004harmonic,
  address =      {Vancouver, British Columbia, Canada},
  author =       {Olsson, Rasmus and Hansen, Lars K},
  booktitle =    {Advances in Neural Information Processing Systems 17
                  (NIPS)},
  editor =       {Saul, L. and Weiss, Y. and Bottou, L.},
  month =        {December},
  note =
                  {\url{https://proceedings.neurips.cc/paper_files/paper/2004/file/bbeb0c1b1fd44e392c7ce2fdbd137e87-Paper.pdf}},
  publisher =    {MIT Press},
  series =       {Conference Track Proceedings},
  title =        {A Harmonic Excitation State-Space Approach to Blind
                  Separation of Speech},
  volume =       17,
  year =         2004
}

@inproceedings{opper2004expectation,
  address =      {Vancouver, British Columbia, Canada},
  author =       {Opper, Manfred and Winther, Ole},
  booktitle =    {Advances in Neural Information Processing Systems 17
                  (NIPS)},
  editor =       {Saul, L. and Weiss, Y. and Bottou, L.},
  month =        {December},
  note =
                  {\url{https://proceedings.neurips.cc/paper_files/paper/2004/file/2417dc8af8570f274e6775d4d60496da-Paper.pdf}},
  openalex =     {W2130676891},
  publisher =    {MIT Press},
  series =       {Conference Track Proceedings},
  title =        {Expectation Consistent Free Energies for Approximate
                  Inference},
  volume =       17,
  year =         2004
}

@inproceedings{osadchy2004synergistic,
  address =      {Vancouver, British Columbia, Canada},
  author =       {Osadchy, Margarita and Miller, Matthew and Cun,
                  Yann},
  booktitle =    {Advances in Neural Information Processing Systems 17
                  (NIPS)},
  editor =       {Saul, L. and Weiss, Y. and Bottou, L.},
  month =        {December},
  note =
                  {\url{https://proceedings.neurips.cc/paper_files/paper/2004/file/06c284d3f757b15c02f47f3ff06dc275-Paper.pdf}},
  publisher =    {MIT Press},
  series =       {Conference Track Proceedings},
  title =        {Synergistic Face Detection and Pose Estimation with
                  Energy-Based Models},
  volume =       17,
  year =         2004
}

@inproceedings{paninski2004log,
  address =      {Vancouver, British Columbia, Canada},
  author =       {Paninski, Liam},
  booktitle =    {Advances in Neural Information Processing Systems 17
                  (NIPS)},
  editor =       {Saul, L. and Weiss, Y. and Bottou, L.},
  month =        {December},
  note =
                  {\url{https://proceedings.neurips.cc/paper_files/paper/2004/file/7876acb66640bad41f1e1371ef30c180-Paper.pdf}},
  openalex =     {W2157232038},
  publisher =    {MIT Press},
  series =       {Conference Track Proceedings},
  title =        {Log-concavity Results on Gaussian Process Methods
                  for Supervised and Unsupervised Learning},
  volume =       17,
  year =         2004
}

@inproceedings{paninski2004variational,
  address =      {Vancouver, British Columbia, Canada},
  author =       {Paninski, Liam},
  booktitle =    {Advances in Neural Information Processing Systems 17
                  (NIPS)},
  editor =       {Saul, L. and Weiss, Y. and Bottou, L.},
  month =        {December},
  note =
                  {\url{https://proceedings.neurips.cc/paper_files/paper/2004/file/c57168a952f5d46724cf35dfc3d48a7f-Paper.pdf}},
  openalex =     {W2164234199},
  publisher =    {MIT Press},
  series =       {Conference Track Proceedings},
  title =        {Variational Minimax Estimation of Discrete
                  Distributions under KL Loss},
  volume =       17,
  year =         2004
}

@inproceedings{park2004modeling,
  address =      {Vancouver, British Columbia, Canada},
  author =       {Park, Hyun and Lee, Te},
  booktitle =    {Advances in Neural Information Processing Systems 17
                  (NIPS)},
  editor =       {Saul, L. and Weiss, Y. and Bottou, L.},
  month =        {December},
  note =
                  {\url{https://proceedings.neurips.cc/paper_files/paper/2004/file/577fd60255d4bb0f466464849ffe6d8e-Paper.pdf}},
  publisher =    {MIT Press},
  series =       {Conference Track Proceedings},
  title =        {Modeling Nonlinear Dependencies in Natural Images
                  using Mixture of Laplacian Distribution},
  volume =       17,
  year =         2004
}

@inproceedings{parkes2004approximatelyefficient,
  address =      {Vancouver, British Columbia, Canada},
  author =       {Parkes, David C. and Yanovsky, Dimah and Singh,
                  Satinder},
  booktitle =    {Advances in Neural Information Processing Systems 17
                  (NIPS)},
  editor =       {Saul, L. and Weiss, Y. and Bottou, L.},
  month =        {December},
  note =
                  {\url{https://proceedings.neurips.cc/paper_files/paper/2004/file/fc03d48253286a798f5116ec00e99b2b-Paper.pdf}},
  openalex =     {W2170432401},
  publisher =    {MIT Press},
  series =       {Conference Track Proceedings},
  title =        {Approximately Efficient Online Mechanism Design},
  volume =       17,
  year =         2004
}

@inproceedings{pavan2004efficient,
  address =      {Vancouver, British Columbia, Canada},
  author =       {Pavan, Massimiliano and Pelillo, Marcello},
  booktitle =    {Advances in Neural Information Processing Systems 17
                  (NIPS)},
  editor =       {Saul, L. and Weiss, Y. and Bottou, L.},
  month =        {December},
  note =
                  {\url{https://proceedings.neurips.cc/paper_files/paper/2004/file/e354fd90b2d5c777bfec87a352a18976-Paper.pdf}},
  openalex =     {W2104474519},
  publisher =    {MIT Press},
  series =       {Conference Track Proceedings},
  title =        {Efficient Out-of-Sample Extension of Dominant-Set
                  Clusters},
  volume =       17,
  year =         2004
}

@inproceedings{peleg2004feature,
  address =      {Vancouver, British Columbia, Canada},
  author =       {Peleg, Dori and Meir, Ron},
  booktitle =    {Advances in Neural Information Processing Systems 17
                  (NIPS)},
  editor =       {Saul, L. and Weiss, Y. and Bottou, L.},
  month =        {December},
  note =
                  {\url{https://proceedings.neurips.cc/paper_files/paper/2004/file/8cff9bf6694dccfc3b6a613d05d51d16-Paper.pdf}},
  openalex =     {W2170388968},
  publisher =    {MIT Press},
  series =       {Conference Track Proceedings},
  title =        {A Feature Selection Algorithm Based on the Global
                  Minimization of a Generalization Error Bound},
  volume =       17,
  year =         2004
}

@inproceedings{pelleg2004active,
  address =      {Vancouver, British Columbia, Canada},
  author =       {Pelleg, Dan and Moore, Andrew},
  booktitle =    {Advances in Neural Information Processing Systems 17
                  (NIPS)},
  editor =       {Saul, L. and Weiss, Y. and Bottou, L.},
  month =        {December},
  note =
                  {\url{https://proceedings.neurips.cc/paper_files/paper/2004/file/8c59fd6fbe0e9793ec2b27971221cace-Paper.pdf}},
  openalex =     {W2122777361},
  publisher =    {MIT Press},
  series =       {Conference Track Proceedings},
  title =        {Active Learning for Anomaly and Rare-Category
                  Detection},
  volume =       17,
  year =         2004
}

@inproceedings{poupart2004vdcbpi,
  address =      {Vancouver, British Columbia, Canada},
  author =       {Poupart, Pascal and Boutilier, Craig},
  booktitle =    {Advances in Neural Information Processing Systems 17
                  (NIPS)},
  editor =       {Saul, L. and Weiss, Y. and Bottou, L.},
  month =        {December},
  note =
                  {\url{https://proceedings.neurips.cc/paper_files/paper/2004/file/81c2f886f91e18fe16d6f4e865877cb6-Paper.pdf}},
  openalex =     {W2101984404},
  publisher =    {MIT Press},
  series =       {Conference Track Proceedings},
  title =        {VDCBPI: an Approximate Scalable Algorithm for Large
                  POMDPs},
  volume =       17,
  year =         2004
}

@inproceedings{powers2004new,
  address =      {Vancouver, British Columbia, Canada},
  author =       {Powers, Rob and Shoham, Yoav},
  booktitle =    {Advances in Neural Information Processing Systems 17
                  (NIPS)},
  editor =       {Saul, L. and Weiss, Y. and Bottou, L.},
  month =        {December},
  note =
                  {\url{https://proceedings.neurips.cc/paper_files/paper/2004/file/220a7f49d42406598587a66f02584ac3-Paper.pdf}},
  openalex =     {W2148496763},
  publisher =    {MIT Press},
  series =       {Conference Track Proceedings},
  title =        {New Criteria and a New Algorithm for Learning in
                  Multi-Agent Systems},
  volume =       17,
  year =         2004
}

@inproceedings{quattoni2004conditional,
  address =      {Vancouver, British Columbia, Canada},
  author =       {Quattoni, Ariadna and Collins, Michael and Darrell,
                  Trevor},
  booktitle =    {Advances in Neural Information Processing Systems 17
                  (NIPS)},
  editor =       {Saul, L. and Weiss, Y. and Bottou, L.},
  month =        {December},
  note =
                  {\url{https://proceedings.neurips.cc/paper_files/paper/2004/file/0c215f194276000be6a6df6528067151-Paper.pdf}},
  openalex =     {W2151322733},
  publisher =    {MIT Press},
  series =       {Conference Track Proceedings},
  title =        {Conditional Random Fields for Object Recognition},
  volume =       17,
  year =         2004
}

@inproceedings{raman2004chemosensory,
  address =      {Vancouver, British Columbia, Canada},
  author =       {Raman, Baranidharan and Gutiérrez-Osuna, Ricardo},
  booktitle =    {Advances in Neural Information Processing Systems 17
                  (NIPS)},
  editor =       {Saul, L. and Weiss, Y. and Bottou, L.},
  month =        {December},
  note =
                  {\url{https://proceedings.neurips.cc/paper_files/paper/2004/file/7e83722522e8aeb7512b7075311316b7-Paper.pdf}},
  openalex =     {W2129666133},
  publisher =    {MIT Press},
  series =       {Conference Track Proceedings},
  title =        {Chemosensory Processing in a Spiking Model of the
                  Olfactory Bulb: Chemotopic Convergence and Center
                  Surround Inhibition},
  volume =       17,
  year =         2004
}

@inproceedings{rao2004hierarchical,
  address =      {Vancouver, British Columbia, Canada},
  author =       {Rao, Rajesh P. N.},
  booktitle =    {Advances in Neural Information Processing Systems 17
                  (NIPS)},
  editor =       {Saul, L. and Weiss, Y. and Bottou, L.},
  month =        {December},
  note =
                  {\url{https://proceedings.neurips.cc/paper_files/paper/2004/file/38181d991caac98be8fb2ecb8bd0f166-Paper.pdf}},
  openalex =     {W2114746372},
  publisher =    {MIT Press},
  series =       {Conference Track Proceedings},
  title =        {Hierarchical Bayesian Inference in Networks of
                  Spiking Neurons},
  volume =       17,
  year =         2004
}

@inproceedings{renninger2004information,
  address =      {Vancouver, British Columbia, Canada},
  author =       {Renninger, Laura and Coughlan, James M. and
                  Verghese, Preeti and Malik, Jitendra},
  booktitle =    {Advances in Neural Information Processing Systems 17
                  (NIPS)},
  editor =       {Saul, L. and Weiss, Y. and Bottou, L.},
  month =        {December},
  note =
                  {\url{https://proceedings.neurips.cc/paper_files/paper/2004/file/1b9812b99fe2672af746cefda86be5f9-Paper.pdf}},
  openalex =     {W2103415419},
  publisher =    {MIT Press},
  series =       {Conference Track Proceedings},
  title =        {An information maximization model of eye movements.},
  volume =       17,
  year =         2004
}

@inproceedings{rivest2004brain,
  address =      {Vancouver, British Columbia, Canada},
  author =       {Rivest, François and Bengio, Yoshua and Kalaska,
                  John},
  booktitle =    {Advances in Neural Information Processing Systems 17
                  (NIPS)},
  editor =       {Saul, L. and Weiss, Y. and Bottou, L.},
  month =        {December},
  note =
                  {\url{https://proceedings.neurips.cc/paper_files/paper/2004/file/d37b3ca37106b2bfdeaa12647e3bb1c9-Paper.pdf}},
  openalex =     {W2136895343},
  publisher =    {MIT Press},
  series =       {Conference Track Proceedings},
  title =        {Brain Inspired Reinforcement Learning},
  volume =       17,
  year =         2004
}

@inproceedings{rohanimanesh2004coarticulation,
  address =      {Vancouver, British Columbia, Canada},
  author =       {Rohanimanesh, Khashayar and Platt, Robert W. and
                  Mahadevan, Sridhar and Grupen, Roderic A.},
  booktitle =    {Advances in Neural Information Processing Systems 17
                  (NIPS)},
  editor =       {Saul, L. and Weiss, Y. and Bottou, L.},
  month =        {December},
  note =
                  {\url{https://proceedings.neurips.cc/paper_files/paper/2004/file/ed57844fa5e051809ead5aa7e3e1d555-Paper.pdf}},
  openalex =     {W2156002908},
  publisher =    {MIT Press},
  series =       {Conference Track Proceedings},
  title =        {Coarticulation in Markov Decision Processes},
  volume =       17,
  year =         2004
}

@inproceedings{rosasco2004learning,
  address =      {Vancouver, British Columbia, Canada},
  author =       {Rosasco, Lorenzo and Caponnetto, Andrea and Vito,
                  Ernesto De and Odone, Francesca and Giovannini,
                  Umberto De},
  booktitle =    {Advances in Neural Information Processing Systems 17
                  (NIPS)},
  editor =       {Saul, L. and Weiss, Y. and Bottou, L.},
  month =        {December},
  note =
                  {\url{https://proceedings.neurips.cc/paper_files/paper/2004/file/33267e5dc58fad346e92471c43fcccdc-Paper.pdf}},
  openalex =     {W2146113815},
  publisher =    {MIT Press},
  series =       {Conference Track Proceedings},
  title =        {Learning, Regularization and Ill-Posed Inverse
                  Problems},
  volume =       17,
  year =         2004
}

@inproceedings{rosset2004entire,
  address =      {Vancouver, British Columbia, Canada},
  author =       {Hastie, Trevor and Rosset, Saharon and Tibshirani,
                  Robert and Zhu, Ji},
  booktitle =    {Advances in Neural Information Processing Systems 17
                  (NIPS)},
  editor =       {Saul, L. and Weiss, Y. and Bottou, L.},
  month =        {December},
  note =
                  {\url{https://proceedings.neurips.cc/paper_files/paper/2004/file/403ea2e851b9ab04a996beab4a480a30-Paper.pdf}},
  openalex =     {W2133958955},
  publisher =    {MIT Press},
  series =       {Conference Track Proceedings},
  title =        {The Entire Regularization Path for the Support
                  Vector Machine},
  volume =       17,
  year =         2004
}

@inproceedings{rosset2004following,
  address =      {Vancouver, British Columbia, Canada},
  author =       {Rosset, Saharon},
  booktitle =    {Advances in Neural Information Processing Systems 17
                  (NIPS)},
  editor =       {Saul, L. and Weiss, Y. and Bottou, L.},
  month =        {December},
  note =
                  {\url{https://proceedings.neurips.cc/paper_files/paper/2004/file/32b991e5d77ad140559ffb95522992d0-Paper.pdf}},
  openalex =     {W2147197303},
  publisher =    {MIT Press},
  series =       {Conference Track Proceedings},
  title =        {Following Curved Regularized Optimization Solution
                  Paths},
  volume =       17,
  year =         2004
}

@inproceedings{rosset2004method,
  address =      {Vancouver, British Columbia, Canada},
  author =       {Rosset, Saharon and Zhu, Ji and Zou, Hui and Hastie,
                  Trevor},
  booktitle =    {Advances in Neural Information Processing Systems 17
                  (NIPS)},
  editor =       {Saul, L. and Weiss, Y. and Bottou, L.},
  month =        {December},
  note =
                  {\url{https://proceedings.neurips.cc/paper_files/paper/2004/file/eaa52f3366768bca401dca9ea5b181dd-Paper.pdf}},
  openalex =     {W2129851978},
  publisher =    {MIT Press},
  series =       {Conference Track Proceedings},
  title =        {A Method for Inferring Label Sampling Mechanisms in
                  Semi-Supervised Learning},
  volume =       17,
  year =         2004
}

@inproceedings{roth2004outlier,
  address =      {Vancouver, British Columbia, Canada},
  author =       {Röth, Volker},
  booktitle =    {Advances in Neural Information Processing Systems 17
                  (NIPS)},
  editor =       {Saul, L. and Weiss, Y. and Bottou, L.},
  month =        {December},
  note =
                  {\url{https://proceedings.neurips.cc/paper_files/paper/2004/file/1680e9fa7b4dd5d62ece800239bb53bd-Paper.pdf}},
  openalex =     {W2153753709},
  publisher =    {MIT Press},
  series =       {Conference Track Proceedings},
  title =        {Outlier Detection with One-class Kernel Fisher
                  Discriminants},
  volume =       17,
  year =         2004
}

@inproceedings{sajama2004semi,
  address =      {Vancouver, British Columbia, Canada},
  author =       {Sajama, Sajama and Orlitsky, Alon},
  booktitle =    {Advances in Neural Information Processing Systems 17
                  (NIPS)},
  editor =       {Saul, L. and Weiss, Y. and Bottou, L.},
  month =        {December},
  note =
                  {\url{https://proceedings.neurips.cc/paper_files/paper/2004/file/3bd4017318837e92a66298c7855f4427-Paper.pdf}},
  openalex =     {W2115183365},
  publisher =    {MIT Press},
  series =       {Conference Track Proceedings},
  title =        {Semi-parametric Exponential Family PCA},
  volume =       17,
  year =         2004
}

@inproceedings{sarawagi2004semi,
  address =      {Vancouver, British Columbia, Canada},
  author =       {Sarawagi, Sunita and Cohen, William W.},
  booktitle =    {Advances in Neural Information Processing Systems 17
                  (NIPS)},
  editor =       {Saul, L. and Weiss, Y. and Bottou, L.},
  month =        {December},
  note =
                  {\url{https://proceedings.neurips.cc/paper_files/paper/2004/file/eb06b9db06012a7a4179b8f3cb5384d3-Paper.pdf}},
  openalex =     {W2158188757},
  publisher =    {MIT Press},
  series =       {Conference Track Proceedings},
  title =        {Semi-Markov Conditional Random Fields for
                  Information Extraction},
  volume =       17,
  year =         2004
}

@inproceedings{schuermann2004edge,
  address =      {Vancouver, British Columbia, Canada},
  author =       {Schürmann, Felix and Meier, Karlheinz and Schemmel,
                  Johannes},
  booktitle =    {Advances in Neural Information Processing Systems 17
                  (NIPS)},
  editor =       {Saul, L. and Weiss, Y. and Bottou, L.},
  month =        {December},
  note =
                  {\url{https://proceedings.neurips.cc/paper_files/paper/2004/file/dbab2adc8f9d078009ee3fa810bea142-Paper.pdf}},
  openalex =     {W2155757660},
  publisher =    {MIT Press},
  series =       {Conference Track Proceedings},
  title =        {Edge of Chaos Computation in Mixed-Mode VLSI - A
                  Hard Liquid},
  volume =       17,
  year =         2004
}

@inproceedings{schwaighofer2004learning,
  address =      {Vancouver, British Columbia, Canada},
  author =       {Schwaighofer, Anton and Tresp, Volker and Yu, Kai},
  booktitle =    {Advances in Neural Information Processing Systems 17
                  (NIPS)},
  editor =       {Saul, L. and Weiss, Y. and Bottou, L.},
  month =        {December},
  note =
                  {\url{https://proceedings.neurips.cc/paper_files/paper/2004/file/453fadbd8a1a3af50a9df4df899537b5-Paper.pdf}},
  openalex =     {W2135624048},
  publisher =    {MIT Press},
  series =       {Conference Track Proceedings},
  title =        {Learning Gaussian Process Kernels via Hierarchical
                  Bayes},
  volume =       17,
  year =         2004
}

@inproceedings{schwartz2004assignment,
  address =      {Vancouver, British Columbia, Canada},
  author =       {Schwartz, Odelia and Sejnowski, Terrence J. and
                  Dayan, Peter},
  booktitle =    {Advances in Neural Information Processing Systems 17
                  (NIPS)},
  editor =       {Saul, L. and Weiss, Y. and Bottou, L.},
  month =        {December},
  note =
                  {\url{https://proceedings.neurips.cc/paper_files/paper/2004/file/880610aa9f9de9ea7c545169c716f477-Paper.pdf}},
  openalex =     {W2171944717},
  publisher =    {MIT Press},
  series =       {Conference Track Proceedings},
  title =        {Assignment of Multiplicative Mixtures in Natural
                  Images},
  volume =       17,
  year =         2004
}

@inproceedings{scott2004on,
  address =      {Vancouver, British Columbia, Canada},
  author =       {Scott, Clayton and Nowak, Robert},
  booktitle =    {Advances in Neural Information Processing Systems 17
                  (NIPS)},
  editor =       {Saul, L. and Weiss, Y. and Bottou, L.},
  month =        {December},
  note =
                  {\url{https://proceedings.neurips.cc/paper_files/paper/2004/file/6412fef87392ae8c987b0ecc79da1902-Paper.pdf}},
  openalex =     {W2166318900},
  publisher =    {MIT Press},
  series =       {Conference Track Proceedings},
  title =        {On the Adaptive Properties of Decision Trees},
  volume =       17,
  year =         2004
}

@inproceedings{sha2004real,
  address =      {Vancouver, British Columbia, Canada},
  author =       {Sha, Fei and Saul, Lawrence K.},
  booktitle =    {Advances in Neural Information Processing Systems 17
                  (NIPS)},
  editor =       {Saul, L. and Weiss, Y. and Bottou, L.},
  month =        {December},
  note =
                  {\url{https://proceedings.neurips.cc/paper_files/paper/2004/file/e113bb92c69391dd39e2488f9f588382-Paper.pdf}},
  openalex =     {W2145678789},
  publisher =    {MIT Press},
  series =       {Conference Track Proceedings},
  title =        {Real-Time Pitch Determination of One or More Voices
                  by Nonnegative Matrix Factorization},
  volume =       17,
  year =         2004
}

@inproceedings{shai2004probabilistic,
  address =      {Vancouver, British Columbia, Canada},
  author =       {Shai, Ofer and Frey, Brendan J. and Morris, Quaid
                  and Pan, Qun and Misquitta, Christine and Blencowe,
                  Benjamin J.},
  booktitle =    {Advances in Neural Information Processing Systems 17
                  (NIPS)},
  editor =       {Saul, L. and Weiss, Y. and Bottou, L.},
  month =        {December},
  note =
                  {\url{https://proceedings.neurips.cc/paper_files/paper/2004/file/94aef38441efa3380a3bed3faf1f9d5d-Paper.pdf}},
  openalex =     {W2104027445},
  publisher =    {MIT Press},
  series =       {Conference Track Proceedings},
  title =        {Probabilistic Inference of Alternative Splicing
                  Events in Microarray Data},
  volume =       17,
  year =         2004
}

@inproceedings{shani2004resolving,
  address =      {Vancouver, British Columbia, Canada},
  author =       {Shani, Guy and Brafman, Ronen I.},
  booktitle =    {Advances in Neural Information Processing Systems 17
                  (NIPS)},
  editor =       {Saul, L. and Weiss, Y. and Bottou, L.},
  month =        {December},
  note =
                  {\url{https://proceedings.neurips.cc/paper_files/paper/2004/file/c315f0320b7cd4ec85756fac52d78076-Paper.pdf}},
  openalex =     {W2159498728},
  publisher =    {MIT Press},
  series =       {Conference Track Proceedings},
  title =        {Resolving Perceptual Aliasing In The Presence Of
                  Noisy Sensors},
  volume =       17,
  year =         2004
}

@inproceedings{shashua2004algebraic,
  address =      {Vancouver, British Columbia, Canada},
  author =       {Shashua, Amnon and Hazan, Tamir},
  booktitle =    {Advances in Neural Information Processing Systems 17
                  (NIPS)},
  editor =       {Saul, L. and Weiss, Y. and Bottou, L.},
  month =        {December},
  note =
                  {\url{https://proceedings.neurips.cc/paper_files/paper/2004/file/df0e09d6f25a15a815563df9827f48fa-Paper.pdf}},
  openalex =     {W2106159958},
  publisher =    {MIT Press},
  series =       {Conference Track Proceedings},
  title =        {Algebraic Set Kernels with Application to Inference
                  Over Local Image Representations},
  volume =       17,
  year =         2004
}

@inproceedings{shenoy2004dynamic,
  address =      {Vancouver, British Columbia, Canada},
  author =       {Shenoy, Pradeep and Rao, Rajesh P. N.},
  booktitle =    {Advances in Neural Information Processing Systems 17
                  (NIPS)},
  editor =       {Saul, L. and Weiss, Y. and Bottou, L.},
  month =        {December},
  note =
                  {\url{https://proceedings.neurips.cc/paper_files/paper/2004/file/daaaf13651380465fc284db6940d8478-Paper.pdf}},
  openalex =     {W2171168272},
  publisher =    {MIT Press},
  series =       {Conference Track Proceedings},
  title =        {Dynamic Bayesian Networks for Brain-Computer
                  Interfaces},
  volume =       17,
  year =         2004
}

@inproceedings{shpigelman2004temporal,
  address =      {Vancouver, British Columbia, Canada},
  author =       {Shpigelman, Lavi and Crammer, Koby and Paz, Rony and
                  Vaadia, Eilon and Singer, Yoram},
  booktitle =    {Advances in Neural Information Processing Systems 17
                  (NIPS)},
  editor =       {Saul, L. and Weiss, Y. and Bottou, L.},
  month =        {December},
  note =
                  {\url{https://proceedings.neurips.cc/paper_files/paper/2004/file/f35a2bc72dfdc2aae569a0c7370bd7f5-Paper.pdf}},
  openalex =     {W2170734576},
  publisher =    {MIT Press},
  series =       {Conference Track Proceedings},
  title =        {A Temporal Kernel-Based Model for Tracking Hand
                  Movements from Neural Activities},
  volume =       17,
  year =         2004
}

@inproceedings{smith2004learning,
  address =      {Vancouver, British Columbia, Canada},
  author =       {Smith, Evan C. and Lewicki, Michael S.},
  booktitle =    {Advances in Neural Information Processing Systems 17
                  (NIPS)},
  editor =       {Saul, L. and Weiss, Y. and Bottou, L.},
  month =        {December},
  note =
                  {\url{https://proceedings.neurips.cc/paper_files/paper/2004/file/8bd39eae38511daad6152e84545e504d-Paper.pdf}},
  openalex =     {W2154436918},
  publisher =    {MIT Press},
  series =       {Conference Track Proceedings},
  title =        {Learning Efficient Auditory Codes Using Spikes
                  Predicts Cochlear Filters},
  volume =       17,
  year =         2004
}

@inproceedings{smola2004binet,
  address =      {Vancouver, British Columbia, Canada},
  author =       {Smola, Alex and Vishwanathan, S. V. N.},
  booktitle =    {Advances in Neural Information Processing Systems 17
                  (NIPS)},
  editor =       {Saul, L. and Weiss, Y. and Bottou, L.},
  month =        {December},
  note =
                  {\url{https://proceedings.neurips.cc/paper_files/paper/2004/file/058d6f2fbe951a5a56d96b1f1a6bca1c-Paper.pdf}},
  openalex =     {W2139921999},
  publisher =    {MIT Press},
  series =       {Conference Track Proceedings},
  title =        {Binet-Cauchy Kernels},
  volume =       17,
  year =         2004
}

@inproceedings{snow2004learning,
  address =      {Vancouver, British Columbia, Canada},
  author =       {Snow, Rion and Jurafsky, Daniel and Ng, Andrew},
  booktitle =    {Advances in Neural Information Processing Systems 17
                  (NIPS)},
  editor =       {Saul, L. and Weiss, Y. and Bottou, L.},
  month =        {December},
  note =
                  {\url{https://proceedings.neurips.cc/paper_files/paper/2004/file/358aee4cc897452c00244351e4d91f69-Paper.pdf}},
  publisher =    {MIT Press},
  series =       {Conference Track Proceedings},
  title =        {Learning Syntactic Patterns for Automatic Hypernym
                  Discovery},
  volume =       17,
  year =         2004
}

@inproceedings{solem2004surface,
  address =      {Vancouver, British Columbia, Canada},
  author =       {Solem, Jan and Kahl, Fredrik},
  booktitle =    {Advances in Neural Information Processing Systems 17
                  (NIPS)},
  editor =       {Saul, L. and Weiss, Y. and Bottou, L.},
  month =        {December},
  note =
                  {\url{https://proceedings.neurips.cc/paper_files/paper/2004/file/7180cffd6a8e829dacfc2a31b3f72ece-Paper.pdf}},
  publisher =    {MIT Press},
  series =       {Conference Track Proceedings},
  title =        {Surface Reconstruction using Learned Shape Models},
  volume =       17,
  year =         2004
}

@inproceedings{sollich2004using,
  address =      {Vancouver, British Columbia, Canada},
  author =       {Sollich, Peter and Williams, Christopher K. I.},
  booktitle =    {Advances in Neural Information Processing Systems 17
                  (NIPS)},
  editor =       {Saul, L. and Weiss, Y. and Bottou, L.},
  month =        {December},
  note =
                  {\url{https://proceedings.neurips.cc/paper_files/paper/2004/file/d89a66c7c80a29b1bdbab0f2a1a94af8-Paper.pdf}},
  openalex =     {W2137467792},
  publisher =    {MIT Press},
  series =       {Conference Track Proceedings},
  title =        {Using the Equivalent Kernel to Understand Gaussian
                  Process Regression},
  volume =       17,
  year =         2004
}

@inproceedings{sra2004triangle,
  address =      {Vancouver, British Columbia, Canada},
  author =       {Sra, Suvrit and Tropp, Joel A. and Dhillon, Inderjit
                  S.},
  booktitle =    {Advances in Neural Information Processing Systems 17
                  (NIPS)},
  editor =       {Saul, L. and Weiss, Y. and Bottou, L.},
  month =        {December},
  note =
                  {\url{https://proceedings.neurips.cc/paper_files/paper/2004/file/4ebccfb3e317c7789f04f7a558df4537-Paper.pdf}},
  openalex =     {W2105419023},
  publisher =    {MIT Press},
  series =       {Conference Track Proceedings},
  title =        {Triangle Fixing Algorithms for the Metric Nearness
                  Problem},
  volume =       17,
  year =         2004
}

@inproceedings{srebro2004generalization,
  address =      {Vancouver, British Columbia, Canada},
  author =       {Srebro, Nathan and Alon, Noga and Jaakkola, Tommi},
  booktitle =    {Advances in Neural Information Processing Systems 17
                  (NIPS)},
  editor =       {Saul, L. and Weiss, Y. and Bottou, L.},
  month =        {December},
  note =
                  {\url{https://proceedings.neurips.cc/paper_files/paper/2004/file/f1b0775946bc0329b35b823b86eeb5f5-Paper.pdf}},
  openalex =     {W2152836620},
  publisher =    {MIT Press},
  series =       {Conference Track Proceedings},
  title =        {Generalization Error Bounds for Collaborative
                  Prediction with Low-Rank Matrices},
  volume =       17,
  year =         2004
}

@inproceedings{srebro2004maximum,
  address =      {Vancouver, British Columbia, Canada},
  author =       {Srebro, Nathan and Rennie, Jason and Jaakkola,
                  Tommi},
  booktitle =    {Advances in Neural Information Processing Systems 17
                  (NIPS)},
  editor =       {Saul, L. and Weiss, Y. and Bottou, L.},
  month =        {December},
  note =
                  {\url{https://proceedings.neurips.cc/paper_files/paper/2004/file/e0688d13958a19e087e123148555e4b4-Paper.pdf}},
  publisher =    {MIT Press},
  series =       {Conference Track Proceedings},
  title =        {Maximum-Margin Matrix Factorization},
  volume =       17,
  year =         2004
}

@inproceedings{steinwart2004density,
  address =      {Vancouver, British Columbia, Canada},
  author =       {Steinwart, Ingo and Hush, Don and Scovel, Clint},
  booktitle =    {Advances in Neural Information Processing Systems 17
                  (NIPS)},
  editor =       {Saul, L. and Weiss, Y. and Bottou, L.},
  month =        {December},
  note =
                  {\url{https://proceedings.neurips.cc/paper_files/paper/2004/file/339a18def9898dd60a634b2ad8fbbd58-Paper.pdf}},
  openalex =     {W2103387009},
  publisher =    {MIT Press},
  series =       {Conference Track Proceedings},
  title =        {Density Level Detection is Classification},
  volume =       17,
  year =         2004
}

@inproceedings{steinwart2004fast,
  address =      {Vancouver, British Columbia, Canada},
  author =       {Steinwart, Ingo and Scovel, Clint},
  booktitle =    {Advances in Neural Information Processing Systems 17
                  (NIPS)},
  editor =       {Saul, L. and Weiss, Y. and Bottou, L.},
  month =        {December},
  note =
                  {\url{https://proceedings.neurips.cc/paper_files/paper/2004/file/dd17e652cd2a08fdb8bf7f68e2ad3814-Paper.pdf}},
  openalex =     {W2108273751},
  publisher =    {MIT Press},
  series =       {Conference Track Proceedings},
  title =        {Fast Rates to Bayes for Kernel Machines},
  volume =       17,
  year =         2004
}

@inproceedings{stern2004modelling,
  address =      {Vancouver, British Columbia, Canada},
  author =       {Stern, David and Graepel, Thore and Mackay, David},
  booktitle =    {Advances in Neural Information Processing Systems 17
                  (NIPS)},
  editor =       {Saul, L. and Weiss, Y. and Bottou, L.},
  month =        {December},
  note =
                  {\url{https://proceedings.neurips.cc/paper_files/paper/2004/file/b38e5ff5f816ac6e4169bce9314b2996-Paper.pdf}},
  openalex =     {W2122853437},
  publisher =    {MIT Press},
  series =       {Conference Track Proceedings},
  title =        {Modelling Uncertainty in the Game of Go},
  volume =       17,
  year =         2004
}

@inproceedings{stocker2004constraining,
  address =      {Vancouver, British Columbia, Canada},
  author =       {Stocker, Alan A. and Simoncelli, Eero P.},
  booktitle =    {Advances in Neural Information Processing Systems 17
                  (NIPS)},
  editor =       {Saul, L. and Weiss, Y. and Bottou, L.},
  month =        {December},
  note =
                  {\url{https://proceedings.neurips.cc/paper_files/paper/2004/file/852c44ddce7e0c7e4c64d86147300831-Paper.pdf}},
  openalex =     {W2107003063},
  publisher =    {MIT Press},
  series =       {Conference Track Proceedings},
  title =        {Constraining a Bayesian Model of Human Visual Speed
                  Perception},
  volume =       17,
  year =         2004
}

@inproceedings{sudderth2004distributed,
  address =      {Vancouver, British Columbia, Canada},
  author =       {Sudderth, Erik B. and Mandel, Michael and Freeman,
                  William T. and Willsky, Alan S.},
  booktitle =    {Advances in Neural Information Processing Systems 17
                  (NIPS)},
  editor =       {Saul, L. and Weiss, Y. and Bottou, L.},
  month =        {December},
  note =
                  {\url{https://proceedings.neurips.cc/paper_files/paper/2004/file/1006ff12c465532f8c574aeaa4461b16-Paper.pdf}},
  openalex =     {W2152280721},
  publisher =    {MIT Press},
  series =       {Conference Track Proceedings},
  title =        {Distributed Occlusion Reasoning for Tracking with
                  Nonparametric Belief Propagation},
  volume =       17,
  year =         2004
}

@inproceedings{sutton2004temporal,
  address =      {Vancouver, British Columbia, Canada},
  author =       {Sutton, Richard S and Tanner, Brian},
  booktitle =    {Advances in Neural Information Processing Systems 17
                  (NIPS)},
  editor =       {Saul, L. and Weiss, Y. and Bottou, L.},
  month =        {December},
  note =
                  {\url{https://proceedings.neurips.cc/paper_files/paper/2004/file/9d28de8ff9bb6a3fa41fddfdc28f3bc1-Paper.pdf}},
  publisher =    {MIT Press},
  series =       {Conference Track Proceedings},
  title =        {Temporal-Difference Networks},
  volume =       17,
  year =         2004
}

@inproceedings{teh2004sharingclusters,
  address =      {Vancouver, British Columbia, Canada},
  author =       {Teh, Yee Whye and Jordan, Michael I. and Beal,
                  Matthew J. and Blei, David M.},
  booktitle =    {Advances in Neural Information Processing Systems 17
                  (NIPS)},
  editor =       {Saul, L. and Weiss, Y. and Bottou, L.},
  month =        {December},
  note =
                  {\url{https://proceedings.neurips.cc/paper_files/paper/2004/file/fb4ab556bc42d6f0ee0f9e24ec4d1af0-Paper.pdf}},
  openalex =     {W2100163972},
  publisher =    {MIT Press},
  series =       {Conference Track Proceedings},
  title =        {Sharing Clusters among Related Groups: Hierarchical
                  Dirichlet Processes},
  volume =       17,
  year =         2004
}

@inproceedings{todd2004heuristics,
  address =      {Vancouver, British Columbia, Canada},
  author =       {Todd, Peter M. and Dieckmann, Anja},
  booktitle =    {Advances in Neural Information Processing Systems 17
                  (NIPS)},
  editor =       {Saul, L. and Weiss, Y. and Bottou, L.},
  month =        {December},
  note =
                  {\url{https://proceedings.neurips.cc/paper_files/paper/2004/file/ed277964a8959e72a0d987e598dfbe72-Paper.pdf}},
  openalex =     {W2142756227},
  publisher =    {MIT Press},
  series =       {Conference Track Proceedings},
  title =        {Heuristics for Ordering Cue Search in Decision
                  Making},
  volume =       17,
  year =         2004
}

@inproceedings{torralba2004contextual,
  address =      {Vancouver, British Columbia, Canada},
  author =       {Torralba, Antonio and Murphy, Kevin and Freeman,
                  William T.},
  booktitle =    {Advances in Neural Information Processing Systems 17
                  (NIPS)},
  editor =       {Saul, L. and Weiss, Y. and Bottou, L.},
  month =        {December},
  note =
                  {\url{https://proceedings.neurips.cc/paper_files/paper/2004/file/908a6f6a6c131a850ecb0e3f11b08189-Paper.pdf}},
  openalex =     {W2107640784},
  publisher =    {MIT Press},
  series =       {Conference Track Proceedings},
  title =        {Contextual Models for Object Detection Using Boosted
                  Random Fields},
  volume =       17,
  year =         2004
}

@inproceedings{triesch2004synergies,
  address =      {Vancouver, British Columbia, Canada},
  author =       {Triesch, Jochen},
  booktitle =    {Advances in Neural Information Processing Systems 17
                  (NIPS)},
  editor =       {Saul, L. and Weiss, Y. and Bottou, L.},
  month =        {December},
  note =
                  {\url{https://proceedings.neurips.cc/paper_files/paper/2004/file/08f38e0434442128fab5ead6217ca759-Paper.pdf}},
  openalex =     {W2121772139},
  publisher =    {MIT Press},
  series =       {Conference Track Proceedings},
  title =        {Synergies between Intrinsic and Synaptic Plasticity
                  in Individual Model Neurons},
  volume =       17,
  year =         2004
}

@inproceedings{tsuda2004matrix,
  address =      {Vancouver, British Columbia, Canada},
  author =       {Tsuda, Koji and Rätsch, Gunnar and Warmuth, Manfred
                  K.},
  booktitle =    {Advances in Neural Information Processing Systems 17
                  (NIPS)},
  editor =       {Saul, L. and Weiss, Y. and Bottou, L.},
  month =        {December},
  note =
                  {\url{https://proceedings.neurips.cc/paper_files/paper/2004/file/bd70364a8fcba02366697df66f50b4d4-Paper.pdf}},
  openalex =     {W2120195012},
  publisher =    {MIT Press},
  series =       {Conference Track Proceedings},
  title =        {Matrix Exponential Gradient Updates for On-line
                  Learning and Bregman Projection},
  volume =       17,
  year =         2004
}

@inproceedings{vert2004supervised,
  address =      {Vancouver, British Columbia, Canada},
  author =       {Vert, Jean‐Philippe and Yamanishi, Yoshihiro},
  booktitle =    {Advances in Neural Information Processing Systems 17
                  (NIPS)},
  editor =       {Saul, L. and Weiss, Y. and Bottou, L.},
  month =        {December},
  note =
                  {\url{https://proceedings.neurips.cc/paper_files/paper/2004/file/a4613e8d72a61b3b69b32d040f89ad81-Paper.pdf}},
  openalex =     {W2115062943},
  publisher =    {MIT Press},
  series =       {Conference Track Proceedings},
  title =        {Supervised Graph Inference},
  volume =       17,
  year =         2004
}

@inproceedings{visweswaran2004instance,
  address =      {Vancouver, British Columbia, Canada},
  author =       {Visweswaran, Shyam and Cooper, Gregory F.},
  booktitle =    {Advances in Neural Information Processing Systems 17
                  (NIPS)},
  editor =       {Saul, L. and Weiss, Y. and Bottou, L.},
  month =        {December},
  note =
                  {\url{https://proceedings.neurips.cc/paper_files/paper/2004/file/e6acf4b0f69f6f6e60e9a815938aa1ff-Paper.pdf}},
  openalex =     {W2132390062},
  publisher =    {MIT Press},
  series =       {Conference Track Proceedings},
  title =        {Instance-Specific Bayesian Model Averaging for
                  Classification},
  volume =       17,
  year =         2004
}

@inproceedings{vogelstein2004saliency,
  address =      {Vancouver, British Columbia, Canada},
  author =       {Vogelstein, R. Jacob and Mallik, Udayan and
                  Culurciello, Eugenio and Cauwenberghs, Gert and
                  Etienne‐Cummings, Ralph},
  booktitle =    {Advances in Neural Information Processing Systems 17
                  (NIPS)},
  editor =       {Saul, L. and Weiss, Y. and Bottou, L.},
  month =        {December},
  note =
                  {\url{https://proceedings.neurips.cc/paper_files/paper/2004/file/cf9b2d0406020c56599f9a93708832b5-Paper.pdf}},
  openalex =     {W2123407810},
  publisher =    {MIT Press},
  series =       {Conference Track Proceedings},
  title =        {Saliency-Driven Image Acuity Modulation on a
                  Reconfigurable Array of Spiking Silicon Neurons},
  volume =       17,
  year =         2004
}

@inproceedings{wang2004adaptive,
  address =      {Vancouver, British Columbia, Canada},
  author =       {Zhang, Zhenyue and Wang, Jing and Zha, Hongyuan},
  booktitle =    {Advances in Neural Information Processing Systems 17
                  (NIPS)},
  editor =       {Saul, L. and Weiss, Y. and Bottou, L.},
  month =        {December},
  note =
                  {\url{https://proceedings.neurips.cc/paper_files/paper/2004/file/eb0ecdb070a1a0ac46de0cd733d39cf3-Paper.pdf}},
  openalex =     {W2149544245},
  publisher =    {MIT Press},
  series =       {Conference Track Proceedings},
  title =        {Adaptive Manifold Learning},
  volume =       17,
  year =         2004
}

@inproceedings{wang2004boosting,
  address =      {Vancouver, British Columbia, Canada},
  author =       {Wang, Ligen and Kégl, Balázs},
  booktitle =    {Advances in Neural Information Processing Systems 17
                  (NIPS)},
  editor =       {Saul, L. and Weiss, Y. and Bottou, L.},
  month =        {December},
  note =
                  {\url{https://proceedings.neurips.cc/paper_files/paper/2004/file/6aed000af86a084f9cb0264161e29dd3-Paper.pdf}},
  openalex =     {W2161596294},
  publisher =    {MIT Press},
  series =       {Conference Track Proceedings},
  title =        {Boosting on Manifolds: Adaptive Regularization of
                  Base Classifiers},
  volume =       17,
  year =         2004
}

@inproceedings{wang2004identifying,
  address =      {Vancouver, British Columbia, Canada},
  author =       {Wang, Haidong and Segal, Eran and Ben‐Hur, Asa and
                  Koller, Daphne and Brutlag, Douglas L.},
  booktitle =    {Advances in Neural Information Processing Systems 17
                  (NIPS)},
  editor =       {Saul, L. and Weiss, Y. and Bottou, L.},
  month =        {December},
  note =
                  {\url{https://proceedings.neurips.cc/paper_files/paper/2004/file/dc2b690516158a874dd8aabe1365c6a0-Paper.pdf}},
  openalex =     {W2167348517},
  publisher =    {MIT Press},
  series =       {Conference Track Proceedings},
  title =        {Identifying Protein-Protein Interaction Sites on a
                  Genome-Wide Scale},
  volume =       17,
  year =         2004
}

@inproceedings{welling2004exponential,
  address =      {Vancouver, British Columbia, Canada},
  author =       {Welling, Max and Rosen-Zvi, Michal and Hinton,
                  Geoffrey E.},
  booktitle =    {Advances in Neural Information Processing Systems 17
                  (NIPS)},
  editor =       {Saul, L. and Weiss, Y. and Bottou, L.},
  month =        {December},
  note =
                  {\url{https://proceedings.neurips.cc/paper_files/paper/2004/file/0e900ad84f63618452210ab8baae0218-Paper.pdf}},
  openalex =     {W2124914669},
  publisher =    {MIT Press},
  series =       {Conference Track Proceedings},
  title =        {Exponential Family Harmoniums with an Application to
                  Information Retrieval},
  volume =       17,
  year =         2004
}

@inproceedings{wichmann2004machine,
  address =      {Vancouver, British Columbia, Canada},
  author =       {Wichmann, Felix A. and Graf, Arnulf B. A. and
                  Bülthoff, HH and Simoncelli, Eero P. and Schölkopf,
                  Bernhard},
  booktitle =    {Advances in Neural Information Processing Systems 17
                  (NIPS)},
  editor =       {Saul, L. and Weiss, Y. and Bottou, L.},
  month =        {December},
  note =
                  {\url{https://proceedings.neurips.cc/paper_files/paper/2004/file/1b113258af3968aaf3969ca67e744ff8-Paper.pdf}},
  openalex =     {W2138603172},
  publisher =    {MIT Press},
  series =       {Conference Track Proceedings},
  title =        {Machine Learning Applied to Perception: Decision
                  Images for Gender Classification},
  volume =       17,
  year =         2004
}

@inproceedings{williams2004variational,
  address =      {Vancouver, British Columbia, Canada},
  author =       {Williams, Oliver and Blake, Andrew and Cipolla,
                  Roberto},
  booktitle =    {Advances in Neural Information Processing Systems 17
                  (NIPS)},
  editor =       {Saul, L. and Weiss, Y. and Bottou, L.},
  month =        {December},
  note =
                  {\url{https://proceedings.neurips.cc/paper_files/paper/2004/file/a3d06db1f8c85b2837b4603a51834425-Paper.pdf}},
  openalex =     {W2100255091},
  publisher =    {MIT Press},
  series =       {Conference Track Proceedings},
  title =        {The Variational Ising Classifier (VIC) Algorithm for
                  Coherently Contaminated Data},
  volume =       17,
  year =         2004
}

@inproceedings{winn2004generative,
  address =      {Vancouver, British Columbia, Canada},
  author =       {Winn, John and Blake, Andrew},
  booktitle =    {Advances in Neural Information Processing Systems 17
                  (NIPS)},
  editor =       {Saul, L. and Weiss, Y. and Bottou, L.},
  month =        {December},
  note =
                  {\url{https://proceedings.neurips.cc/paper_files/paper/2004/file/18ad9899f3f21a5a1583584d5f11c0c0-Paper.pdf}},
  openalex =     {W2148217757},
  publisher =    {MIT Press},
  series =       {Conference Track Proceedings},
  title =        {Generative Affine Localisation and Tracking},
  volume =       17,
  year =         2004
}

@inproceedings{wipf2004,
  address =      {Vancouver, British Columbia, Canada},
  author =       {Wipf, David and Rao, Bhaskar},
  booktitle =    {Advances in Neural Information Processing Systems 17
                  (NIPS)},
  editor =       {Saul, L. and Weiss, Y. and Bottou, L.},
  month =        {December},
  note =
                  {\url{https://proceedings.neurips.cc/paper_files/paper/2004/file/b1c00bcd4b5183705c134b3365f8c45e-Paper.pdf}},
  publisher =    {MIT Press},
  series =       {Conference Track Proceedings},
  title =        {𝓁â‚€-norm Minimization for Basis Selection},
  volume =       17,
  year =         2004
}

@inproceedings{wong2004multi,
  address =      {Vancouver, British Columbia, Canada},
  author =       {Wong, K. and Lim, S. and Gao, Z.},
  booktitle =    {Advances in Neural Information Processing Systems 17
                  (NIPS)},
  editor =       {Saul, L. and Weiss, Y. and Bottou, L.},
  month =        {December},
  note =
                  {\url{https://proceedings.neurips.cc/paper_files/paper/2004/file/573eec40e4ef4f2089531dd5cbf629f8-Paper.pdf}},
  publisher =    {MIT Press},
  series =       {Conference Track Proceedings},
  title =        {Multi-agent Cooperation in Diverse Population Games},
  volume =       17,
  year =         2004
}

@inproceedings{xiong2004efficient,
  address =      {Vancouver, British Columbia, Canada},
  author =       {Xiong, Tao and Ye, Jieping and Li, Qi and Janardan,
                  Ravi and Cherkassky, Vladimir},
  booktitle =    {Advances in Neural Information Processing Systems 17
                  (NIPS)},
  editor =       {Saul, L. and Weiss, Y. and Bottou, L.},
  month =        {December},
  note =
                  {\url{https://proceedings.neurips.cc/paper_files/paper/2004/file/3a0844cee4fcf57de0c71e9ad3035478-Paper.pdf}},
  openalex =     {W2159607632},
  publisher =    {MIT Press},
  series =       {Conference Track Proceedings},
  title =        {Efficient Kernel Discriminant Analysis via QR
                  Decomposition},
  volume =       17,
  year =         2004
}

@inproceedings{xu2004maximum,
  address =      {Vancouver, British Columbia, Canada},
  author =       {Xu, Linli and Neufeld, James and Larson, Bryce and
                  Schuurmans, Dale},
  booktitle =    {Advances in Neural Information Processing Systems 17
                  (NIPS)},
  editor =       {Saul, L. and Weiss, Y. and Bottou, L.},
  month =        {December},
  note =
                  {\url{https://proceedings.neurips.cc/paper_files/paper/2004/file/6403675579f6114559c90de0014cd3d6-Paper.pdf}},
  openalex =     {W2132820034},
  publisher =    {MIT Press},
  series =       {Conference Track Proceedings},
  title =        {Maximum Margin Clustering},
  volume =       17,
  year =         2004
}

@inproceedings{xu2004using,
  address =      {Vancouver, British Columbia, Canada},
  author =       {Xu, Peng and Jelinek, Frederick},
  booktitle =    {Advances in Neural Information Processing Systems 17
                  (NIPS)},
  editor =       {Saul, L. and Weiss, Y. and Bottou, L.},
  month =        {December},
  note =
                  {\url{https://proceedings.neurips.cc/paper_files/paper/2004/file/7edccc661418aeb5761dbcdc06ad490c-Paper.pdf}},
  openalex =     {W2141644373},
  publisher =    {MIT Press},
  series =       {Conference Track Proceedings},
  title =        {Using Random Forests in the Structured Language
                  Model},
  volume =       17,
  year =         2004
}

@inproceedings{yan2004solitaire,
  address =      {Vancouver, British Columbia, Canada},
  author =       {Yan, Xiang and Diaconis, Persi and Rusmevichientong,
                  Paat and Roy, Benjamin},
  booktitle =    {Advances in Neural Information Processing Systems 17
                  (NIPS)},
  editor =       {Saul, L. and Weiss, Y. and Bottou, L.},
  month =        {December},
  note =
                  {\url{https://proceedings.neurips.cc/paper_files/paper/2004/file/48c3ec5c3a93a9e294a8a6392ccedeb4-Paper.pdf}},
  publisher =    {MIT Press},
  series =       {Conference Track Proceedings},
  title =        {Solitaire: Man Versus Machine},
  volume =       17,
  year =         2004
}

@inproceedings{yang2004efficient,
  address =      {Vancouver, British Columbia, Canada},
  author =       {Yang, Changjiang and Duraiswami, Ramani and Davis,
                  Larry S.},
  booktitle =    {Advances in Neural Information Processing Systems 17
                  (NIPS)},
  editor =       {Saul, L. and Weiss, Y. and Bottou, L.},
  month =        {December},
  note =
                  {\url{https://proceedings.neurips.cc/paper_files/paper/2004/file/85353d3b2f39b9c9b5ee3576578c04b7-Paper.pdf}},
  openalex =     {W2172039283},
  publisher =    {MIT Press},
  series =       {Conference Track Proceedings},
  title =        {Efficient Kernel Machines Using the Improved Fast
                  Gauss Transform},
  volume =       17,
  year =         2004
}

@inproceedings{ye2004two,
  address =      {Vancouver, British Columbia, Canada},
  author =       {Ye, Jieping and Janardan, Ravi and Li, Qi},
  booktitle =    {Advances in Neural Information Processing Systems 17
                  (NIPS)},
  editor =       {Saul, L. and Weiss, Y. and Bottou, L.},
  month =        {December},
  note =
                  {\url{https://proceedings.neurips.cc/paper_files/paper/2004/file/86ecfcbc1e9f1ae5ee2d71910877da36-Paper.pdf}},
  openalex =     {W2097366995},
  publisher =    {MIT Press},
  series =       {Conference Track Proceedings},
  title =        {Two-Dimensional Linear Discriminant Analysis},
  volume =       17,
  year =         2004
}

@inproceedings{yu2004inference,
  address =      {Vancouver, British Columbia, Canada},
  author =       {Yu, Angela J. and Dayan, Peter},
  booktitle =    {Advances in Neural Information Processing Systems 17
                  (NIPS)},
  editor =       {Saul, L. and Weiss, Y. and Bottou, L.},
  month =        {December},
  note =
                  {\url{https://proceedings.neurips.cc/paper_files/paper/2004/file/0e4a2c65bdaddd66a53422d93daebe68-Paper.pdf}},
  openalex =     {W2107909451},
  publisher =    {MIT Press},
  series =       {Conference Track Proceedings},
  title =        {Inference, Attention, and Decision in a Bayesian
                  Neural Architecture},
  volume =       17,
  year =         2004
}

@inproceedings{yuille2004convergence,
  address =      {Vancouver, British Columbia, Canada},
  author =       {Yuille, Alan},
  booktitle =    {Advances in Neural Information Processing Systems 17
                  (NIPS)},
  editor =       {Saul, L. and Weiss, Y. and Bottou, L.},
  month =        {December},
  note =
                  {\url{https://proceedings.neurips.cc/paper_files/paper/2004/file/75e33da9b103b7b91dcd8da0abe1354b-Paper.pdf}},
  openalex =     {W2110361616},
  publisher =    {MIT Press},
  series =       {Conference Track Proceedings},
  title =        {The Convergence of Contrastive Divergences},
  volume =       17,
  year =         2004
}

@inproceedings{yuille2004rescorla,
  address =      {Vancouver, British Columbia, Canada},
  author =       {Yuille, Alan},
  booktitle =    {Advances in Neural Information Processing Systems 17
                  (NIPS)},
  editor =       {Saul, L. and Weiss, Y. and Bottou, L.},
  month =        {December},
  note =
                  {\url{https://proceedings.neurips.cc/paper_files/paper/2004/file/8f125da0b3432ed853c0b6f7ee5aaa6b-Paper.pdf}},
  openalex =     {W2096412049},
  publisher =    {MIT Press},
  series =       {Conference Track Proceedings},
  title =        {The Rescorla-Wagner Algorithm and Maximum Likelihood
                  Estimation of Causal Parameters},
  volume =       17,
  year =         2004
}

@inproceedings{zelnikmanor2004self,
  address =      {Vancouver, British Columbia, Canada},
  author =       {Zelnik‐Manor, Lihi and Perona, Pietro},
  booktitle =    {Advances in Neural Information Processing Systems 17
                  (NIPS)},
  editor =       {Saul, L. and Weiss, Y. and Bottou, L.},
  month =        {December},
  note =
                  {\url{https://proceedings.neurips.cc/paper_files/paper/2004/file/40173ea48d9567f1f393b20c855bb40b-Paper.pdf}},
  openalex =     {W2152322845},
  publisher =    {MIT Press},
  series =       {Conference Track Proceedings},
  title =        {Self-Tuning Spectral Clustering},
  volume =       17,
  year =         2004
}

@inproceedings{zemel2004probabilistic,
  address =      {Vancouver, British Columbia, Canada},
  author =       {Zemel, Richard and Natarajan, Rama and Dayan, Peter
                  and Huys, Quentin},
  booktitle =    {Advances in Neural Information Processing Systems 17
                  (NIPS)},
  editor =       {Saul, L. and Weiss, Y. and Bottou, L.},
  month =        {December},
  note =
                  {\url{https://proceedings.neurips.cc/paper_files/paper/2004/file/a8aa681aaa4588a8dbd3b42b26d59a1a-Paper.pdf}},
  publisher =    {MIT Press},
  series =       {Conference Track Proceedings},
  title =        {Probabilistic Computation in Spiking Populations},
  volume =       17,
  year =         2004
}

@inproceedings{zemel2004proximity,
  address =      {Vancouver, British Columbia, Canada},
  author =       {Zemel, Richard S. and Carreira-Perpiñán, Miguel Á.},
  booktitle =    {Advances in Neural Information Processing Systems 17
                  (NIPS)},
  editor =       {Saul, L. and Weiss, Y. and Bottou, L.},
  month =        {December},
  note =
                  {\url{https://proceedings.neurips.cc/paper_files/paper/2004/file/dcda54e29207294d8e7e1b537338b1c0-Paper.pdf}},
  openalex =     {W2163097311},
  publisher =    {MIT Press},
  series =       {Conference Track Proceedings},
  title =        {Proximity Graphs for Clustering and Manifold
                  Learning},
  volume =       17,
  year =         2004
}

@inproceedings{zhang2004class,
  address =      {Vancouver, British Columbia, Canada},
  author =       {Zhang, Tong},
  booktitle =    {Advances in Neural Information Processing Systems 17
                  (NIPS)},
  editor =       {Saul, L. and Weiss, Y. and Bottou, L.},
  month =        {December},
  note =
                  {\url{https://proceedings.neurips.cc/paper_files/paper/2004/file/b096577e264d1ebd6b41041f392eec23-Paper.pdf}},
  publisher =    {MIT Press},
  series =       {Conference Track Proceedings},
  title =        {Class-size Independent Generalization Analysis of
                  Some Discriminative Multi-Category Classification},
  volume =       17,
  year =         2004
}

@inproceedings{zhang2004probabilistic,
  address =      {Vancouver, British Columbia, Canada},
  author =       {Zhang, Jian and Ghahramani, Zoubin and Yang, Yiming},
  booktitle =    {Advances in Neural Information Processing Systems 17
                  (NIPS)},
  editor =       {Saul, L. and Weiss, Y. and Bottou, L.},
  month =        {December},
  note =
                  {\url{https://proceedings.neurips.cc/paper_files/paper/2004/file/09a5e2a11bea20817477e0b1dfe2cc21-Paper.pdf}},
  openalex =     {W2099064293},
  publisher =    {MIT Press},
  series =       {Conference Track Proceedings},
  title =        {A Probabilistic Model for Online Document Clustering
                  with Application to Novelty Detection},
  volume =       17,
  year =         2004
}

@inproceedings{zhou2004semi,
  address =      {Vancouver, British Columbia, Canada},
  author =       {Zhou, Dengyong and Hofmann, Thomas and Schölkopf,
                  Bernhard},
  booktitle =    {Advances in Neural Information Processing Systems 17
                  (NIPS)},
  editor =       {Saul, L. and Weiss, Y. and Bottou, L.},
  month =        {December},
  note =
                  {\url{https://proceedings.neurips.cc/paper_files/paper/2004/file/ad47a008a2f806aa6eb1b53852cd8b37-Paper.pdf}},
  openalex =     {W2146728697},
  publisher =    {MIT Press},
  series =       {Conference Track Proceedings},
  title =        {Semi-supervised Learning on Directed Graphs},
  volume =       17,
  year =         2004
}

@inproceedings{zhu2004nonparametric,
  address =      {Vancouver, British Columbia, Canada},
  author =       {Zhu, Jerry and Kandola, Jaz and Ghahramani, Zoubin
                  and Lafferty, John},
  booktitle =    {Advances in Neural Information Processing Systems 17
                  (NIPS)},
  editor =       {Saul, L. and Weiss, Y. and Bottou, L.},
  month =        {December},
  note =
                  {\url{https://proceedings.neurips.cc/paper_files/paper/2004/file/2e7ceec8361275c4e31fee5fe422740b-Paper.pdf}},
  publisher =    {MIT Press},
  series =       {Conference Track Proceedings},
  title =        {Nonparametric Transforms of Graph Kernels for
                  Semi-Supervised Learning},
  volume =       17,
  year =         2004
}

@inproceedings{zwald2004kernel,
  address =      {Vancouver, British Columbia, Canada},
  author =       {Zwald, Laurent and Blanchard, Gilles and Massart,
                  Pascal and Vert, Régis},
  booktitle =    {Advances in Neural Information Processing Systems 17
                  (NIPS)},
  editor =       {Saul, L. and Weiss, Y. and Bottou, L.},
  month =        {December},
  note =
                  {\url{https://proceedings.neurips.cc/paper_files/paper/2004/file/17b3c7061788dbe82de5abe9f6fe22b3-Paper.pdf}},
  openalex =     {W2153023098},
  publisher =    {MIT Press},
  series =       {Conference Track Proceedings},
  title =        {Kernel Projection Machine: a New Tool for Pattern
                  Recognition},
  volume =       17,
  year =         2004
}
