@inproceedings{abbeel2005learning,
  address = {Vancouver, British Columbia, Canada},
  author = {Abbeel, Pieter and Ganapathi, Varun and Ng, Andrew},
  booktitle = {Advances in Neural Information Processing Systems 18 (NIPS)},
  editor = {Weiss, Y. and Schölkopf, B. and Platt, J.},
  month = {December},
  note = {<https://proceedings.neurips.cc/paper_files/paper/2005/file/09b69adcd7cbae914c6204984097d2da-Paper.pdf>},
  publisher = {MIT Press},
  series = {Conference Track Proceedings},
  title = {Learning vehicular dynamics, with application to modeling helicopters},
  volume = {18},
  year = {2005}
}

@inproceedings{aberdeen2005policy,
  address = {Vancouver, British Columbia, Canada},
  author = {Aberdeen, Douglas},
  booktitle = {Advances in Neural Information Processing Systems 18 (NIPS)},
  editor = {Weiss, Y. and Schölkopf, B. and Platt, J.},
  month = {December},
  note = {<https://proceedings.neurips.cc/paper_files/paper/2005/file/dba31bb5c75992690f20c2d3b370ec7c-Paper.pdf>},
  openalex = {W2095996877},
  publisher = {MIT Press},
  series = {Conference Track Proceedings},
  title = {Policy-Gradient Methods for Planning},
  volume = {18},
  year = {2005}
}

@inproceedings{ahrens2005large,
  address = {Vancouver, British Columbia, Canada},
  author = {Ahrens, Misha and Paninski, Liam and Huys, Quentin},
  booktitle = {Advances in Neural Information Processing Systems 18 (NIPS)},
  editor = {Y. Weiss and B. Schölkopf and J. Platt},
  month = {December},
  note = {<https://proceedings.neurips.cc/paper_files/paper/2005/file/488c1e0332065eb80e1129139a67d6e0-Paper.pdf>},
  publisher = {MIT Press},
  series = {Conference Track Proceedings},
  title = {Large-scale biophysical parameter estimation in single neurons via constrained linear regression},
  volume = {18},
  year = {2005}
}

@inproceedings{altun2005maximum,
  address = {Vancouver, British Columbia, Canada},
  author = {Altun, Y. and McAllester, D. and Belkin, M.},
  booktitle = {Advances in Neural Information Processing Systems 18 (NIPS)},
  editor = {Weiss, Y. and Schölkopf, B. and Platt, J.},
  month = {December},
  note = {<https://proceedings.neurips.cc/paper_files/paper/2005/file/e833e042f509c996b1b25324d56659fb-Paper.pdf>},
  openalex = {W2095758845},
  publisher = {MIT Press},
  series = {Conference Track Proceedings},
  title = {Maximum Margin Semi-Supervised Learning for Structured Variables},
  volume = {18},
  year = {2005}
}

@inproceedings{alvarezhamelin2005large,
  address = {Vancouver, British Columbia, Canada},
  author = {Alvarez-Hamelin, J. and Dall’ Asta, Luca and Barrat, Alain and Vespignani, Alessandro},
  booktitle = {Advances in Neural Information Processing Systems 18 (NIPS)},
  editor = {Weiss, Y. and Schölkopf, B. and Platt, J.},
  month = {December},
  note = {<https://proceedings.neurips.cc/paper_files/paper/2005/file/b19aa25ff58940d974234b48391b9549-Paper.pdf>},
  openalex = {W2118136127},
  publisher = {MIT Press},
  series = {Conference Track Proceedings},
  title = {Large scale networks fingerprinting and visualization using the k-core decomposition},
  volume = {18},
  year = {2005}
}

@inproceedings{anderson2005fast,
  address = {Vancouver, British Columbia, Canada},
  author = {Anderson, Brigham S. and Moore, Andrew},
  booktitle = {Advances in Neural Information Processing Systems 18 (NIPS)},
  editor = {Weiss, Y. and Schölkopf, B. and Platt, J.},
  month = {December},
  note = {<https://proceedings.neurips.cc/paper_files/paper/2005/file/25ef0d887bc7a2b30089a025618e1c62-Paper.pdf>},
  openalex = {W2118582230},
  publisher = {MIT Press},
  series = {Conference Track Proceedings},
  title = {Fast Information Value for Graphical Models},
  volume = {18},
  year = {2005}
}

@inproceedings{arathorn2005cortically,
  address = {Vancouver, British Columbia, Canada},
  author = {Arathorn, David},
  booktitle = {Advances in Neural Information Processing Systems 18 (NIPS)},
  editor = {Weiss, Y. and Schölkopf, B. and Platt, J.},
  month = {December},
  note = {<https://proceedings.neurips.cc/paper_files/paper/2005/file/ec7f346604f518906d35ef0492709f78-Paper.pdf>},
  openalex = {W2152680207},
  publisher = {MIT Press},
  series = {Conference Track Proceedings},
  title = {A Cortically-Plausible Inverse Problem Solving Method Applied to Recognizing Static and Kinematic 3D Objects},
  volume = {18},
  year = {2005}
}

@inproceedings{argyriou2005combining,
  address = {Vancouver, British Columbia, Canada},
  author = {Argyriou, Andreas and Herbster, Mark and Pontil, Massimiliano},
  booktitle = {Advances in Neural Information Processing Systems 18 (NIPS)},
  editor = {Y. Weiss and B. Schölkopf and J. Platt},
  month = {December},
  note = {<https://proceedings.neurips.cc/paper_files/paper/2005/file/42853a61b26fef79e2ae788d97356799-Paper.pdf>},
  openalex = {W2133026717},
  publisher = {MIT Press},
  series = {Conference Track Proceedings},
  title = {Combining Graph Laplacians for Semi-Supervised Learning},
  volume = {18},
  year = {2005}
}

@inproceedings{arthur2005learning,
  address = {Vancouver, British Columbia, Canada},
  author = {Arthur, John V. and Boahen, Kwabena},
  booktitle = {Advances in Neural Information Processing Systems 18 (NIPS)},
  editor = {Weiss, Y. and Schölkopf, B. and Platt, J.},
  month = {December},
  note = {<https://proceedings.neurips.cc/paper_files/paper/2005/file/a226e450e214f350856e2980b6e55ac9-Paper.pdf>},
  openalex = {W2105452346},
  publisher = {MIT Press},
  series = {Conference Track Proceedings},
  title = {Learning in Silicon: Timing is Everything},
  volume = {18},
  year = {2005}
}

@inproceedings{aupetit2005learning,
  address = {Vancouver, British Columbia, Canada},
  author = {Aupetit, Michaël},
  booktitle = {Advances in Neural Information Processing Systems 18 (NIPS)},
  editor = {Y. Weiss and B. Schölkopf and J. Platt},
  month = {December},
  note = {<https://proceedings.neurips.cc/paper_files/paper/2005/file/6d19c113404cee55b4036fce1a37c058-Paper.pdf>},
  openalex = {W2144544875},
  publisher = {MIT Press},
  series = {Conference Track Proceedings},
  title = {Learning Topology with the Generative Gaussian Graph and the EM Algorithm},
  volume = {18},
  year = {2005}
}

@inproceedings{bagnell2005on,
  address = {Vancouver, British Columbia, Canada},
  author = {Bagnell, Drew and Ng, Andrew},
  booktitle = {Advances in Neural Information Processing Systems 18 (NIPS)},
  editor = {Weiss, Y. and Schölkopf, B. and Platt, J.},
  month = {December},
  note = {<https://proceedings.neurips.cc/paper_files/paper/2005/file/02180771a9b609a26dcea07f272e141f-Paper.pdf>},
  publisher = {MIT Press},
  series = {Conference Track Proceedings},
  title = {On Local Rewards and Scaling Distributed Reinforcement Learning},
  volume = {18},
  year = {2005}
}

@inproceedings{baker2005bayesian,
  address = {Vancouver, British Columbia, Canada},
  author = {Baker, Chris and Saxe, Rebecca and Tenenbaum, Joshua},
  booktitle = {Advances in Neural Information Processing Systems 18 (NIPS)},
  editor = {Weiss, Y. and Schölkopf, B. and Platt, J.},
  month = {December},
  note = {<https://proceedings.neurips.cc/paper_files/paper/2005/file/f5b1b89d98b7286673128a5fb112cb9a-Paper.pdf>},
  openalex = {W2119199958},
  publisher = {MIT Press},
  series = {Conference Track Proceedings},
  title = {Bayesian Models of Human Action Understanding},
  volume = {18},
  year = {2005}
}

@inproceedings{barber2005kernelized,
  address = {Vancouver, British Columbia, Canada},
  author = {Barber, David and Agakov, Felix},
  booktitle = {Advances in Neural Information Processing Systems 18 (NIPS)},
  editor = {Y. Weiss and B. Schölkopf and J. Platt},
  month = {December},
  note = {<https://proceedings.neurips.cc/paper_files/paper/2005/file/5dc126b503e374b0e08231344a7f493f-Paper.pdf>},
  openalex = {W2109346993},
  publisher = {MIT Press},
  series = {Conference Track Proceedings},
  title = {Kernelized Infomax Clustering},
  volume = {18},
  year = {2005}
}

@inproceedings{bengio2005convex,
  address = {Vancouver, British Columbia, Canada},
  author = {Bengio, Yoshua and Roux, Nicolas and Vincent, Pascal and Delalleau, Olivier and Marcotte, Patrice},
  booktitle = {Advances in Neural Information Processing Systems 18 (NIPS)},
  editor = {Weiss, Y. and Schölkopf, B. and Platt, J.},
  month = {December},
  note = {<https://proceedings.neurips.cc/paper_files/paper/2005/file/0fc170ecbb8ff1afb2c6de48ea5343e7-Paper.pdf>},
  openalex = {W2167967601},
  publisher = {MIT Press},
  series = {Conference Track Proceedings},
  title = {Convex Neural Networks},
  volume = {18},
  year = {2005}
}

@inproceedings{bengio2005curse,
  address = {Vancouver, British Columbia, Canada},
  author = {Bengio, Yoshua and Delalleau, Olivier and Roux, Nicolas},
  booktitle = {Advances in Neural Information Processing Systems 18 (NIPS)},
  editor = {Y. Weiss and B. Schölkopf and J. Platt},
  month = {December},
  note = {<https://proceedings.neurips.cc/paper_files/paper/2005/file/663772ea088360f95bac3dc7ffb841be-Paper.pdf>},
  publisher = {MIT Press},
  series = {Conference Track Proceedings},
  title = {The Curse of Highly Variable Functions for Local Kernel Machines},
  volume = {18},
  year = {2005}
}

@inproceedings{bengio2005non,
  address = {Vancouver, British Columbia, Canada},
  author = {Bengio, Yoshua and Larochelle, Hugo and Vincent, Pascal},
  booktitle = {Advances in Neural Information Processing Systems 18 (NIPS)},
  editor = {Weiss, Y. and Schölkopf, B. and Platt, J.},
  month = {December},
  note = {<https://proceedings.neurips.cc/paper_files/paper/2005/file/17eb7ecc4c38e4705361cccd903ad8c6-Paper.pdf>},
  openalex = {W2131672785},
  publisher = {MIT Press},
  series = {Conference Track Proceedings},
  title = {Non-Local Manifold Parzen Windows},
  volume = {18},
  year = {2005}
}

@inproceedings{blanchard2005non,
  address = {Vancouver, British Columbia, Canada},
  author = {Blanchard, Gilles and Sugiyama, Masashi and Kawanabe, Motoaki and Spokoiny, Vladimir and Müller, Klaus-Robert},
  booktitle = {Advances in Neural Information Processing Systems 18 (NIPS)},
  editor = {Weiss, Y. and Schölkopf, B. and Platt, J.},
  month = {December},
  note = {<https://proceedings.neurips.cc/paper_files/paper/2005/file/3070e6addcd702cb58de5d7897bfdae1-Paper.pdf>},
  openalex = {W2115008562},
  publisher = {MIT Press},
  series = {Conference Track Proceedings},
  title = {Non-Gaussian Component Analysis: a Semi-parametric Framework for Linear Dimension Reduction},
  volume = {18},
  year = {2005}
}

@inproceedings{blatt2005from,
  address = {Vancouver, British Columbia, Canada},
  author = {Blatt, Doron and Hero, Alfred},
  booktitle = {Advances in Neural Information Processing Systems 18 (NIPS)},
  editor = {Weiss, Y. and Schölkopf, B. and Platt, J.},
  month = {December},
  note = {<https://proceedings.neurips.cc/paper_files/paper/2005/file/fd4f21f2556dad0ea8b7a5c04eabebda-Paper.pdf>},
  openalex = {W2096556124},
  publisher = {MIT Press},
  series = {Conference Track Proceedings},
  title = {From Weighted Classification to Policy Search},
  volume = {18},
  year = {2005}
}

@inproceedings{bruce2005saliency,
  address = {Vancouver, British Columbia, Canada},
  author = {Bruce, Neil and Tsotsos, John},
  booktitle = {Advances in Neural Information Processing Systems 18 (NIPS)},
  editor = {Weiss, Y. and Schölkopf, B. and Platt, J.},
  month = {December},
  note = {<https://proceedings.neurips.cc/paper_files/paper/2005/file/0738069b244a1c43c83112b735140a16-Paper.pdf>},
  publisher = {MIT Press},
  series = {Conference Track Proceedings},
  title = {Saliency Based on Information Maximization},
  volume = {18},
  year = {2005}
}

@inproceedings{bryan2005active,
  address = {Vancouver, British Columbia, Canada},
  author = {Bryan, Brent and Nichol, Robert C. and Genovese, Christopher R. and Schneider, Jeff and Miller, Christopher J. and Wasserman, Larry},
  booktitle = {Advances in Neural Information Processing Systems 18 (NIPS)},
  editor = {Weiss, Y. and Schölkopf, B. and Platt, J.},
  month = {December},
  note = {<https://proceedings.neurips.cc/paper_files/paper/2005/file/8e930496927757aac0dbd2438cb3f4f6-Paper.pdf>},
  openalex = {W2096642565},
  publisher = {MIT Press},
  series = {Conference Track Proceedings},
  title = {Active Learning For Identifying Function Threshold Boundaries},
  volume = {18},
  year = {2005}
}

@inproceedings{celik2005gradient,
  address = {Vancouver, British Columbia, Canada},
  author = {Celik, Abdullah and Stanacevic, Milutin and Cauwenberghs, Gert},
  booktitle = {Advances in Neural Information Processing Systems 18 (NIPS)},
  editor = {Weiss, Y. and Schölkopf, B. and Platt, J.},
  month = {December},
  note = {<https://proceedings.neurips.cc/paper_files/paper/2005/file/f3b7e5d3eb074cde5b76e26bc0fb5776-Paper.pdf>},
  openalex = {W2127332917},
  publisher = {MIT Press},
  series = {Conference Track Proceedings},
  title = {Gradient Flow Independent Component Analysis in Micropower VLSI},
  volume = {18},
  year = {2005}
}

@inproceedings{cesabianchi2005improved,
  address = {Vancouver, British Columbia, Canada},
  author = {Cesa-bianchi, Nicolò and Gentile, Claudio},
  booktitle = {Advances in Neural Information Processing Systems 18 (NIPS)},
  editor = {Y. Weiss and B. Schölkopf and J. Platt},
  month = {December},
  note = {<https://proceedings.neurips.cc/paper_files/paper/2005/file/5d75b942ab4bd730bc2e819df9c9a4b5-Paper.pdf>},
  openalex = {W2046176422},
  publisher = {MIT Press},
  series = {Conference Track Proceedings},
  title = {Improved risk tail bounds for on-line algorithms},
  volume = {18},
  year = {2005}
}

@inproceedings{chan2005layered,
  address = {Vancouver, British Columbia, Canada},
  author = {Chan, Antoni and Vasconcelos, Nuno},
  booktitle = {Advances in Neural Information Processing Systems 18 (NIPS)},
  editor = {Weiss, Y. and Schölkopf, B. and Platt, J.},
  month = {December},
  note = {<https://proceedings.neurips.cc/paper_files/paper/2005/file/2bc8ae25856bc2a6a1333d1331a3b7a6-Paper.pdf>},
  openalex = {W2037769578},
  publisher = {MIT Press},
  series = {Conference Track Proceedings},
  title = {Layered Dynamic Textures},
  volume = {18},
  year = {2005}
}

@inproceedings{chen2005size,
  address = {Vancouver, British Columbia, Canada},
  author = {Chen, Yixin and Zhang, Ya and Ji, Xiang},
  booktitle = {Advances in Neural Information Processing Systems 18 (NIPS)},
  editor = {Weiss, Y. and Schölkopf, B. and Platt, J.},
  month = {December},
  note = {<https://proceedings.neurips.cc/paper_files/paper/2005/file/379a7ba015d8bf1c70b8add2c287c6fa-Paper.pdf>},
  openalex = {W2097253747},
  publisher = {MIT Press},
  series = {Conference Track Proceedings},
  title = {Size Regularized Cut for Data Clustering},
  volume = {18},
  year = {2005}
}

@inproceedings{crammer2005learning,
  address = {Vancouver, British Columbia, Canada},
  author = {Crammer, Koby and Kearns, Michael and Wortman, Jennifer},
  booktitle = {Advances in Neural Information Processing Systems 18 (NIPS)},
  editor = {Y. Weiss and B. Schölkopf and J. Platt},
  month = {December},
  note = {<https://proceedings.neurips.cc/paper_files/paper/2005/file/465636eb4a7ff4b267f3b765d07a02da-Paper.pdf>},
  openalex = {W2165503745},
  publisher = {MIT Press},
  series = {Conference Track Proceedings},
  title = {Learning from Data of Variable Quality},
  volume = {18},
  year = {2005}
}

@inproceedings{danoczy2005efficient,
  address = {Vancouver, British Columbia, Canada},
  author = {Danoczy, Marton G. and Hahnloser, Richard},
  booktitle = {Advances in Neural Information Processing Systems 18 (NIPS)},
  editor = {Weiss, Y. and Schölkopf, B. and Platt, J.},
  month = {December},
  note = {<https://proceedings.neurips.cc/paper_files/paper/2005/file/15cf76466b97264765356fcc56d801d1-Paper.pdf>},
  publisher = {MIT Press},
  series = {Conference Track Proceedings},
  title = {Efficient estimation of hidden state dynamics from spike trains},
  volume = {18},
  year = {2005}
}

@inproceedings{dasgupta2005coarse,
  address = {Vancouver, British Columbia, Canada},
  author = {Dasgupta, Sanjoy},
  booktitle = {Advances in Neural Information Processing Systems 18 (NIPS)},
  editor = {Y. Weiss and B. Schölkopf and J. Platt},
  month = {December},
  note = {<https://proceedings.neurips.cc/paper_files/paper/2005/file/6e82873a32b95af115de1c414a1849cb-Paper.pdf>},
  openalex = {W2115404432},
  publisher = {MIT Press},
  series = {Conference Track Proceedings},
  title = {Coarse sample complexity bounds for active learning},
  volume = {18},
  year = {2005}
}

@inproceedings{dayan2005norepinephrine,
  address = {Vancouver, British Columbia, Canada},
  author = {Dayan, Peter and Yu, Angela J.},
  booktitle = {Advances in Neural Information Processing Systems 18 (NIPS)},
  editor = {Weiss, Y. and Schölkopf, B. and Platt, J.},
  month = {December},
  note = {<https://proceedings.neurips.cc/paper_files/paper/2005/file/b2ea5e977c5fc1ccfa74171a9723dd61-Paper.pdf>},
  openalex = {W2109696716},
  publisher = {MIT Press},
  series = {Conference Track Proceedings},
  title = {Norepinephrine and Neural Interrupts},
  volume = {18},
  year = {2005}
}

@inproceedings{dekel2005data,
  address = {Vancouver, British Columbia, Canada},
  author = {Dekel, Ofer and Singer, Yoram},
  booktitle = {Advances in Neural Information Processing Systems 18 (NIPS)},
  editor = {Y. Weiss and B. Schölkopf and J. Platt},
  month = {December},
  note = {<https://proceedings.neurips.cc/paper_files/paper/2005/file/4a5876b450b45371f6cfe5047ac8cd45-Paper.pdf>},
  openalex = {W2148742679},
  publisher = {MIT Press},
  series = {Conference Track Proceedings},
  title = {Data-Driven Online to Batch Conversions},
  volume = {18},
  year = {2005}
}

@inproceedings{dekel2005forgetron,
  address = {Vancouver, British Columbia, Canada},
  author = {Dekel, Ofer and Shalev-Shwartz, Shai and Singer, Yoram},
  booktitle = {Advances in Neural Information Processing Systems 18 (NIPS)},
  editor = {Weiss, Y. and Schölkopf, B. and Platt, J.},
  month = {December},
  note = {<https://proceedings.neurips.cc/paper_files/paper/2005/file/c0f971d8cd24364f2029fcb9ac7b71f5-Paper.pdf>},
  openalex = {W2103736488},
  publisher = {MIT Press},
  series = {Conference Track Proceedings},
  title = {The Forgetron: A Kernel-Based Perceptron on a Fixed Budget},
  volume = {18},
  year = {2005}
}

@inproceedings{der2005beyond,
  address = {Vancouver, British Columbia, Canada},
  author = {Der, Ricky and Lee, Daniel},
  booktitle = {Advances in Neural Information Processing Systems 18 (NIPS)},
  editor = {Weiss, Y. and Schölkopf, B. and Platt, J.},
  month = {December},
  note = {<https://proceedings.neurips.cc/paper_files/paper/2005/file/e2c61965b5e23b47b77d7c51611b6d7f-Paper.pdf>},
  openalex = {W2160234213},
  publisher = {MIT Press},
  series = {Conference Track Proceedings},
  title = {Beyond Gaussian Processes: On the Distributions of Infinite Networks},
  volume = {18},
  year = {2005}
}

@inproceedings{diebel2005application,
  address = {Vancouver, British Columbia, Canada},
  author = {Diebel, James and Thrun, Sebastian},
  booktitle = {Advances in Neural Information Processing Systems 18 (NIPS)},
  editor = {Weiss, Y. and Schölkopf, B. and Platt, J.},
  month = {December},
  note = {<https://proceedings.neurips.cc/paper_files/paper/2005/file/353de26971b93af88da102641069b440-Paper.pdf>},
  openalex = {W2109945199},
  publisher = {MIT Press},
  series = {Conference Track Proceedings},
  title = {An Application of Markov Random Fields to Range Sensing},
  volume = {18},
  year = {2005}
}

@inproceedings{do2005transfer,
  address = {Vancouver, British Columbia, Canada},
  author = {Do, Chuong B. and Ng, Andrew Y.},
  booktitle = {Advances in Neural Information Processing Systems 18 (NIPS)},
  editor = {Weiss, Y. and Schölkopf, B. and Platt, J.},
  month = {December},
  note = {<https://proceedings.neurips.cc/paper_files/paper/2005/file/bf2fb7d1825a1df3ca308ad0bf48591e-Paper.pdf>},
  publisher = {MIT Press},
  series = {Conference Track Proceedings},
  title = {Transfer learning for text classification},
  volume = {18},
  year = {2005}
}

@inproceedings{doi2005theoretical,
  address = {Vancouver, British Columbia, Canada},
  author = {Doi, Eizaburo and Balcan, Doru and Lewicki, Michael},
  booktitle = {Advances in Neural Information Processing Systems 18 (NIPS)},
  editor = {Weiss, Y. and Schölkopf, B. and Platt, J.},
  month = {December},
  note = {<https://proceedings.neurips.cc/paper_files/paper/2005/file/1a99f6821980ac99136dcd2f1e9c8740-Paper.pdf>},
  openalex = {W2112812053},
  publisher = {MIT Press},
  series = {Conference Track Proceedings},
  title = {A Theoretical Analysis of Robust Coding over Noisy Overcomplete Channels},
  volume = {18},
  year = {2005}
}

@inproceedings{dornhege2005optimizing,
  address = {Vancouver, British Columbia, Canada},
  author = {Dornhege, Guido and Blankertz, Benjamin and Krauledat, Matthias and Losch, Florian and Curio, Gabriel and Müller, Klaus-Robert},
  booktitle = {Advances in Neural Information Processing Systems 18 (NIPS)},
  editor = {Y. Weiss and B. Schölkopf and J. Platt},
  month = {December},
  note = {<https://proceedings.neurips.cc/paper_files/paper/2005/file/6e0e24295e8a86282cb559b860416812-Paper.pdf>},
  openalex = {W2128044746},
  publisher = {MIT Press},
  series = {Conference Track Proceedings},
  title = {Optimizing spatio-temporal filters for improving Brain-Computer Interfacing},
  volume = {18},
  year = {2005}
}

@inproceedings{dudik2005correcting,
  address = {Vancouver, British Columbia, Canada},
  author = {Dudík, Miroslav and Phillips, Steven and Schapire, Robert E.},
  booktitle = {Advances in Neural Information Processing Systems 18 (NIPS)},
  editor = {Weiss, Y. and Schölkopf, B. and Platt, J.},
  month = {December},
  note = {<https://proceedings.neurips.cc/paper_files/paper/2005/file/a36b0dcd1e6384abc0e1867860ad3ee3-Paper.pdf>},
  openalex = {W2158754421},
  publisher = {MIT Press},
  series = {Conference Track Proceedings},
  title = {Correcting sample selection bias in maximum entropy density estimation},
  volume = {18},
  year = {2005}
}

@inproceedings{edwards2005searching,
  address = {Vancouver, British Columbia, Canada},
  author = {Edwards, Jaety and Forsyth, David},
  booktitle = {Advances in Neural Information Processing Systems 18 (NIPS)},
  editor = {Y. Weiss and B. Schölkopf and J. Platt},
  month = {December},
  note = {<https://proceedings.neurips.cc/paper_files/paper/2005/file/6271faadeedd7626d661856b7a004e27-Paper.pdf>},
  openalex = {W2144166648},
  publisher = {MIT Press},
  series = {Conference Track Proceedings},
  title = {Searching for Character Models},
  volume = {18},
  year = {2005}
}

@inproceedings{eliazar2005hierarchical,
  address = {Vancouver, British Columbia, Canada},
  author = {Eliazar, Austin I. and Parr, Ronald},
  booktitle = {Advances in Neural Information Processing Systems 18 (NIPS)},
  editor = {Weiss, Y. and Schölkopf, B. and Platt, J.},
  month = {December},
  note = {<https://proceedings.neurips.cc/paper_files/paper/2005/file/b8b9c74ac526fffbeb2d39ab038d1cd7-Paper.pdf>},
  openalex = {W2111774168},
  publisher = {MIT Press},
  series = {Conference Track Proceedings},
  title = {Hierarchical Linear/Constant Time SLAM Using Particle Filters for Dense Maps},
  volume = {18},
  year = {2005}
}

@inproceedings{engel2005control,
  address = {Vancouver, British Columbia, Canada},
  author = {Engel, Yaakov and Szabo, Peter and Volkinshtein, Dmitry},
  booktitle = {Advances in Neural Information Processing Systems 18 (NIPS)},
  editor = {Y. Weiss and B. Schölkopf and J. Platt},
  month = {December},
  note = {<https://proceedings.neurips.cc/paper_files/paper/2005/file/5be278a9e02bed9248a4674ff62fea2c-Paper.pdf>},
  openalex = {W2159008857},
  publisher = {MIT Press},
  series = {Conference Track Proceedings},
  title = {Learning to Control an Octopus Arm with Gaussian Process Temporal Difference Methods},
  volume = {18},
  year = {2005}
}

@inproceedings{farquhar2005two,
  address = {Vancouver, British Columbia, Canada},
  author = {Farquhar, Jason and Hardoon, David and Meng, Hongying and Shawe-taylor, John and Szedmák, Sándor},
  booktitle = {Advances in Neural Information Processing Systems 18 (NIPS)},
  editor = {Y. Weiss and B. Schölkopf and J. Platt},
  month = {December},
  note = {<https://proceedings.neurips.cc/paper_files/paper/2005/file/46b2644cbdf489fac0e2d192212d206d-Paper.pdf>},
  openalex = {W2145234365},
  publisher = {MIT Press},
  series = {Conference Track Proceedings},
  title = {Two view learning: SVM-2K, Theory and Practice},
  volume = {18},
  year = {2005}
}

@inproceedings{flaherty2005robust,
  address = {Vancouver, British Columbia, Canada},
  author = {Flaherty, Patrick and Arkin, Adam and Jordan, Michael},
  booktitle = {Advances in Neural Information Processing Systems 18 (NIPS)},
  editor = {Weiss, Y. and Schölkopf, B. and Platt, J.},
  month = {December},
  note = {<https://proceedings.neurips.cc/paper_files/paper/2005/file/3953630da28e5181cffca1278517e3cf-Paper.pdf>},
  openalex = {W2156602393},
  publisher = {MIT Press},
  series = {Conference Track Proceedings},
  title = {Robust design of biological experiments},
  volume = {18},
  year = {2005}
}

@inproceedings{fleuret2005pattern,
  address = {Vancouver, British Columbia, Canada},
  author = {Fleuret, Francois and Blanchard, Gilles},
  booktitle = {Advances in Neural Information Processing Systems 18 (NIPS)},
  editor = {Weiss, Y. and Schölkopf, B. and Platt, J.},
  month = {December},
  note = {<https://proceedings.neurips.cc/paper_files/paper/2005/file/d0bb8259d8fe3c7df4554dab9d7da3c9-Paper.pdf>},
  openalex = {W2153747924},
  publisher = {MIT Press},
  series = {Conference Track Proceedings},
  title = {Pattern Recognition from One Example by Chopping},
  volume = {18},
  year = {2005}
}

@inproceedings{freitas2005fast,
  address = {Vancouver, British Columbia, Canada},
  author = {Freitas, Nando and Wang, Yang and Mahdaviani, Maryam and Lang, Dustin},
  booktitle = {Advances in Neural Information Processing Systems 18 (NIPS)},
  editor = {Weiss, Y. and Schölkopf, B. and Platt, J.},
  month = {December},
  note = {<https://proceedings.neurips.cc/paper_files/paper/2005/file/85690f81aadc1749175c187784afc9ee-Paper.pdf>},
  publisher = {MIT Press},
  series = {Conference Track Proceedings},
  title = {Fast Krylov Methods for N-Body Learning},
  volume = {18},
  year = {2005}
}

@inproceedings{frey2005mixture,
  address = {Vancouver, British Columbia, Canada},
  author = {Frey, Brendan J and Dueck, Delbert},
  booktitle = {Advances in Neural Information Processing Systems 18 (NIPS)},
  editor = {Weiss, Y. and Schölkopf, B. and Platt, J.},
  month = {December},
  note = {<https://proceedings.neurips.cc/paper_files/paper/2005/file/327708dd10d68b1361ad3addbaca01f2-Paper.pdf>},
  openalex = {W2151933617},
  publisher = {MIT Press},
  series = {Conference Track Proceedings},
  title = {Mixture Modeling by Affinity Propagation},
  volume = {18},
  year = {2005}
}

@inproceedings{fukumizu2005statistical,
  address = {Vancouver, British Columbia, Canada},
  author = {Fukumizu, Kenji and Gretton, Arthur and Bach, Francis},
  booktitle = {Advances in Neural Information Processing Systems 18 (NIPS)},
  editor = {Y. Weiss and B. Schölkopf and J. Platt},
  month = {December},
  note = {<https://proceedings.neurips.cc/paper_files/paper/2005/file/7a006957be65e608e863301eb98e1808-Paper.pdf>},
  openalex = {W2103618778},
  publisher = {MIT Press},
  series = {Conference Track Proceedings},
  title = {Statistical Convergence of Kernel CCA},
  volume = {18},
  year = {2005}
}

@inproceedings{fung2005learning,
  address = {Vancouver, British Columbia, Canada},
  author = {Fung, Glenn and Rosales, Rómer and Krishnapuram, Balaji},
  booktitle = {Advances in Neural Information Processing Systems 18 (NIPS)},
  editor = {Y. Weiss and B. Schölkopf and J. Platt},
  month = {December},
  note = {<https://proceedings.neurips.cc/paper_files/paper/2005/file/4ab52371762b735317125e6446a51e8f-Paper.pdf>},
  openalex = {W2128583507},
  publisher = {MIT Press},
  series = {Conference Track Proceedings},
  title = {Learning Rankings via Convex Hull Separation},
  volume = {18},
  year = {2005}
}

@inproceedings{gaertner2005large,
  address = {Vancouver, British Columbia, Canada},
  author = {Gärtner, Thomas and Le, Quoc and Burton, Simon and Smola, Alex J. and Vishwanathan, Vishy},
  booktitle = {Advances in Neural Information Processing Systems 18 (NIPS)},
  editor = {Y. Weiss and B. Schölkopf and J. Platt},
  month = {December},
  note = {<https://proceedings.neurips.cc/paper_files/paper/2005/file/445e1050156c6ae8c082a8422bb7dfc0-Paper.pdf>},
  publisher = {MIT Press},
  series = {Conference Track Proceedings},
  title = {Large-Scale Multiclass Transduction},
  volume = {18},
  year = {2005}
}

@inproceedings{garcez2005connectionist,
  address = {Vancouver, British Columbia, Canada},
  author = {Garcez, Artur and Lamb, Luis and Gabbay, Dov M.},
  booktitle = {Advances in Neural Information Processing Systems 18 (NIPS)},
  editor = {Weiss, Y. and Schölkopf, B. and Platt, J.},
  month = {December},
  note = {<https://proceedings.neurips.cc/paper_files/paper/2005/file/86c4ad52768c511046fea7b2d42b300c-Paper.pdf>},
  publisher = {MIT Press},
  series = {Conference Track Proceedings},
  title = {A Connectionist Model for Constructive Modal Reasoning},
  volume = {18},
  year = {2005}
}

@inproceedings{geng2005fast,
  address = {Vancouver, British Columbia, Canada},
  author = {Geng, Tao and Porr, Bernd and Wörgötter, Florentin},
  booktitle = {Advances in Neural Information Processing Systems 18 (NIPS)},
  editor = {Y. Weiss and B. Schölkopf and J. Platt},
  month = {December},
  note = {<https://proceedings.neurips.cc/paper_files/paper/2005/file/44ac09ac6a149136a4102ee4b4103ae6-Paper.pdf>},
  openalex = {W2156377376},
  publisher = {MIT Press},
  series = {Conference Track Proceedings},
  title = {Fast biped walking with a reflexive controller and real-time policy searching},
  volume = {18},
  year = {2005}
}

@inproceedings{ghahramani2005bayesian,
  address = {Vancouver, British Columbia, Canada},
  author = {Ghahramani, Zoubin and Heller, Katherine A},
  booktitle = {Advances in Neural Information Processing Systems 18 (NIPS)},
  editor = {Weiss, Y. and Schölkopf, B. and Platt, J.},
  month = {December},
  note = {<https://proceedings.neurips.cc/paper_files/paper/2005/file/182e6c2d3d78eef40e5dac7da77a748f-Paper.pdf>},
  openalex = {W2293997450},
  publisher = {MIT Press},
  series = {Conference Track Proceedings},
  title = {Bayesian Sets},
  volume = {18},
  year = {2005}
}

@inproceedings{ghahramani2005infinite,
  address = {Vancouver, British Columbia, Canada},
  author = {Ghahramani, Zoubin and Griffiths, Thomas},
  booktitle = {Advances in Neural Information Processing Systems 18 (NIPS)},
  editor = {Weiss, Y. and Schölkopf, B. and Platt, J.},
  month = {December},
  note = {<https://proceedings.neurips.cc/paper_files/paper/2005/file/2ef35a8b78b572a47f56846acbeef5d3-Paper.pdf>},
  openalex = {W2128002512},
  publisher = {MIT Press},
  series = {Conference Track Proceedings},
  title = {Infinite latent feature models and the Indian buffet process},
  volume = {18},
  year = {2005}
}

@inproceedings{giladbachrach2005query,
  address = {Vancouver, British Columbia, Canada},
  author = {Gilad-Bachrach, Ran and Navot, Amir and Tishby, Naftali},
  booktitle = {Advances in Neural Information Processing Systems 18 (NIPS)},
  editor = {Weiss, Y. and Schölkopf, B. and Platt, J.},
  month = {December},
  note = {<https://proceedings.neurips.cc/paper_files/paper/2005/file/340a39045c40d50dda207bcfdece883a-Paper.pdf>},
  openalex = {W2128076875},
  publisher = {MIT Press},
  series = {Conference Track Proceedings},
  title = {Query by Committee Made Real},
  volume = {18},
  year = {2005}
}

@inproceedings{globerson2005metric,
  address = {Vancouver, British Columbia, Canada},
  author = {Globerson, Amir and Roweis, Sam},
  booktitle = {Advances in Neural Information Processing Systems 18 (NIPS)},
  editor = {Weiss, Y. and Schölkopf, B. and Platt, J.},
  month = {December},
  note = {<https://proceedings.neurips.cc/paper_files/paper/2005/file/ad8e88c0f76fa4fc8e5474384142a00a-Paper.pdf>},
  openalex = {W2104752854},
  publisher = {MIT Press},
  series = {Conference Track Proceedings},
  title = {Metric Learning by Collapsing Classes},
  volume = {18},
  year = {2005}
}

@inproceedings{goldwater2005interpolating,
  address = {Vancouver, British Columbia, Canada},
  author = {Goldwater, Sharon and Johnson, Mark and Griffiths, Thomas},
  booktitle = {Advances in Neural Information Processing Systems 18 (NIPS)},
  editor = {Y. Weiss and B. Schölkopf and J. Platt},
  month = {December},
  note = {<https://proceedings.neurips.cc/paper_files/paper/2005/file/4b21cf96d4cf612f239a6c322b10c8fe-Paper.pdf>},
  openalex = {W2159399018},
  publisher = {MIT Press},
  series = {Conference Track Proceedings},
  title = {Interpolating between types and tokens by estimating power-law generators},
  volume = {18},
  year = {2005}
}

@inproceedings{grandvalet2005probabilistic,
  address = {Vancouver, British Columbia, Canada},
  author = {Grandvalet, Yves and Mariethoz, Johnny and Bengio, Samy},
  booktitle = {Advances in Neural Information Processing Systems 18 (NIPS)},
  editor = {Weiss, Y. and Schölkopf, B. and Platt, J.},
  month = {December},
  note = {<https://proceedings.neurips.cc/paper_files/paper/2005/file/f804d21145597e42851fa736e221da3f-Paper.pdf>},
  openalex = {W2107190016},
  publisher = {MIT Press},
  series = {Conference Track Proceedings},
  title = {A Probabilistic Interpretation of SVMs with an Application to Unbalanced Classification},
  volume = {18},
  year = {2005}
}

@inproceedings{gunter2005computing,
  address = {Vancouver, British Columbia, Canada},
  author = {Gunter, Lacey and Zhu, Ji},
  booktitle = {Advances in Neural Information Processing Systems 18 (NIPS)},
  editor = {Weiss, Y. and Schölkopf, B. and Platt, J.},
  month = {December},
  note = {<https://proceedings.neurips.cc/paper_files/paper/2005/file/1397386b7a1507535c59764a15ee0c98-Paper.pdf>},
  openalex = {W2159067232},
  publisher = {MIT Press},
  series = {Conference Track Proceedings},
  title = {Computing the Solution Path for the Regularized Support Vector Regression},
  volume = {18},
  year = {2005}
}

@inproceedings{hamze2005hot,
  address = {Vancouver, British Columbia, Canada},
  author = {Hamze, Firas and de Freitas, Nando},
  booktitle = {Advances in Neural Information Processing Systems 18 (NIPS)},
  editor = {Weiss, Y. and Schölkopf, B. and Platt, J.},
  month = {December},
  note = {<https://proceedings.neurips.cc/paper_files/paper/2005/file/d210cf373cf002a04ec72ee395f66306-Paper.pdf>},
  openalex = {W2113186741},
  publisher = {MIT Press},
  series = {Conference Track Proceedings},
  title = {Hot Coupling: A Particle Approach to Inference and Normalization on Pairwise Undirected Graphs},
  volume = {18},
  year = {2005}
}

@inproceedings{he2005laplacian,
  address = {Vancouver, British Columbia, Canada},
  author = {He, Xiaofei and Cai, Deng and Niyogi, Partha},
  booktitle = {Advances in Neural Information Processing Systems 18 (NIPS)},
  editor = {Weiss, Y. and Schölkopf, B. and Platt, J.},
  month = {December},
  note = {<https://proceedings.neurips.cc/paper_files/paper/2005/file/b5b03f06271f8917685d14cea7c6c50a-Paper.pdf>},
  openalex = {W2149620660},
  publisher = {MIT Press},
  series = {Conference Track Proceedings},
  title = {Laplacian Score for Feature Selection},
  volume = {18},
  year = {2005}
}

@inproceedings{he2005tensor,
  address = {Vancouver, British Columbia, Canada},
  author = {He, Xiaofei and Cai, Deng and Niyogi, Partha},
  booktitle = {Advances in Neural Information Processing Systems 18 (NIPS)},
  editor = {Weiss, Y. and Schölkopf, B. and Platt, J.},
  month = {December},
  note = {<https://proceedings.neurips.cc/paper_files/paper/2005/file/332647f433a1c10fa2e2ae04abfdf83e-Paper.pdf>},
  openalex = {W2131335073},
  publisher = {MIT Press},
  series = {Conference Track Proceedings},
  title = {Tensor Subspace Analysis},
  volume = {18},
  year = {2005}
}

@inproceedings{hild2005stimulus,
  address = {Vancouver, British Columbia, Canada},
  author = {Hild, Kenneth and Sekihara, Kensuke and Attias, Hagai and Nagarajan, Srikantan},
  booktitle = {Advances in Neural Information Processing Systems 18 (NIPS)},
  editor = {Weiss, Y. and Schölkopf, B. and Platt, J.},
  month = {December},
  note = {<https://proceedings.neurips.cc/paper_files/paper/2005/file/b4a721cfb62f5d19ec61575114d8a2d1-Paper.pdf>},
  openalex = {W2128923036},
  publisher = {MIT Press},
  series = {Conference Track Proceedings},
  title = {Stimulus Evoked Independent Factor Analysis of MEG Data with Large Background Activity},
  volume = {18},
  year = {2005}
}

@inproceedings{huang2005non,
  address = {Vancouver, British Columbia, Canada},
  author = {Huang, Yunsong and Jenkins, B. Keith},
  booktitle = {Advances in Neural Information Processing Systems 18 (NIPS)},
  editor = {Y. Weiss and B. Schölkopf and J. Platt},
  month = {December},
  note = {<https://proceedings.neurips.cc/paper_files/paper/2005/file/73b817090081cef1bca77232f4532c5d-Paper.pdf>},
  openalex = {W2122627658},
  publisher = {MIT Press},
  series = {Conference Track Proceedings},
  title = {Non-iterative Estimation with Perturbed Gaussian Markov Processes},
  volume = {18},
  year = {2005}
}

@inproceedings{huang2005response,
  address = {Vancouver, British Columbia, Canada},
  author = {Huang, Wentao and Jiao, Licheng and Tan, Shan and Gong, Maoguo},
  booktitle = {Advances in Neural Information Processing Systems 18 (NIPS)},
  editor = {Y. Weiss and B. Schölkopf and J. Platt},
  month = {December},
  note = {<https://proceedings.neurips.cc/paper_files/paper/2005/file/4b29fa4efe4fb7bc667c7b301b74d52d-Paper.pdf>},
  openalex = {W2169464564},
  publisher = {MIT Press},
  series = {Conference Track Proceedings},
  title = {Response Analysis of Neuronal Population with Synaptic Depression},
  volume = {18},
  year = {2005}
}

@inproceedings{hurri2005learning,
  address = {Vancouver, British Columbia, Canada},
  author = {Hurri, Jarmo},
  booktitle = {Advances in Neural Information Processing Systems 18 (NIPS)},
  editor = {Y. Weiss and B. Schölkopf and J. Platt},
  month = {December},
  note = {<https://proceedings.neurips.cc/paper_files/paper/2005/file/6c990b7aca7bc7058f5e98ea909e924b-Paper.pdf>},
  openalex = {W2131093683},
  publisher = {MIT Press},
  series = {Conference Track Proceedings},
  title = {Learning Cue-Invariant Visual Responses},
  volume = {18},
  year = {2005}
}

@inproceedings{itti2005bayesian,
  address = {Vancouver, British Columbia, Canada},
  author = {Itti, Laurent and Baldi, Pierre},
  booktitle = {Advances in Neural Information Processing Systems 18 (NIPS)},
  editor = {Weiss, Y. and Schölkopf, B. and Platt, J.},
  month = {December},
  note = {<https://proceedings.neurips.cc/paper_files/paper/2005/file/0172d289da48c48de8c5ebf3de9f7ee1-Paper.pdf>},
  openalex = {W2039546655},
  publisher = {MIT Press},
  series = {Conference Track Proceedings},
  title = {Bayesian Surprise Attracts Human Attention},
  volume = {18},
  year = {2005}
}

@inproceedings{jaeger2005efficient,
  address = {Vancouver, British Columbia, Canada},
  author = {Jaeger, Herbert and Zhao, Mingjie and Kolling, Andreas},
  booktitle = {Advances in Neural Information Processing Systems 18 (NIPS)},
  editor = {Weiss, Y. and Schölkopf, B. and Platt, J.},
  month = {December},
  note = {<https://proceedings.neurips.cc/paper_files/paper/2005/file/7e0a0209b929d097bd3e8ef30567a5c1-Paper.pdf>},
  openalex = {W2129070594},
  publisher = {MIT Press},
  series = {Conference Track Proceedings},
  title = {Efficient Estimation of OOMs},
  volume = {18},
  year = {2005}
}

@inproceedings{jain2005representing,
  address = {Vancouver, British Columbia, Canada},
  author = {Jain, Viren and Zhigulin, Valentin and Seung, H.},
  booktitle = {Advances in Neural Information Processing Systems 18 (NIPS)},
  editor = {Weiss, Y. and Schölkopf, B. and Platt, J.},
  month = {December},
  note = {<https://proceedings.neurips.cc/paper_files/paper/2005/file/370bfb31abd222b582245b977ea5f25a-Paper.pdf>},
  openalex = {W2108623295},
  publisher = {MIT Press},
  series = {Conference Track Proceedings},
  title = {Representing Part-Whole Relationships in Recurrent Neural Networks},
  volume = {18},
  year = {2005}
}

@inproceedings{jin2005probabilistic,
  address = {Vancouver, British Columbia, Canada},
  author = {Jin, Rong and Kang, Feng and Ding, Chris},
  booktitle = {Advances in Neural Information Processing Systems 18 (NIPS)},
  editor = {Weiss, Y. and Schölkopf, B. and Platt, J.},
  month = {December},
  note = {<https://proceedings.neurips.cc/paper_files/paper/2005/file/1b79b52d1bf6f71b2b1eb7ca08ed0776-Paper.pdf>},
  publisher = {MIT Press},
  series = {Conference Track Proceedings},
  title = {A Probabilistic Approach for Optimizing Spectral Clustering},
  volume = {18},
  year = {2005}
}

@inproceedings{jojic2005epitomes,
  address = {Vancouver, British Columbia, Canada},
  author = {Jojic, Nebojsa and Jojic, Vladimir and Meek, Christopher and Heckerman, David and Frey, Brendan J},
  booktitle = {Advances in Neural Information Processing Systems 18 (NIPS)},
  editor = {Y. Weiss and B. Schölkopf and J. Platt},
  month = {December},
  note = {<https://proceedings.neurips.cc/paper_files/paper/2005/file/6b8b8e3bd6ad94b985c1b1f1b7a94cb2-Paper.pdf>},
  openalex = {W2109822798},
  publisher = {MIT Press},
  series = {Conference Track Proceedings},
  title = {Using “epitomes” to model genetic diversity: Rational design of HIV vaccine cocktails},
  volume = {18},
  year = {2005}
}

@inproceedings{jolivet2005integrate,
  address = {Vancouver, British Columbia, Canada},
  author = {Jolivet, Renaud and Rauch, Alexander and Lüscher, Hans-rudolf and Gerstner, Wulfram},
  booktitle = {Advances in Neural Information Processing Systems 18 (NIPS)},
  editor = {Y. Weiss and B. Schölkopf and J. Platt},
  month = {December},
  note = {<https://proceedings.neurips.cc/paper_files/paper/2005/file/42a6845a557bef704ad8ac9cb4461d43-Paper.pdf>},
  openalex = {W2106787520},
  publisher = {MIT Press},
  series = {Conference Track Proceedings},
  title = {Integrate-and-Fire models with adaptation are good enough},
  volume = {18},
  year = {2005}
}

@inproceedings{juditsky2005generalization,
  address = {Vancouver, British Columbia, Canada},
  author = {Juditsky, Anatoli and Nazin, Alexander and Tsybakov, Alexandre and Vayatis, Nicolas},
  booktitle = {Advances in Neural Information Processing Systems 18 (NIPS)},
  editor = {Weiss, Y. and Schölkopf, B. and Platt, J.},
  month = {December},
  note = {<https://proceedings.neurips.cc/paper_files/paper/2005/file/b1300291698eadedb559786c809cc592-Paper.pdf>},
  openalex = {W2104127978},
  publisher = {MIT Press},
  series = {Conference Track Proceedings},
  title = {Generalization Error Bounds for Aggregation by Mirror Descent with Averaging},
  volume = {18},
  year = {2005}
}

@inproceedings{kakade2005from,
  address = {Vancouver, British Columbia, Canada},
  author = {Kakade, Sham and Kalai, Adam Tauman},
  booktitle = {Advances in Neural Information Processing Systems 18 (NIPS)},
  editor = {Weiss, Y. and Schölkopf, B. and Platt, J.},
  month = {December},
  note = {<https://proceedings.neurips.cc/paper_files/paper/2005/file/17693c91d9204b7a7646284bb3adb603-Paper.pdf>},
  openalex = {W2100714909},
  publisher = {MIT Press},
  series = {Conference Track Proceedings},
  title = {From Batch to Transductive Online Learning},
  volume = {18},
  year = {2005}
}

@inproceedings{kakade2005worst,
  address = {Vancouver, British Columbia, Canada},
  author = {Kakade, Sham M. and Seeger, Matthias W. and Foster, Dean P.},
  booktitle = {Advances in Neural Information Processing Systems 18 (NIPS)},
  editor = {Weiss, Y. and Schölkopf, B. and Platt, J.},
  month = {December},
  note = {<https://proceedings.neurips.cc/paper_files/paper/2005/file/952c3ff98a6acdc36497d839e31aa57c-Paper.pdf>},
  openalex = {W2151242073},
  publisher = {MIT Press},
  series = {Conference Track Proceedings},
  title = {Worst-Case Bounds for Gaussian Process Models},
  volume = {18},
  year = {2005}
}

@inproceedings{kapoor2005hyperparameter,
  address = {Vancouver, British Columbia, Canada},
  author = {Kapoor, Ashish and Ahn, Hyungil and Qi, Yuan and Picard, Rosalind},
  booktitle = {Advances in Neural Information Processing Systems 18 (NIPS)},
  editor = {Weiss, Y. and Schölkopf, B. and Platt, J.},
  month = {December},
  note = {<https://proceedings.neurips.cc/paper_files/paper/2005/file/c429429bf1f2af051f2021dc92a8ebea-Paper.pdf>},
  openalex = {W2106668826},
  publisher = {MIT Press},
  series = {Conference Track Proceedings},
  title = {Hyperparameter and Kernel Learning for Graph Based Semi-Supervised Classification},
  volume = {18},
  year = {2005}
}

@inproceedings{karklin2005is,
  address = {Vancouver, British Columbia, Canada},
  author = {Karklin, Yan and Lewicki, Michael},
  booktitle = {Advances in Neural Information Processing Systems 18 (NIPS)},
  editor = {Weiss, Y. and Schölkopf, B. and Platt, J.},
  month = {December},
  note = {<https://proceedings.neurips.cc/paper_files/paper/2005/file/a57e8915461b83adefb011530b711704-Paper.pdf>},
  openalex = {W2171966657},
  publisher = {MIT Press},
  series = {Conference Track Proceedings},
  title = {Is Early Vision Optimized for Extracting Higher-order Dependencies?},
  volume = {18},
  year = {2005}
}

@inproceedings{keerthi2005matching,
  address = {Vancouver, British Columbia, Canada},
  author = {Keerthi, Sathiya and Chu, Wei},
  booktitle = {Advances in Neural Information Processing Systems 18 (NIPS)},
  editor = {Weiss, Y. and Schölkopf, B. and Platt, J.},
  month = {December},
  note = {<https://proceedings.neurips.cc/paper_files/paper/2005/file/1ec3e7af38e33222bde173fecaef6bfa-Paper.pdf>},
  openalex = {W2169749653},
  publisher = {MIT Press},
  series = {Conference Track Proceedings},
  title = {A matching pursuit approach to sparse Gaussian process regression},
  volume = {18},
  year = {2005}
}

@inproceedings{keller2005benchmarking,
  address = {Vancouver, British Columbia, Canada},
  author = {Keller, Mikaela and Bengio, Samy and Wong, Siew},
  booktitle = {Advances in Neural Information Processing Systems 18 (NIPS)},
  editor = {Weiss, Y. and Schölkopf, B. and Platt, J.},
  month = {December},
  note = {<https://proceedings.neurips.cc/paper_files/paper/2005/file/eb9fc349601c69352c859c1faa287874-Paper.pdf>},
  publisher = {MIT Press},
  series = {Conference Track Proceedings},
  title = {Benchmarking Non-Parametric Statistical Tests},
  volume = {18},
  year = {2005}
}

@inproceedings{kim2005robust,
  address = {Vancouver, British Columbia, Canada},
  author = {Kim, Seung-jean and Magnani, Alessandro and Boyd, Stephen},
  booktitle = {Advances in Neural Information Processing Systems 18 (NIPS)},
  editor = {Weiss, Y. and Schölkopf, B. and Platt, J.},
  month = {December},
  note = {<https://proceedings.neurips.cc/paper_files/paper/2005/file/1264a061d82a2edae1574b07249800d6-Paper.pdf>},
  openalex = {W2123157895},
  publisher = {MIT Press},
  series = {Conference Track Proceedings},
  title = {Robust Fisher Discriminant Analysis},
  volume = {18},
  year = {2005}
}

@inproceedings{klinkner2005measuring,
  address = {Vancouver, British Columbia, Canada},
  author = {Klinkner, Kristina and Shalizi, Cosma and Camperi, Marcelo},
  booktitle = {Advances in Neural Information Processing Systems 18 (NIPS)},
  editor = {Weiss, Y. and Schölkopf, B. and Platt, J.},
  month = {December},
  note = {<https://proceedings.neurips.cc/paper_files/paper/2005/file/12a1d073d5ed3fa12169c67c4e2ce415-Paper.pdf>},
  publisher = {MIT Press},
  series = {Conference Track Proceedings},
  title = {Measuring Shared Information and Coordinated Activity in Neuronal Networks},
  volume = {18},
  year = {2005}
}

@inproceedings{kreidl2005inference,
  address = {Vancouver, British Columbia, Canada},
  author = {Kreidl, O. and Willsky, Alan},
  booktitle = {Advances in Neural Information Processing Systems 18 (NIPS)},
  editor = {Weiss, Y. and Schölkopf, B. and Platt, J.},
  month = {December},
  note = {<https://proceedings.neurips.cc/paper_files/paper/2005/file/227f6afd3b7f89b96c4bb91f95d50f6d-Paper.pdf>},
  openalex = {W2108030590},
  publisher = {MIT Press},
  series = {Conference Track Proceedings},
  title = {Inference with Minimal Communication: a Decision-Theoretic Variational Approach},
  volume = {18},
  year = {2005}
}

@inproceedings{krupka2005generalization,
  address = {Vancouver, British Columbia, Canada},
  author = {Krupka, Eyal and Tishby, Naftali},
  booktitle = {Advances in Neural Information Processing Systems 18 (NIPS)},
  editor = {Weiss, Y. and Schölkopf, B. and Platt, J.},
  month = {December},
  note = {<https://proceedings.neurips.cc/paper_files/paper/2005/file/e8f2779682fd11fa2067beffc27a9192-Paper.pdf>},
  openalex = {W2107996537},
  publisher = {MIT Press},
  series = {Conference Track Proceedings},
  title = {Generalization in Clustering with Unobserved Features},
  volume = {18},
  year = {2005}
}

@inproceedings{kubica2005variable,
  address = {Vancouver, British Columbia, Canada},
  author = {Kubica, Jeremy and Masiero, Joseph and Jedicke, Robert and Connolly, Andrew and Moore, Andrew},
  booktitle = {Advances in Neural Information Processing Systems 18 (NIPS)},
  editor = {Weiss, Y. and Schölkopf, B. and Platt, J.},
  month = {December},
  note = {<https://proceedings.neurips.cc/paper_files/paper/2005/file/e924517087669cf201ea91bd737a4ff4-Paper.pdf>},
  openalex = {W2164633392},
  publisher = {MIT Press},
  series = {Conference Track Proceedings},
  title = {Variable KD-Tree Algorithms for Spatial Pattern Search and Discovery},
  volume = {18},
  year = {2005}
}

@inproceedings{kuss2005approximations,
  address = {Vancouver, British Columbia, Canada},
  author = {Kuss, Malte and Rasmussen, Carl},
  booktitle = {Advances in Neural Information Processing Systems 18 (NIPS)},
  editor = {Y. Weiss and B. Schölkopf and J. Platt},
  month = {December},
  note = {<https://proceedings.neurips.cc/paper_files/paper/2005/file/3c333aadfc3ee8ecb8d77ee31197d96a-Paper.pdf>},
  openalex = {W2162114812},
  publisher = {MIT Press},
  series = {Conference Track Proceedings},
  title = {Assessing Approximations for Gaussian Process Classification},
  volume = {18},
  year = {2005}
}

@inproceedings{lafferty2005correlated,
  address = {Vancouver, British Columbia, Canada},
  author = {Lafferty, John and Blei, David},
  booktitle = {Advances in Neural Information Processing Systems 18 (NIPS)},
  editor = {Weiss, Y. and Schölkopf, B. and Platt, J.},
  month = {December},
  note = {<https://proceedings.neurips.cc/paper_files/paper/2005/file/9e82757e9a1c12cb710ad680db11f6f1-Paper.pdf>},
  openalex = {W2112050062},
  publisher = {MIT Press},
  series = {Conference Track Proceedings},
  title = {Correlated Topic Models},
  volume = {18},
  year = {2005}
}

@inproceedings{lafferty2005preconditioner,
  address = {Vancouver, British Columbia, Canada},
  author = {Lafferty, John and Ravikumar, Pradeep},
  booktitle = {Advances in Neural Information Processing Systems 18 (NIPS)},
  editor = {Weiss, Y. and Schölkopf, B. and Platt, J.},
  month = {December},
  note = {<https://proceedings.neurips.cc/paper_files/paper/2005/file/e2f9247929b404b2fe98ba6f32301e3b-Paper.pdf>},
  openalex = {W2135978086},
  publisher = {MIT Press},
  series = {Conference Track Proceedings},
  title = {Preconditioner Approximations for Probabilistic Graphical Models},
  volume = {18},
  year = {2005}
}

@inproceedings{lang2005fixing,
  address = {Vancouver, British Columbia, Canada},
  author = {Lang, Kevin},
  booktitle = {Advances in Neural Information Processing Systems 18 (NIPS)},
  editor = {Weiss, Y. and Schölkopf, B. and Platt, J.},
  month = {December},
  note = {<https://proceedings.neurips.cc/paper_files/paper/2005/file/045cf83ab0722e782cf72d14e44adf98-Paper.pdf>},
  openalex = {W2098651744},
  publisher = {MIT Press},
  series = {Conference Track Proceedings},
  title = {Fixing two weaknesses of the Spectral Method},
  volume = {18},
  year = {2005}
}

@inproceedings{lange2005fusion,
  address = {Vancouver, British Columbia, Canada},
  author = {Lange, Tilman and Buhmann, Joachim},
  booktitle = {Advances in Neural Information Processing Systems 18 (NIPS)},
  editor = {Weiss, Y. and Schölkopf, B. and Platt, J.},
  month = {December},
  note = {<https://proceedings.neurips.cc/paper_files/paper/2005/file/c61f571dbd2fb949d3fe5ae1608dd48b-Paper.pdf>},
  openalex = {W2106372467},
  publisher = {MIT Press},
  series = {Conference Track Proceedings},
  title = {Fusion of Similarity Data in Clustering},
  volume = {18},
  year = {2005}
}

@inproceedings{laviolette2005pac,
  address = {Vancouver, British Columbia, Canada},
  author = {Laviolette, François and Marchand, Mario and Shah, Mohak},
  booktitle = {Advances in Neural Information Processing Systems 18 (NIPS)},
  editor = {Y. Weiss and B. Schölkopf and J. Platt},
  month = {December},
  note = {<https://proceedings.neurips.cc/paper_files/paper/2005/file/6f1d0705c91c2145201df18a1a0c7345-Paper.pdf>},
  openalex = {W2128274109},
  publisher = {MIT Press},
  series = {Conference Track Proceedings},
  title = {A PAC-Bayes approach to the Set Covering Machine},
  volume = {18},
  year = {2005}
}

@inproceedings{lee2005cmol,
  address = {Vancouver, British Columbia, Canada},
  author = {Lee, Jung Hoon and Ma, Xiaolong and Likharev, Konstantin K.},
  booktitle = {Advances in Neural Information Processing Systems 18 (NIPS)},
  editor = {Weiss, Y. and Schölkopf, B. and Platt, J.},
  month = {December},
  note = {<https://proceedings.neurips.cc/paper_files/paper/2005/file/b44afe91b8a427a6be2078cc89bd6f9b-Paper.pdf>},
  publisher = {MIT Press},
  series = {Conference Track Proceedings},
  title = {CMOL CrossNets: Possible Neuromorphic Nanoelectronic Circuits},
  volume = {18},
  year = {2005}
}

@inproceedings{lee2005dual,
  address = {Vancouver, British Columbia, Canada},
  author = {Lee, Dongryeol and Moore, Andrew and Gray, Alexander},
  booktitle = {Advances in Neural Information Processing Systems 18 (NIPS)},
  editor = {Weiss, Y. and Schölkopf, B. and Platt, J.},
  month = {December},
  note = {<https://proceedings.neurips.cc/paper_files/paper/2005/file/9087b0efc7c7acd1ef7e153678809c77-Paper.pdf>},
  openalex = {W2154011553},
  publisher = {MIT Press},
  series = {Conference Track Proceedings},
  title = {Dual-Tree Fast Gauss Transforms},
  volume = {18},
  year = {2005}
}

@inproceedings{lee2005scaling,
  address = {Vancouver, British Columbia, Canada},
  author = {Lee, Tai-sing and Potetz, Brian},
  booktitle = {Advances in Neural Information Processing Systems 18 (NIPS)},
  editor = {Weiss, Y. and Schölkopf, B. and Platt, J.},
  month = {December},
  note = {<https://proceedings.neurips.cc/paper_files/paper/2005/file/2b64c2f19d868305aa8bbc2d72902cc5-Paper.pdf>},
  openalex = {W2101665174},
  publisher = {MIT Press},
  series = {Conference Track Proceedings},
  title = {Scaling Laws in Natural Scenes and the Inference of 3D Shape},
  volume = {18},
  year = {2005}
}

@inproceedings{legenstein2005criterion,
  address = {Vancouver, British Columbia, Canada},
  author = {Legenstein, Robert and Maass, Wolfgang},
  booktitle = {Advances in Neural Information Processing Systems 18 (NIPS)},
  editor = {Weiss, Y. and Schölkopf, B. and Platt, J.},
  month = {December},
  note = {<https://proceedings.neurips.cc/paper_files/paper/2005/file/b030afbb3a8af8fb0759241c97466ee4-Paper.pdf>},
  openalex = {W2154562370},
  publisher = {MIT Press},
  series = {Conference Track Proceedings},
  title = {A Criterion for the Convergence of Learning with Spike Timing Dependent Plasticity},
  volume = {18},
  year = {2005}
}

@inproceedings{levina2005dynamical,
  address = {Vancouver, British Columbia, Canada},
  author = {Levina, Anna and Herrmann, Michael},
  booktitle = {Advances in Neural Information Processing Systems 18 (NIPS)},
  editor = {Weiss, Y. and Schölkopf, B. and Platt, J.},
  month = {December},
  note = {<https://proceedings.neurips.cc/paper_files/paper/2005/file/fc192b0c0d270dbf41870a63a8c76c2f-Paper.pdf>},
  openalex = {W2135427932},
  publisher = {MIT Press},
  series = {Conference Track Proceedings},
  title = {Dynamical Synapses Give Rise to a Power-Law Distribution of Neuronal Avalanches},
  volume = {18},
  year = {2005}
}

@inproceedings{li2005from,
  address = {Vancouver, British Columbia, Canada},
  author = {Li, Fan and Yang, Yiming and Xing, Eric},
  booktitle = {Advances in Neural Information Processing Systems 18 (NIPS)},
  editor = {Weiss, Y. and Schölkopf, B. and Platt, J.},
  month = {December},
  note = {<https://proceedings.neurips.cc/paper_files/paper/2005/file/e6cbc650cd5798a05dfd0f51d14cde5c-Paper.pdf>},
  publisher = {MIT Press},
  series = {Conference Track Proceedings},
  title = {From Lasso regression to Feature vector machine},
  volume = {18},
  year = {2005}
}

@inproceedings{liao2005location,
  address = {Vancouver, British Columbia, Canada},
  author = {Liao, Lin and Fox, Dieter and Kautz, Henry},
  booktitle = {Advances in Neural Information Processing Systems 18 (NIPS)},
  editor = {Weiss, Y. and Schölkopf, B. and Platt, J.},
  month = {December},
  note = {<https://proceedings.neurips.cc/paper_files/paper/2005/file/ef67f7c2d86352c2c42e19d20f881f53-Paper.pdf>},
  openalex = {W2138460198},
  publisher = {MIT Press},
  series = {Conference Track Proceedings},
  title = {Location-based activity recognition},
  volume = {18},
  year = {2005}
}

@inproceedings{liao2005radial,
  address = {Vancouver, British Columbia, Canada},
  author = {Liao, Xuejun and Carin, Lawrence},
  booktitle = {Advances in Neural Information Processing Systems 18 (NIPS)},
  editor = {Weiss, Y. and Schölkopf, B. and Platt, J.},
  month = {December},
  note = {<https://proceedings.neurips.cc/paper_files/paper/2005/file/c7558e9d1f956b016d1fdba7ea132378-Paper.pdf>},
  openalex = {W2160727143},
  publisher = {MIT Press},
  series = {Conference Track Proceedings},
  title = {Radial Basis Function Network for Multi-task Learning},
  volume = {18},
  year = {2005}
}

@inproceedings{lippert2005asymptotics,
  address = {Vancouver, British Columbia, Canada},
  author = {Lippert, Ross and Rifkin, Ryan},
  booktitle = {Advances in Neural Information Processing Systems 18 (NIPS)},
  editor = {Weiss, Y. and Schölkopf, B. and Platt, J.},
  month = {December},
  note = {<https://proceedings.neurips.cc/paper_files/paper/2005/file/b139aeda1c2914e3b579aafd3ceeb1bd-Paper.pdf>},
  openalex = {W2138831162},
  publisher = {MIT Press},
  series = {Conference Track Proceedings},
  title = {Asymptotics of Gaussian Regularized Least Squares},
  volume = {18},
  year = {2005}
}

@inproceedings{loeff2005efficient,
  address = {Vancouver, British Columbia, Canada},
  author = {Loeff, Nicolas and Arora, Himanshu and Sorokin, Alexander and Forsyth, David},
  booktitle = {Advances in Neural Information Processing Systems 18 (NIPS)},
  editor = {Weiss, Y. and Schölkopf, B. and Platt, J.},
  month = {December},
  note = {<https://proceedings.neurips.cc/paper_files/paper/2005/file/e27a949795bbe863f31c3b79a2686770-Paper.pdf>},
  openalex = {W2117648589},
  publisher = {MIT Press},
  series = {Conference Track Proceedings},
  title = {Efficient Unsupervised Learning for Localization and Detection in Object Categories},
  volume = {18},
  year = {2005}
}

@inproceedings{lozano2005convergence,
  address = {Vancouver, British Columbia, Canada},
  author = {Lozano, Aurelie C and Kulkarni, Sanjeev and Schapire, Robert E},
  booktitle = {Advances in Neural Information Processing Systems 18 (NIPS)},
  editor = {Weiss, Y. and Schölkopf, B. and Platt, J.},
  month = {December},
  note = {<https://proceedings.neurips.cc/paper_files/paper/2005/file/ec0bfd000f253eff3acb1043e1c06979-Paper.pdf>},
  openalex = {W2104290726},
  publisher = {MIT Press},
  series = {Conference Track Proceedings},
  title = {Convergence and Consistency of Regularized Boosting Algorithms with Stationary B-Mixing Observations},
  volume = {18},
  year = {2005}
}

@inproceedings{lu2005ideal,
  address = {Vancouver, British Columbia, Canada},
  author = {Lu, Hongjing and Yuille, Alan L},
  booktitle = {Advances in Neural Information Processing Systems 18 (NIPS)},
  editor = {Y. Weiss and B. Schölkopf and J. Platt},
  month = {December},
  note = {<https://proceedings.neurips.cc/paper_files/paper/2005/file/765d5fb115a9f6a3e0b23b80a5b2e4c4-Paper.pdf>},
  openalex = {W2152960851},
  publisher = {MIT Press},
  series = {Conference Track Proceedings},
  title = {Ideal Observers for Detecting Motion: Correspondence Noise},
  volume = {18},
  year = {2005}
}

@inproceedings{maass2005principles,
  address = {Vancouver, British Columbia, Canada},
  author = {Maass, Wolfgang and Joshi, Prashant and Sontag, Eduardo},
  booktitle = {Advances in Neural Information Processing Systems 18 (NIPS)},
  editor = {Weiss, Y. and Schölkopf, B. and Platt, J.},
  month = {December},
  note = {<https://proceedings.neurips.cc/paper_files/paper/2005/file/ef0d17b3bdb4ee2aa741ba28c7255c53-Paper.pdf>},
  openalex = {W2105401417},
  publisher = {MIT Press},
  series = {Conference Track Proceedings},
  title = {Principles of real-time computing with feedback applied to cortical microcircuit models},
  volume = {18},
  year = {2005}
}

@inproceedings{mahadevan2005value,
  address = {Vancouver, British Columbia, Canada},
  author = {Mahadevan, Sridhar and Maggioni, Mauro},
  booktitle = {Advances in Neural Information Processing Systems 18 (NIPS)},
  editor = {Weiss, Y. and Schölkopf, B. and Platt, J.},
  month = {December},
  note = {<https://proceedings.neurips.cc/paper_files/paper/2005/file/2650d6089a6d640c5e85b2b88265dc2b-Paper.pdf>},
  openalex = {W2129570755},
  publisher = {MIT Press},
  series = {Conference Track Proceedings},
  title = {Value Function Approximation with Diffusion Wavelets and Laplacian Eigenfunctions},
  volume = {18},
  year = {2005}
}

@inproceedings{malioutov2005walk,
  address = {Vancouver, British Columbia, Canada},
  author = {Malioutov, Dmitry and Willsky, Alan and Johnson, Jason},
  booktitle = {Advances in Neural Information Processing Systems 18 (NIPS)},
  editor = {Weiss, Y. and Schölkopf, B. and Platt, J.},
  month = {December},
  note = {<https://proceedings.neurips.cc/paper_files/paper/2005/file/ade55409d1224074754035a5a937d2e0-Paper.pdf>},
  openalex = {W2169406849},
  publisher = {MIT Press},
  series = {Conference Track Proceedings},
  title = {Walk-Sum Interpretation and Analysis of Gaussian Belief Propagation},
  volume = {18},
  year = {2005}
}

@inproceedings{maoz2005noise,
  address = {Vancouver, British Columbia, Canada},
  author = {Maoz, Uri and Portugaly, Elon and Flash, Tamar and Weiss, Yair},
  booktitle = {Advances in Neural Information Processing Systems 18 (NIPS)},
  editor = {Weiss, Y. and Schölkopf, B. and Platt, J.},
  month = {December},
  note = {<https://proceedings.neurips.cc/paper_files/paper/2005/file/e6af401c28c1790eaef7d55c92ab6ab6-Paper.pdf>},
  openalex = {W2137085769},
  publisher = {MIT Press},
  series = {Conference Track Proceedings},
  title = {Noise and the two-thirds power Law},
  volume = {18},
  year = {2005}
}

@inproceedings{masuda2005modeling,
  address = {Vancouver, British Columbia, Canada},
  author = {Masuda, Naoki and Amari, Shun-ichi},
  booktitle = {Advances in Neural Information Processing Systems 18 (NIPS)},
  editor = {Weiss, Y. and Schölkopf, B. and Platt, J.},
  month = {December},
  note = {<https://proceedings.neurips.cc/paper_files/paper/2005/file/efd7e9ed0e5e694ba6df444d84dfa37d-Paper.pdf>},
  publisher = {MIT Press},
  series = {Conference Track Proceedings},
  title = {Modeling Memory Transfer and Saving in Cerebellar Motor Learning},
  volume = {18},
  year = {2005}
}

@inproceedings{mcclure2005exploration,
  address = {Vancouver, British Columbia, Canada},
  author = {McClure, Samuel M. and Gilzenrat, Mark S. and Cohen, Jonathan D},
  booktitle = {Advances in Neural Information Processing Systems 18 (NIPS)},
  editor = {Weiss, Y. and Schölkopf, B. and Platt, J.},
  month = {December},
  note = {<https://proceedings.neurips.cc/paper_files/paper/2005/file/bc4e356fee1972242c8f7eabf4dff517-Paper.pdf>},
  publisher = {MIT Press},
  series = {Conference Track Proceedings},
  title = {An exploration-exploitation model based on norepinephrine and dopamine activity},
  volume = {18},
  year = {2005}
}

@inproceedings{mccracken2005online,
  address = {Vancouver, British Columbia, Canada},
  author = {Mccracken, Peter and Bowling, Michael},
  booktitle = {Advances in Neural Information Processing Systems 18 (NIPS)},
  editor = {Weiss, Y. and Schölkopf, B. and Platt, J.},
  month = {December},
  note = {<https://proceedings.neurips.cc/paper_files/paper/2005/file/c3008b2c6f5370b744850a98a95b73ad-Paper.pdf>},
  openalex = {W2163126463},
  publisher = {MIT Press},
  series = {Conference Track Proceedings},
  title = {Online Discovery and Learning of Predictive State Representations},
  volume = {18},
  year = {2005}
}

@inproceedings{meeds2005alternative,
  address = {Vancouver, British Columbia, Canada},
  author = {Meeds, Edward and Osindero, Simon},
  booktitle = {Advances in Neural Information Processing Systems 18 (NIPS)},
  editor = {Weiss, Y. and Schölkopf, B. and Platt, J.},
  month = {December},
  note = {<https://proceedings.neurips.cc/paper_files/paper/2005/file/f499d34bd87b42948b3960b8f6b82e74-Paper.pdf>},
  openalex = {W2111683289},
  publisher = {MIT Press},
  series = {Conference Track Proceedings},
  title = {An Alternative Infinite Mixture of Gaussian Process Experts},
  volume = {18},
  year = {2005}
}

@inproceedings{miura2005unbiased,
  address = {Vancouver, British Columbia, Canada},
  author = {Miura, Keiji and Okada, Masato and Amari, Shun-ichi},
  booktitle = {Advances in Neural Information Processing Systems 18 (NIPS)},
  editor = {Y. Weiss and B. Schölkopf and J. Platt},
  month = {December},
  note = {<https://proceedings.neurips.cc/paper_files/paper/2005/file/6e3197aae95c2ff8fcab35cb730f6a86-Paper.pdf>},
  publisher = {MIT Press},
  series = {Conference Track Proceedings},
  title = {Unbiased Estimator of Shape Parameter for Spiking Irregularities under Changing Environments},
  volume = {18},
  year = {2005}
}

@inproceedings{mochihashi2005context,
  address = {Vancouver, British Columbia, Canada},
  author = {Mochihashi, Daichi and Matsumoto, Yuji},
  booktitle = {Advances in Neural Information Processing Systems 18 (NIPS)},
  editor = {Weiss, Y. and Schölkopf, B. and Platt, J.},
  month = {December},
  note = {<https://proceedings.neurips.cc/paper_files/paper/2005/file/1dba5eed8838571e1c80af145184e515-Paper.pdf>},
  openalex = {W2100229817},
  publisher = {MIT Press},
  series = {Conference Track Proceedings},
  title = {Context as Filtering},
  volume = {18},
  year = {2005}
}

@inproceedings{moghaddam2005spectral,
  address = {Vancouver, British Columbia, Canada},
  author = {Moghaddam, Baback and Weiss, Yair and Avidan, Shai},
  booktitle = {Advances in Neural Information Processing Systems 18 (NIPS)},
  editor = {Weiss, Y. and Schölkopf, B. and Platt, J.},
  month = {December},
  note = {<https://proceedings.neurips.cc/paper_files/paper/2005/file/d47844673f2db74d78da8687d794523d-Paper.pdf>},
  openalex = {W2109675189},
  publisher = {MIT Press},
  series = {Conference Track Proceedings},
  title = {Spectral Bounds for Sparse PCA: Exact and Greedy Algorithms},
  volume = {18},
  year = {2005}
}

@inproceedings{mooney2005subsequence,
  address = {Vancouver, British Columbia, Canada},
  author = {Mooney, Raymond and Bunescu, Razvan},
  booktitle = {Advances in Neural Information Processing Systems 18 (NIPS)},
  editor = {Weiss, Y. and Schölkopf, B. and Platt, J.},
  month = {December},
  note = {<https://proceedings.neurips.cc/paper_files/paper/2005/file/2e0bff759d057e28460eaa5b2cb118e5-Paper.pdf>},
  openalex = {W2163362093},
  publisher = {MIT Press},
  series = {Conference Track Proceedings},
  title = {Subsequence Kernels for Relation Extraction},
  volume = {18},
  year = {2005}
}

@inproceedings{muller2005off,
  address = {Vancouver, British Columbia, Canada},
  author = {Muller, Urs and Ben, Jan and Cosatto, Eric and Flepp, Beat and Cun, Yann},
  booktitle = {Advances in Neural Information Processing Systems 18 (NIPS)},
  editor = {Weiss, Y. and Schölkopf, B. and Platt, J.},
  month = {December},
  note = {<https://proceedings.neurips.cc/paper_files/paper/2005/file/fdf1bc5669e8ff5ba45d02fded729feb-Paper.pdf>},
  openalex = {W2133233905},
  publisher = {MIT Press},
  series = {Conference Track Proceedings},
  title = {Off-Road Obstacle Avoidance through End-to-End Learning},
  volume = {18},
  year = {2005}
}

@inproceedings{murayama2005rate,
  address = {Vancouver, British Columbia, Canada},
  author = {Murayama, Tatsuto and Davis, Peter},
  booktitle = {Advances in Neural Information Processing Systems 18 (NIPS)},
  editor = {Weiss, Y. and Schölkopf, B. and Platt, J.},
  month = {December},
  note = {<https://proceedings.neurips.cc/paper_files/paper/2005/file/a3788c8c64fd65c470e23e7534c3ebc8-Paper.pdf>},
  openalex = {W2115864075},
  publisher = {MIT Press},
  series = {Conference Track Proceedings},
  title = {Rate Distortion Codes in Sensor Networks: A System-level Analysis},
  volume = {18},
  year = {2005}
}

@inproceedings{murillofuentes2005gaussian,
  address = {Vancouver, British Columbia, Canada},
  author = {Murillo-Fuentes, Juan and Caro, Sebastian and Pérez-Cruz, Fernando},
  booktitle = {Advances in Neural Information Processing Systems 18 (NIPS)},
  editor = {Weiss, Y. and Schölkopf, B. and Platt, J.},
  month = {December},
  note = {<https://proceedings.neurips.cc/paper_files/paper/2005/file/ad82140cafe816c41a9c9974e9240b7a-Paper.pdf>},
  openalex = {W2110474789},
  publisher = {MIT Press},
  series = {Conference Track Proceedings},
  title = {Gaussian Processes for Multiuser Detection in CDMA receivers},
  volume = {18},
  year = {2005}
}

@inproceedings{murray2005nested,
  address = {Vancouver, British Columbia, Canada},
  author = {Murray, Iain and MacKay, David and Ghahramani, Zoubin and Skilling, John},
  booktitle = {Advances in Neural Information Processing Systems 18 (NIPS)},
  editor = {Weiss, Y. and Schölkopf, B. and Platt, J.},
  month = {December},
  note = {<https://proceedings.neurips.cc/paper_files/paper/2005/file/9dc372713683fd865d366d5d9ee810ba-Paper.pdf>},
  openalex = {W2172046899},
  publisher = {MIT Press},
  series = {Conference Track Proceedings},
  title = {Nested sampling for Potts models},
  volume = {18},
  year = {2005}
}

@inproceedings{nadler2005diffusion,
  address = {Vancouver, British Columbia, Canada},
  author = {Nadler, Boaz and Lafon, Stephane and Kevrekidis, Ioannis and Coifman, Ronald},
  booktitle = {Advances in Neural Information Processing Systems 18 (NIPS)},
  editor = {Weiss, Y. and Schölkopf, B. and Platt, J.},
  month = {December},
  note = {<https://proceedings.neurips.cc/paper_files/paper/2005/file/2a0f97f81755e2878b264adf39cba68e-Paper.pdf>},
  openalex = {W2105549229},
  publisher = {MIT Press},
  series = {Conference Track Proceedings},
  title = {Diffusion Maps, Spectral Clustering and Eigenfunctions of Fokker-Planck Operators},
  volume = {18},
  year = {2005}
}

@inproceedings{nair2005inferring,
  address = {Vancouver, British Columbia, Canada},
  author = {Nair, Vinod and Hinton, Geoffrey E.},
  booktitle = {Advances in Neural Information Processing Systems 18 (NIPS)},
  editor = {Weiss, Y. and Schölkopf, B. and Platt, J.},
  month = {December},
  note = {<https://proceedings.neurips.cc/paper_files/paper/2005/file/8fc687aa152e8199fe9e73304d407bca-Paper.pdf>},
  openalex = {W2119985666},
  publisher = {MIT Press},
  series = {Conference Track Proceedings},
  title = {Inferring Motor Programs from Images of Handwritten Digits},
  volume = {18},
  year = {2005}
}

@inproceedings{nakashita2005analog,
  address = {Vancouver, British Columbia, Canada},
  author = {Nakashita, Yusuke and Mita, Yoshio and Shibata, Tadashi},
  booktitle = {Advances in Neural Information Processing Systems 18 (NIPS)},
  editor = {Y. Weiss and B. Schölkopf and J. Platt},
  month = {December},
  note = {<https://proceedings.neurips.cc/paper_files/paper/2005/file/6624b6d8217cf71640993409df58204f-Paper.pdf>},
  openalex = {W2132989768},
  publisher = {MIT Press},
  series = {Conference Track Proceedings},
  title = {An Analog Visual Pre-Processing Processor Employing Cyclic Line Access in Only-Nearest-Neighbor-Interconnects Architecture},
  volume = {18},
  year = {2005}
}

@inproceedings{narasimhan2005q,
  address = {Vancouver, British Columbia, Canada},
  author = {Narasimhan, Mukund and Jojic, Nebojsa and Bilmes, Jeff A.},
  booktitle = {Advances in Neural Information Processing Systems 18 (NIPS)},
  editor = {Weiss, Y. and Schölkopf, B. and Platt, J.},
  month = {December},
  note = {<https://proceedings.neurips.cc/paper_files/paper/2005/file/b0bef4c9a6e50d43880191492d4fc827-Paper.pdf>},
  openalex = {W2293768704},
  publisher = {MIT Press},
  series = {Conference Track Proceedings},
  title = {Q-Clustering},
  volume = {18},
  year = {2005}
}

@inproceedings{navalpakkam2005optimal,
  address = {Vancouver, British Columbia, Canada},
  author = {Navalpakkam, Vidhya and Itti, Laurent},
  booktitle = {Advances in Neural Information Processing Systems 18 (NIPS)},
  editor = {Weiss, Y. and Schölkopf, B. and Platt, J.},
  month = {December},
  note = {<https://proceedings.neurips.cc/paper_files/paper/2005/file/2eb5657d37f474e4c4cf01e4882b8962-Paper.pdf>},
  openalex = {W2156951449},
  publisher = {MIT Press},
  series = {Conference Track Proceedings},
  title = {Optimal cue selection strategy},
  volume = {18},
  year = {2005}
}

@inproceedings{navot2005nearest,
  address = {Vancouver, British Columbia, Canada},
  author = {Navot, Amir and Shpigelman, Lavi and Tishby, Naftali and Vaadia, Eilon},
  booktitle = {Advances in Neural Information Processing Systems 18 (NIPS)},
  editor = {Y. Weiss and B. Schölkopf and J. Platt},
  month = {December},
  note = {<https://proceedings.neurips.cc/paper_files/paper/2005/file/5a2756a3cb9cde852cad3c97e120b656-Paper.pdf>},
  openalex = {W2114987560},
  publisher = {MIT Press},
  series = {Conference Track Proceedings},
  title = {Nearest Neighbor Based Feature Selection for Regression and its Application to Neural Activity},
  volume = {18},
  year = {2005}
}

@inproceedings{neill2005bayesian,
  address = {Vancouver, British Columbia, Canada},
  author = {Neill, Daniel and Moore, Andrew and Cooper, Gregory},
  booktitle = {Advances in Neural Information Processing Systems 18 (NIPS)},
  editor = {Weiss, Y. and Schölkopf, B. and Platt, J.},
  month = {December},
  note = {<https://proceedings.neurips.cc/paper_files/paper/2005/file/28acfe2da49d2b9a7f177458256f2540-Paper.pdf>},
  openalex = {W2107579427},
  publisher = {MIT Press},
  series = {Conference Track Proceedings},
  title = {A Bayesian Spatial Scan Statistic},
  volume = {18},
  year = {2005}
}

@inproceedings{nguyen2005divergences,
  address = {Vancouver, British Columbia, Canada},
  author = {Nguyen, XuanLong and Wainwright, Martin J. and Jordan, Michael},
  booktitle = {Advances in Neural Information Processing Systems 18 (NIPS)},
  editor = {Weiss, Y. and Schölkopf, B. and Platt, J.},
  month = {December},
  note = {<https://proceedings.neurips.cc/paper_files/paper/2005/file/314450613369e0ee72d0da7f6fee773c-Paper.pdf>},
  openalex = {W2169397395},
  publisher = {MIT Press},
  series = {Conference Track Proceedings},
  title = {Divergences, surrogate loss functions and experimental design},
  volume = {18},
  year = {2005}
}

@inproceedings{niv2005fast,
  address = {Vancouver, British Columbia, Canada},
  author = {Niv, Yael and Daw, Nathaniel and Dayan, Peter},
  booktitle = {Advances in Neural Information Processing Systems 18 (NIPS)},
  editor = {Weiss, Y. and Schölkopf, B. and Platt, J.},
  month = {December},
  note = {<https://proceedings.neurips.cc/paper_files/paper/2005/file/3812f9a59b634c2a9c574610eaba5bed-Paper.pdf>},
  openalex = {W2126805559},
  publisher = {MIT Press},
  series = {Conference Track Proceedings},
  title = {How fast to work: Response vigor, motivation and tonic dopamine},
  volume = {18},
  year = {2005}
}

@inproceedings{nolte2005analyzing,
  address = {Vancouver, British Columbia, Canada},
  author = {Nolte, Guido and Ziehe, Andreas and Meinecke, Frank and Müller, Klaus-Robert},
  booktitle = {Advances in Neural Information Processing Systems 18 (NIPS)},
  editor = {Weiss, Y. and Schölkopf, B. and Platt, J.},
  month = {December},
  note = {<https://proceedings.neurips.cc/paper_files/paper/2005/file/ae587cfeea5ac21a8f1c1ea51027fef0-Paper.pdf>},
  openalex = {W2159463141},
  publisher = {MIT Press},
  series = {Conference Track Proceedings},
  title = {Analyzing Coupled Brain Sources: Distinguishing True from Spurious Interaction},
  volume = {18},
  year = {2005}
}

@inproceedings{opper2005approximate,
  address = {Vancouver, British Columbia, Canada},
  author = {Opper, Manfred},
  booktitle = {Advances in Neural Information Processing Systems 18 (NIPS)},
  editor = {Weiss, Y. and Schölkopf, B. and Platt, J.},
  month = {December},
  note = {<https://proceedings.neurips.cc/paper_files/paper/2005/file/a6db4ed04f1621a119799fd3d7545d3d-Paper.pdf>},
  openalex = {W2126549148},
  publisher = {MIT Press},
  series = {Conference Track Proceedings},
  title = {An Approximate Inference Approach for the PCA Reconstruction Error},
  volume = {18},
  year = {2005}
}

@inproceedings{orban2005bayesian,
  address = {Vancouver, British Columbia, Canada},
  author = {Orbán, Gergő and Fiser, Jozsef and Aslin, Richard N. and Lengyel, Máté},
  booktitle = {Advances in Neural Information Processing Systems 18 (NIPS)},
  editor = {Weiss, Y. and Schölkopf, B. and Platt, J.},
  month = {December},
  note = {<https://proceedings.neurips.cc/paper_files/paper/2005/file/8b3bac12926cc1d9fb5d68783376971d-Paper.pdf>},
  openalex = {W2123562323},
  publisher = {MIT Press},
  series = {Conference Track Proceedings},
  title = {Bayesian model learning in human visual perception},
  volume = {18},
  year = {2005}
}

@inproceedings{oster2005spiking,
  address = {Vancouver, British Columbia, Canada},
  author = {Oster, Matthias and Liu, Shih-Chii},
  booktitle = {Advances in Neural Information Processing Systems 18 (NIPS)},
  editor = {Weiss, Y. and Schölkopf, B. and Platt, J.},
  month = {December},
  note = {<https://proceedings.neurips.cc/paper_files/paper/2005/file/881c6efa917cff1c97a74e03e15f43e8-Paper.pdf>},
  openalex = {W2161340833},
  publisher = {MIT Press},
  series = {Conference Track Proceedings},
  title = {Spiking Inputs to a Winner-take-all Network},
  volume = {18},
  year = {2005}
}

@inproceedings{palmer2005variational,
  address = {Vancouver, British Columbia, Canada},
  author = {Palmer, Jason and Kreutz-Delgado, Kenneth and Rao, Bhaskar and Wipf, David},
  booktitle = {Advances in Neural Information Processing Systems 18 (NIPS)},
  editor = {Weiss, Y. and Schölkopf, B. and Platt, J.},
  month = {December},
  note = {<https://proceedings.neurips.cc/paper_files/paper/2005/file/25766f01628f3d34b93a36a2301dffc9-Paper.pdf>},
  openalex = {W2136870201},
  publisher = {MIT Press},
  series = {Conference Track Proceedings},
  title = {Variational EM Algorithms for Non-Gaussian Latent Variable Models},
  volume = {18},
  year = {2005}
}

@inproceedings{paninski2005nonparametric,
  address = {Vancouver, British Columbia, Canada},
  author = {Paninski, Liam},
  booktitle = {Advances in Neural Information Processing Systems 18 (NIPS)},
  editor = {Weiss, Y. and Schölkopf, B. and Platt, J.},
  month = {December},
  note = {<https://proceedings.neurips.cc/paper_files/paper/2005/file/f9fd2624beefbc7808e4e405d73f57ab-Paper.pdf>},
  openalex = {W2104510459},
  publisher = {MIT Press},
  series = {Conference Track Proceedings},
  title = {Nonparametric Inference of Prior Probabilities from Bayes-Optimal Behavior},
  volume = {18},
  year = {2005}
}

@inproceedings{pasternak2005neuronal,
  address = {Vancouver, British Columbia, Canada},
  author = {Pasternak, Ofer and Intrator, Nathan and Sochen, Nir and Assaf, Yaniv},
  booktitle = {Advances in Neural Information Processing Systems 18 (NIPS)},
  editor = {Weiss, Y. and Schölkopf, B. and Platt, J.},
  month = {December},
  note = {<https://proceedings.neurips.cc/paper_files/paper/2005/file/dfb84a11f431c62436cfb760e30a34fe-Paper.pdf>},
  openalex = {W2130026395},
  publisher = {MIT Press},
  series = {Conference Track Proceedings},
  title = {Neuronal Fiber Delineation in Area of Edema from Diffusion Weighted MRI},
  volume = {18},
  year = {2005}
}

@inproceedings{pfister2005beyond,
  address = {Vancouver, British Columbia, Canada},
  author = {Pfister, Jean-pascal and Gerstner, Wulfram},
  booktitle = {Advances in Neural Information Processing Systems 18 (NIPS)},
  editor = {Weiss, Y. and Schölkopf, B. and Platt, J.},
  month = {December},
  note = {<https://proceedings.neurips.cc/paper_files/paper/2005/file/a4666cd9e1ab0e4abf05a0fb232f4ad3-Paper.pdf>},
  openalex = {W2152917761},
  publisher = {MIT Press},
  series = {Conference Track Proceedings},
  title = {Beyond Pair-Based STDP: a Phenomenological Rule for Spike Triplet and Frequency Effects},
  volume = {18},
  year = {2005}
}

@inproceedings{precup2005off,
  address = {Vancouver, British Columbia, Canada},
  author = {Precup, Doina and Paduraru, Cosmin and Koop, Anna and Sutton, Richard S. and Singh, Satinder},
  booktitle = {Advances in Neural Information Processing Systems 18 (NIPS)},
  editor = {Weiss, Y. and Schölkopf, B. and Platt, J.},
  month = {December},
  note = {<https://proceedings.neurips.cc/paper_files/paper/2005/file/f75526659f31040afeb61cb7133e4e6d-Paper.pdf>},
  openalex = {W2115253045},
  publisher = {MIT Press},
  series = {Conference Track Proceedings},
  title = {Off-Policy Learning with Options and Recognizers},
  volume = {18},
  year = {2005}
}

@inproceedings{rafols2005temporal,
  address = {Vancouver, British Columbia, Canada},
  author = {Rafols, Eddie and Koop, Anna and Sutton, Richard S},
  booktitle = {Advances in Neural Information Processing Systems 18 (NIPS)},
  editor = {Weiss, Y. and Schölkopf, B. and Platt, J.},
  month = {December},
  note = {<https://proceedings.neurips.cc/paper_files/paper/2005/file/12311d05c9aa67765703984239511212-Paper.pdf>},
  openalex = {W2146823374},
  publisher = {MIT Press},
  series = {Conference Track Proceedings},
  title = {Temporal Abstraction in Temporal-difference Networks},
  volume = {18},
  year = {2005}
}

@inproceedings{raginsky2005estimation,
  address = {Vancouver, British Columbia, Canada},
  author = {Raginsky, Maxim and Lazebnik, Svetlana},
  booktitle = {Advances in Neural Information Processing Systems 18 (NIPS)},
  editor = {Weiss, Y. and Schölkopf, B. and Platt, J.},
  month = {December},
  note = {<https://proceedings.neurips.cc/paper_files/paper/2005/file/892c3b1c6dccd52936e27cbd0ff683d6-Paper.pdf>},
  openalex = {W2102438258},
  publisher = {MIT Press},
  series = {Conference Track Proceedings},
  title = {Estimation of Intrinsic Dimensionality Using High-Rate Vector Quantization},
  volume = {18},
  year = {2005}
}

@inproceedings{rao2005comparing,
  address = {Vancouver, British Columbia, Canada},
  author = {Rao, Bhaskar and Wipf, David},
  booktitle = {Advances in Neural Information Processing Systems 18 (NIPS)},
  editor = {Weiss, Y. and Schölkopf, B. and Platt, J.},
  month = {December},
  note = {<https://proceedings.neurips.cc/paper_files/paper/2005/file/d8e1344e27a5b08cdfd5d027d9b8d6de-Paper.pdf>},
  openalex = {W2124855287},
  publisher = {MIT Press},
  series = {Conference Track Proceedings},
  title = {Comparing the Effects of Different Weight Distributions on Finding Sparse Representations},
  volume = {18},
  year = {2005}
}

@inproceedings{ren2005cue,
  address = {Vancouver, British Columbia, Canada},
  author = {Ren, Xiaofeng and Malik, Jitendra and Fowlkes, Charless},
  booktitle = {Advances in Neural Information Processing Systems 18 (NIPS)},
  editor = {Weiss, Y. and Schölkopf, B. and Platt, J.},
  month = {December},
  note = {<https://proceedings.neurips.cc/paper_files/paper/2005/file/8e987cf1b2f1f6ffa6a43066798b4b7f-Paper.pdf>},
  openalex = {W2116773539},
  publisher = {MIT Press},
  series = {Conference Track Proceedings},
  title = {Cue Integration for Figure/Ground Labeling},
  volume = {18},
  year = {2005}
}

@inproceedings{roos2005generalization,
  address = {Vancouver, British Columbia, Canada},
  author = {Roos, Teemu and Grünwald, Peter and Myllymäki, Petri and Tirri, Henry},
  booktitle = {Advances in Neural Information Processing Systems 18 (NIPS)},
  editor = {Y. Weiss and B. Schölkopf and J. Platt},
  month = {December},
  note = {<https://proceedings.neurips.cc/paper_files/paper/2005/file/56cb94cb34617aeadff1e79b53f38354-Paper.pdf>},
  publisher = {MIT Press},
  series = {Conference Track Proceedings},
  title = {Generalization to Unseen Cases},
  volume = {18},
  year = {2005}
}

@inproceedings{roy2005consensus,
  address = {Vancouver, British Columbia, Canada},
  author = {Roy, Benjamin and Moallemi, Ciamac C.},
  booktitle = {Advances in Neural Information Processing Systems 18 (NIPS)},
  editor = {Weiss, Y. and Schölkopf, B. and Platt, J.},
  month = {December},
  note = {<https://proceedings.neurips.cc/paper_files/paper/2005/file/b31df16a88ce00fed951f24b46e08649-Paper.pdf>},
  publisher = {MIT Press},
  series = {Conference Track Proceedings},
  title = {Consensus Propagation},
  volume = {18},
  year = {2005}
}

@inproceedings{roy2005td,
  address = {Vancouver, British Columbia, Canada},
  author = {Roy, Benjamin},
  booktitle = {Advances in Neural Information Processing Systems 18 (NIPS)},
  editor = {Weiss, Y. and Schölkopf, B. and Platt, J.},
  month = {December},
  note = {<https://proceedings.neurips.cc/paper_files/paper/2005/file/f076073b2082f8741a9cd07b789c77a0-Paper.pdf>},
  publisher = {MIT Press},
  series = {Conference Track Proceedings},
  title = {TD(0) Leads to Better Policies than Approximate Value Iteration},
  volume = {18},
  year = {2005}
}

@inproceedings{rucci2005visual,
  address = {Vancouver, British Columbia, Canada},
  author = {Rucci, Michele},
  booktitle = {Advances in Neural Information Processing Systems 18 (NIPS)},
  editor = {Y. Weiss and B. Schölkopf and J. Platt},
  month = {December},
  note = {<https://proceedings.neurips.cc/paper_files/paper/2005/file/5b4130c9e891d39891289001cc97d86b-Paper.pdf>},
  openalex = {W2163119847},
  publisher = {MIT Press},
  series = {Conference Track Proceedings},
  title = {Visual Encoding with Jittering Eyes},
  volume = {18},
  year = {2005}
}

@inproceedings{sarkar2005dynamic,
  address = {Vancouver, British Columbia, Canada},
  author = {Sarkar, Purnamrita and Moore, Andrew},
  booktitle = {Advances in Neural Information Processing Systems 18 (NIPS)},
  editor = {Weiss, Y. and Schölkopf, B. and Platt, J.},
  month = {December},
  note = {<https://proceedings.neurips.cc/paper_files/paper/2005/file/ec8b57b0be908301f5748fb04b0714c7-Paper.pdf>},
  openalex = {W2039750798},
  publisher = {MIT Press},
  series = {Conference Track Proceedings},
  title = {Dynamic Social Network Analysis using Latent Space Models},
  volume = {18},
  year = {2005}
}

@inproceedings{saund2005logic,
  address = {Vancouver, British Columbia, Canada},
  author = {Saund, Eric},
  booktitle = {Advances in Neural Information Processing Systems 18 (NIPS)},
  editor = {Y. Weiss and B. Schölkopf and J. Platt},
  month = {December},
  note = {<https://proceedings.neurips.cc/paper_files/paper/2005/file/6fe131632103526e3a6e8114c78eb1e1-Paper.pdf>},
  openalex = {W2152339448},
  publisher = {MIT Press},
  series = {Conference Track Proceedings},
  title = {Logic and MRF Circuitry for Labeling Occluding and Thinline Visual Contours},
  volume = {18},
  year = {2005}
}

@inproceedings{saxena2005learning,
  address = {Vancouver, British Columbia, Canada},
  author = {Saxena, Ashutosh and Chung, Sung and Ng, Andrew},
  booktitle = {Advances in Neural Information Processing Systems 18 (NIPS)},
  editor = {Weiss, Y. and Schölkopf, B. and Platt, J.},
  month = {December},
  note = {<https://proceedings.neurips.cc/paper_files/paper/2005/file/17d8da815fa21c57af9829fb0a869602-Paper.pdf>},
  publisher = {MIT Press},
  series = {Conference Track Proceedings},
  title = {Learning Depth from Single Monocular Images},
  volume = {18},
  year = {2005}
}

@inproceedings{sayres2005identifying,
  address = {Vancouver, British Columbia, Canada},
  author = {Sayres, Rory and Ress, David and Grill-Spector, Kalanit},
  booktitle = {Advances in Neural Information Processing Systems 18 (NIPS)},
  editor = {Weiss, Y. and Schölkopf, B. and Platt, J.},
  month = {December},
  note = {<https://proceedings.neurips.cc/paper_files/paper/2005/file/0d9095b0d6bbe98ea0c9c02b11b59ee3-Paper.pdf>},
  openalex = {W2126289167},
  publisher = {MIT Press},
  series = {Conference Track Proceedings},
  title = {Identifying Distributed Object Representations in Human Extrastriate Visual Cortex},
  volume = {18},
  year = {2005}
}

@inproceedings{schaik2005vlsi,
  address = {Vancouver, British Columbia, Canada},
  author = {Schaik, Andre and Reeve, Richard and Jin, Craig and Hamilton, Tara},
  booktitle = {Advances in Neural Information Processing Systems 18 (NIPS)},
  editor = {Y. Weiss and B. Schölkopf and J. Platt},
  month = {December},
  note = {<https://proceedings.neurips.cc/paper_files/paper/2005/file/64c31821603ab476a318839606743bd6-Paper.pdf>},
  publisher = {MIT Press},
  series = {Conference Track Proceedings},
  title = {An aVLSI Cricket Ear Model},
  volume = {18},
  year = {2005}
}

@inproceedings{schmitt2005accuracy,
  address = {Vancouver, British Columbia, Canada},
  author = {Schmitt, Michael and Martignon, Laura},
  booktitle = {Advances in Neural Information Processing Systems 18 (NIPS)},
  editor = {Y. Weiss and B. Schölkopf and J. Platt},
  month = {December},
  note = {<https://proceedings.neurips.cc/paper_files/paper/2005/file/39d352b0395ba768e18f042c6e2a8621-Paper.pdf>},
  openalex = {W2126827998},
  publisher = {MIT Press},
  series = {Conference Track Proceedings},
  title = {On the Accuracy of Bounded Rationality: How Far from Optimal Is Fast and Frugal?},
  volume = {18},
  year = {2005}
}

@inproceedings{schumitsch2005information,
  address = {Vancouver, British Columbia, Canada},
  author = {Schumitsch, Brad and Thrun, Sebastian and Bradski, Gary and Olukotun, Kunle},
  booktitle = {Advances in Neural Information Processing Systems 18 (NIPS)},
  editor = {Weiss, Y. and Schölkopf, B. and Platt, J.},
  month = {December},
  note = {<https://proceedings.neurips.cc/paper_files/paper/2005/file/98d8a23fd60826a2a474c5b4f5811707-Paper.pdf>},
  openalex = {W2171744852},
  publisher = {MIT Press},
  series = {Conference Track Proceedings},
  title = {The Information-Form Data Association Filter},
  volume = {18},
  year = {2005}
}

@inproceedings{schwartz2005bayesian,
  address = {Vancouver, British Columbia, Canada},
  author = {Schwartz, Odelia and Dayan, Peter and Sejnowski, Terrence J},
  booktitle = {Advances in Neural Information Processing Systems 18 (NIPS)},
  editor = {Y. Weiss and B. Schölkopf and J. Platt},
  month = {December},
  note = {<https://proceedings.neurips.cc/paper_files/paper/2005/file/566a9968b43628588e76be5a85a0f9e8-Paper.pdf>},
  openalex = {W2126399818},
  publisher = {MIT Press},
  series = {Conference Track Proceedings},
  title = {A Bayesian Framework for Tilt Perception and Confidence},
  volume = {18},
  year = {2005}
}

@inproceedings{scott2005learning,
  address = {Vancouver, British Columbia, Canada},
  author = {Scott, Clayton and Nowak, Robert},
  booktitle = {Advances in Neural Information Processing Systems 18 (NIPS)},
  editor = {Weiss, Y. and Schölkopf, B. and Platt, J.},
  month = {December},
  note = {<https://proceedings.neurips.cc/paper_files/paper/2005/file/d3d80b656929a5bc0fa34381bf42fbdd-Paper.pdf>},
  openalex = {W2139155312},
  publisher = {MIT Press},
  series = {Conference Track Proceedings},
  title = {Learning Minimum Volume Sets},
  volume = {18},
  year = {2005}
}

@inproceedings{serranogotarredona2005aer,
  address = {Vancouver, British Columbia, Canada},
  author = {Serrano-Gotarredona, R. and Oster, M. and Lichtsteiner, P. and Linares-Barranco, A. and Paz-Vicente, R. and Gomez-Rodriguez, F. and Kolle Riis, H. and Delbruck, T. and Liu, S. C. and Zahnd, S. and Whatley, A. M. and Douglas, R. and Hafliger, P. and Jimenez-Moreno, G. and Civit, A. and Serrano-Gotarredona, T. and Acosta-Jimenez, A. and Linares-Barranco, B.},
  booktitle = {Advances in Neural Information Processing Systems 18 (NIPS)},
  editor = {Weiss, Y. and Schölkopf, B. and Platt, J.},
  month = {December},
  note = {<https://proceedings.neurips.cc/paper_files/paper/2005/file/7f018eb7b301a66658931cb8a93fd6e8-Paper.pdf>},
  openalex = {W2128644883},
  publisher = {MIT Press},
  series = {Conference Track Proceedings},
  title = {AER Building Blocks for Multi-Layer Multi-Chip Neuromorphic Vision Systems},
  volume = {18},
  year = {2005}
}

@inproceedings{shen2005fast,
  address = {Vancouver, British Columbia, Canada},
  author = {Shen, Yirong and Seeger, Matthias and Ng, Andrew},
  booktitle = {Advances in Neural Information Processing Systems 18 (NIPS)},
  editor = {Y. Weiss and B. Schölkopf and J. Platt},
  month = {December},
  note = {<https://proceedings.neurips.cc/paper_files/paper/2005/file/6775a0635c302542da2c32aa19d86be0-Paper.pdf>},
  publisher = {MIT Press},
  series = {Conference Track Proceedings},
  title = {Fast Gaussian Process Regression using KD-Trees},
  volume = {18},
  year = {2005}
}

@inproceedings{shettel2005top,
  address = {Vancouver, British Columbia, Canada},
  author = {Shettel, Michael and Vecera, Shaun and Mozer, Michael C},
  booktitle = {Advances in Neural Information Processing Systems 18 (NIPS)},
  editor = {Y. Weiss and B. Schölkopf and J. Platt},
  month = {December},
  note = {<https://proceedings.neurips.cc/paper_files/paper/2005/file/4f1f29888cabf5d45f866fe457737a23-Paper.pdf>},
  openalex = {W2165217178},
  publisher = {MIT Press},
  series = {Conference Track Proceedings},
  title = {Top-Down Control of Visual Attention: A Rational Account},
  volume = {18},
  year = {2005}
}

@inproceedings{shon2005learning,
  address = {Vancouver, British Columbia, Canada},
  author = {Shon, Aaron and Grochow, Keith and Hertzmann, Aaron and Rao, Rajesh PN},
  booktitle = {Advances in Neural Information Processing Systems 18 (NIPS)},
  editor = {Weiss, Y. and Schölkopf, B. and Platt, J.},
  month = {December},
  note = {<https://proceedings.neurips.cc/paper_files/paper/2005/file/030e65da2b1c944090548d36b244b28d-Paper.pdf>},
  openalex = {W2103510282},
  publisher = {MIT Press},
  series = {Conference Track Proceedings},
  title = {Learning Shared Latent Structure for Image Synthesis and Robotic Imitation},
  volume = {18},
  year = {2005}
}

@inproceedings{silva2005selecting,
  address = {Vancouver, British Columbia, Canada},
  author = {Silva, Jorge and Marques, Jorge and Lemos, João},
  booktitle = {Advances in Neural Information Processing Systems 18 (NIPS)},
  editor = {Y. Weiss and B. Schölkopf and J. Platt},
  month = {December},
  note = {<https://proceedings.neurips.cc/paper_files/paper/2005/file/780965ae22ea6aee11935f3fb73da841-Paper.pdf>},
  openalex = {W2143328795},
  publisher = {MIT Press},
  series = {Conference Track Proceedings},
  title = {Selecting Landmark Points for Sparse Manifold Learning},
  volume = {18},
  year = {2005}
}

@inproceedings{sminchisescu2005conditional,
  address = {Vancouver, British Columbia, Canada},
  author = {Sminchisescu, Cristian and Kanujia, Atul and Li, Zhiguo and Metaxas, Dimitris},
  booktitle = {Advances in Neural Information Processing Systems 18 (NIPS)},
  editor = {Weiss, Y. and Schölkopf, B. and Platt, J.},
  month = {December},
  note = {<https://proceedings.neurips.cc/paper_files/paper/2005/file/801fd8c2a4e79c1d24a40dc735c051ae-Paper.pdf>},
  openalex = {W2137674454},
  publisher = {MIT Press},
  series = {Conference Track Proceedings},
  title = {Conditional Visual Tracking in Kernel Space},
  volume = {18},
  year = {2005}
}

@inproceedings{snelson2005sparse,
  address = {Vancouver, British Columbia, Canada},
  author = {Snelson, Edward and Ghahramani, Zoubin},
  booktitle = {Advances in Neural Information Processing Systems 18 (NIPS)},
  editor = {Y. Weiss and B. Schölkopf and J. Platt},
  month = {December},
  note = {<https://proceedings.neurips.cc/paper_files/paper/2005/file/4491777b1aa8b5b32c2e8666dbe1a495-Paper.pdf>},
  openalex = {W2099768828},
  publisher = {MIT Press},
  series = {Conference Track Proceedings},
  title = {Sparse Gaussian Processes using Pseudo-inputs},
  volume = {18},
  year = {2005}
}

@inproceedings{song2005phase,
  address = {Vancouver, British Columbia, Canada},
  author = {Song, Le and Gordon, Evian and Gysels, Elly},
  booktitle = {Advances in Neural Information Processing Systems 18 (NIPS)},
  editor = {Weiss, Y. and Schölkopf, B. and Platt, J.},
  month = {December},
  note = {<https://proceedings.neurips.cc/paper_files/paper/2005/file/2217ad1dd50c1017d3df6b44b7c45508-Paper.pdf>},
  openalex = {W2124154068},
  publisher = {MIT Press},
  series = {Conference Track Proceedings},
  title = {Phase Synchrony Rate for the Recognition of Motor Imagery in Brain-Computer Interface},
  volume = {18},
  year = {2005}
}

@inproceedings{sonnenburg2005general,
  address = {Vancouver, British Columbia, Canada},
  author = {Sonnenburg, Sören and Rätsch, Gunnar and Schäfer, Christin},
  booktitle = {Advances in Neural Information Processing Systems 18 (NIPS)},
  editor = {Weiss, Y. and Schölkopf, B. and Platt, J.},
  month = {December},
  note = {<https://proceedings.neurips.cc/paper_files/paper/2005/file/b4944963b5c83d545c3d3022bcf03282-Paper.pdf>},
  openalex = {W2154630456},
  publisher = {MIT Press},
  series = {Conference Track Proceedings},
  title = {A General and Efficient Multiple Kernel Learning Algorithm},
  volume = {18},
  year = {2005}
}

@inproceedings{sra2005generalized,
  address = {Vancouver, British Columbia, Canada},
  author = {Sra, Suvrit and Dhillon, Inderjit},
  booktitle = {Advances in Neural Information Processing Systems 18 (NIPS)},
  editor = {Weiss, Y. and Schölkopf, B. and Platt, J.},
  month = {December},
  note = {<https://proceedings.neurips.cc/paper_files/paper/2005/file/d58e2f077670f4de9cd7963c857f2534-Paper.pdf>},
  openalex = {W2168446235},
  publisher = {MIT Press},
  series = {Conference Track Proceedings},
  title = {Generalized Nonnegative Matrix Approximations with Bregman Divergences},
  volume = {18},
  year = {2005}
}

@inproceedings{steyvers2005prediction,
  address = {Vancouver, British Columbia, Canada},
  author = {Steyvers, Mark and Brown, Scott},
  booktitle = {Advances in Neural Information Processing Systems 18 (NIPS)},
  editor = {Weiss, Y. and Schölkopf, B. and Platt, J.},
  month = {December},
  note = {<https://proceedings.neurips.cc/paper_files/paper/2005/file/c9efe5f26cd17ba6216bbe2a7d26d490-Paper.pdf>},
  openalex = {W2151632898},
  publisher = {MIT Press},
  series = {Conference Track Proceedings},
  title = {Prediction and Change Detection},
  volume = {18},
  year = {2005}
}

@inproceedings{stocker2005sensory,
  address = {Vancouver, British Columbia, Canada},
  author = {Stocker, Alan A and Simoncelli, Eero},
  booktitle = {Advances in Neural Information Processing Systems 18 (NIPS)},
  editor = {Weiss, Y. and Schölkopf, B. and Platt, J.},
  month = {December},
  note = {<https://proceedings.neurips.cc/paper_files/paper/2005/file/c68c9c8258ea7d85472dd6fd0015f047-Paper.pdf>},
  openalex = {W2128188453},
  publisher = {MIT Press},
  series = {Conference Track Proceedings},
  title = {Sensory Adaptation within a Bayesian Framework for Perception},
  volume = {18},
  year = {2005}
}

@inproceedings{sugiyama2005active,
  address = {Vancouver, British Columbia, Canada},
  author = {Sugiyama, Masashi},
  booktitle = {Advances in Neural Information Processing Systems 18 (NIPS)},
  editor = {Weiss, Y. and Schölkopf, B. and Platt, J.},
  month = {December},
  note = {<https://proceedings.neurips.cc/paper_files/paper/2005/file/0c1c995b77ea7312f887ddd9f9d35de5-Paper.pdf>},
  openalex = {W2139174822},
  publisher = {MIT Press},
  series = {Conference Track Proceedings},
  title = {Active Learning for Misspecified Models},
  volume = {18},
  year = {2005}
}

@inproceedings{suzuki2005sequence,
  address = {Vancouver, British Columbia, Canada},
  author = {Suzuki, Jun and Isozaki, Hideki},
  booktitle = {Advances in Neural Information Processing Systems 18 (NIPS)},
  editor = {Y. Weiss and B. Schölkopf and J. Platt},
  month = {December},
  note = {<https://proceedings.neurips.cc/paper_files/paper/2005/file/4e2a6330465c8ffcaa696a5a16639176-Paper.pdf>},
  openalex = {W2151787203},
  publisher = {MIT Press},
  series = {Conference Track Proceedings},
  title = {Sequence and Tree Kernels with Statistical Feature Mining},
  volume = {18},
  year = {2005}
}

@inproceedings{taba2005silicon,
  address = {Vancouver, British Columbia, Canada},
  author = {Taba, Brian and Boahen, Kwabena},
  booktitle = {Advances in Neural Information Processing Systems 18 (NIPS)},
  editor = {Weiss, Y. and Schölkopf, B. and Platt, J.},
  month = {December},
  note = {<https://proceedings.neurips.cc/paper_files/paper/2005/file/f565bb9efccaf6986443db0bf01018bc-Paper.pdf>},
  openalex = {W2138593588},
  publisher = {MIT Press},
  series = {Conference Track Proceedings},
  title = {Silicon Growth Cones Map Silicon Retina},
  volume = {18},
  year = {2005}
}

@inproceedings{tamosiunaite2005temporally,
  address = {Vancouver, British Columbia, Canada},
  author = {Tamosiunaite, Minija and Porr, Bernd and Wörgötter, Florentin},
  booktitle = {Advances in Neural Information Processing Systems 18 (NIPS)},
  editor = {Y. Weiss and B. Schölkopf and J. Platt},
  month = {December},
  note = {<https://proceedings.neurips.cc/paper_files/paper/2005/file/60243f9b1ac2dba11ff8131c8f4431e0-Paper.pdf>},
  openalex = {W2129196529},
  publisher = {MIT Press},
  series = {Conference Track Proceedings},
  title = {Temporally changing synaptic plasticity},
  volume = {18},
  year = {2005}
}

@inproceedings{taskar2005structured,
  address = {Vancouver, British Columbia, Canada},
  author = {Taskar, Ben and Lacoste-Julien, Simon and Jordan, Michael},
  booktitle = {Advances in Neural Information Processing Systems 18 (NIPS)},
  editor = {Weiss, Y. and Schölkopf, B. and Platt, J.},
  month = {December},
  note = {<https://proceedings.neurips.cc/paper_files/paper/2005/file/e465ae46b07058f4ab5e96b98f101756-Paper.pdf>},
  openalex = {W2161002641},
  publisher = {MIT Press},
  series = {Conference Track Proceedings},
  title = {Structured Prediction via the Extragradient Method},
  volume = {18},
  year = {2005}
}

@inproceedings{thrun2005affine,
  address = {Vancouver, British Columbia, Canada},
  author = {Thrun, Sebastian},
  booktitle = {Advances in Neural Information Processing Systems 18 (NIPS)},
  editor = {Weiss, Y. and Schölkopf, B. and Platt, J.},
  month = {December},
  note = {<https://proceedings.neurips.cc/paper_files/paper/2005/file/a7a3d70c6d17a73140918996d03c014f-Paper.pdf>},
  openalex = {W2168793017},
  publisher = {MIT Press},
  series = {Conference Track Proceedings},
  title = {Affine Structure From Sound},
  volume = {18},
  year = {2005}
}

@inproceedings{ting2005predicting,
  address = {Vancouver, British Columbia, Canada},
  author = {Ting, Jo-Anne and D’souza, Aaron and Yamamoto, Kenji and Yoshioka, Toshinori and Hoffman, Donna and Kakei, Shinji and Sergio, Lauren and Kalaska, John and Kawato, Mitsuo},
  booktitle = {Advances in Neural Information Processing Systems 18 (NIPS)},
  editor = {Weiss, Y. and Schölkopf, B. and Platt, J.},
  month = {December},
  note = {<https://proceedings.neurips.cc/paper_files/paper/2005/file/d71fa38b648d86602d14ac610f2e6194-Paper.pdf>},
  openalex = {W2102616768},
  publisher = {MIT Press},
  series = {Conference Track Proceedings},
  title = {Predicting EMG Data from M1 Neurons with Variational Bayesian Least Squares},
  volume = {18},
  year = {2005}
}

@inproceedings{torralba2005describing,
  address = {Vancouver, British Columbia, Canada},
  author = {Torralba, Antonio and Willsky, Alan and Sudderth, Erik and Freeman, William},
  booktitle = {Advances in Neural Information Processing Systems 18 (NIPS)},
  editor = {Weiss, Y. and Schölkopf, B. and Platt, J.},
  month = {December},
  note = {<https://proceedings.neurips.cc/paper_files/paper/2005/file/92bf5e6240737e0326ea59846a83e076-Paper.pdf>},
  openalex = {W2110717342},
  publisher = {MIT Press},
  series = {Conference Track Proceedings},
  title = {Describing Visual Scenes using Transformed Dirichlet Processes},
  volume = {18},
  year = {2005}
}

@inproceedings{usunier2005generalization,
  address = {Vancouver, British Columbia, Canada},
  author = {Usunier, Nicolas and Amini, Massih R. and Gallinari, Patrick},
  booktitle = {Advances in Neural Information Processing Systems 18 (NIPS)},
  editor = {Weiss, Y. and Schölkopf, B. and Platt, J.},
  month = {December},
  note = {<https://proceedings.neurips.cc/paper_files/paper/2005/file/894db62f7b7a6ed2f2a277dae56a017c-Paper.pdf>},
  publisher = {MIT Press},
  series = {Conference Track Proceedings},
  title = {Generalization error bounds for classifiers trained with interdependent data},
  volume = {18},
  year = {2005}
}

@inproceedings{verma2005goal,
  address = {Vancouver, British Columbia, Canada},
  author = {Verma, Deepak and Rao, Rajesh PN},
  booktitle = {Advances in Neural Information Processing Systems 18 (NIPS)},
  editor = {Weiss, Y. and Schölkopf, B. and Platt, J.},
  month = {December},
  note = {<https://proceedings.neurips.cc/paper_files/paper/2005/file/db5cea26ca37aa09e5365f3e7f5dd9eb-Paper.pdf>},
  publisher = {MIT Press},
  series = {Conference Track Proceedings},
  title = {Goal-Based Imitation as Probabilistic Inference over Graphical Models},
  volume = {18},
  year = {2005}
}

@inproceedings{vert2005consistency,
  address = {Vancouver, British Columbia, Canada},
  author = {Vert, Régis and Vert, Jean-philippe},
  booktitle = {Advances in Neural Information Processing Systems 18 (NIPS)},
  editor = {Weiss, Y. and Schölkopf, B. and Platt, J.},
  month = {December},
  note = {<https://proceedings.neurips.cc/paper_files/paper/2005/file/9a11883317fde3aef2e2432a58c86779-Paper.pdf>},
  openalex = {W2115097947},
  publisher = {MIT Press},
  series = {Conference Track Proceedings},
  title = {Consistency of one-class SVM and related algorithms},
  volume = {18},
  year = {2005}
}

@inproceedings{vert2005kernels,
  address = {Vancouver, British Columbia, Canada},
  author = {Vert, Jean-Philippe and Thurman, Robert and Noble, William},
  booktitle = {Advances in Neural Information Processing Systems 18 (NIPS)},
  editor = {Weiss, Y. and Schölkopf, B. and Platt, J.},
  month = {December},
  note = {<https://proceedings.neurips.cc/paper_files/paper/2005/file/bd1354624fbae3b2149878941c60df99-Paper.pdf>},
  publisher = {MIT Press},
  series = {Conference Track Proceedings},
  title = {Kernels for gene regulatory regions},
  volume = {18},
  year = {2005}
}

@inproceedings{wainwright2005estimating,
  address = {Vancouver, British Columbia, Canada},
  author = {Wainwright, Martin J.},
  booktitle = {Advances in Neural Information Processing Systems 18 (NIPS)},
  editor = {Weiss, Y. and Schölkopf, B. and Platt, J.},
  month = {December},
  note = {<https://proceedings.neurips.cc/paper_files/paper/2005/file/ac34ae1fda29b8fe781ac8d6d32a6bc7-Paper.pdf>},
  openalex = {W2163191289},
  publisher = {MIT Press},
  series = {Conference Track Proceedings},
  title = {Estimating the wrong Markov random field: Benefits in the computation-limited setting},
  volume = {18},
  year = {2005}
}

@inproceedings{wakin2005recovery,
  address = {Vancouver, British Columbia, Canada},
  author = {Wakin, Michael B. and Duarte, Marco and Sarvotham, Shriram and Baron, Dror and Baraniuk, Richard G.},
  booktitle = {Advances in Neural Information Processing Systems 18 (NIPS)},
  editor = {Weiss, Y. and Schölkopf, B. and Platt, J.},
  month = {December},
  note = {<https://proceedings.neurips.cc/paper_files/paper/2005/file/044a23cadb567653eb51d4eb40acaa88-Paper.pdf>},
  openalex = {W2146195822},
  publisher = {MIT Press},
  series = {Conference Track Proceedings},
  title = {Recovery of Jointly Sparse Signals from Few Random Projections},
  volume = {18},
  year = {2005}
}

@inproceedings{wang2005gaussian,
  address = {Vancouver, British Columbia, Canada},
  author = {Wang, Jack and Hertzmann, Aaron and Fleet, David J},
  booktitle = {Advances in Neural Information Processing Systems 18 (NIPS)},
  editor = {Weiss, Y. and Schölkopf, B. and Platt, J.},
  month = {December},
  note = {<https://proceedings.neurips.cc/paper_files/paper/2005/file/ccd45007df44dd0f12098f486e7e8a0f-Paper.pdf>},
  publisher = {MIT Press},
  series = {Conference Track Proceedings},
  title = {Gaussian Process Dynamical Models},
  volume = {18},
  year = {2005}
}

@inproceedings{wang2005group,
  address = {Vancouver, British Columbia, Canada},
  author = {Wang, Xuerui and Mohanty, Natasha and McCallum, Andrew},
  booktitle = {Advances in Neural Information Processing Systems 18 (NIPS)},
  editor = {Weiss, Y. and Schölkopf, B. and Platt, J.},
  month = {December},
  note = {<https://proceedings.neurips.cc/paper_files/paper/2005/file/aee92f16efd522b9326c25cc3237ac15-Paper.pdf>},
  openalex = {W2137905553},
  publisher = {MIT Press},
  series = {Conference Track Proceedings},
  title = {Group and Topic Discovery from Relations and Their Attributes},
  volume = {18},
  year = {2005}
}

@inproceedings{warmuth2005bayes,
  address = {Vancouver, British Columbia, Canada},
  author = {Warmuth, Manfred K. K},
  booktitle = {Advances in Neural Information Processing Systems 18 (NIPS)},
  editor = {Y. Weiss and B. Schölkopf and J. Platt},
  month = {December},
  note = {<https://proceedings.neurips.cc/paper_files/paper/2005/file/4191ef5f6c1576762869ac49281130c9-Paper.pdf>},
  openalex = {W2100687344},
  publisher = {MIT Press},
  series = {Conference Track Proceedings},
  title = {A Bayes Rule for Density Matrices},
  volume = {18},
  year = {2005}
}

@inproceedings{wasserman2005rodeo,
  address = {Vancouver, British Columbia, Canada},
  author = {Wasserman, Larry and Lafferty, John},
  booktitle = {Advances in Neural Information Processing Systems 18 (NIPS)},
  editor = {Weiss, Y. and Schölkopf, B. and Platt, J.},
  month = {December},
  note = {<https://proceedings.neurips.cc/paper_files/paper/2005/file/d0010a6f34908640a4a6da2389772a78-Paper.pdf>},
  openalex = {W2950953666},
  publisher = {MIT Press},
  series = {Conference Track Proceedings},
  title = {Rodeo: Sparse Nonparametric Regression in High Dimensions},
  volume = {18},
  year = {2005}
}

@inproceedings{watanabe2005variational,
  address = {Vancouver, British Columbia, Canada},
  author = {Watanabe, Kazuho and Watanabe, Sumio},
  booktitle = {Advances in Neural Information Processing Systems 18 (NIPS)},
  editor = {Weiss, Y. and Schölkopf, B. and Platt, J.},
  month = {December},
  note = {<https://proceedings.neurips.cc/paper_files/paper/2005/file/b6617980ce90f637e68c3ebe8b9be745-Paper.pdf>},
  openalex = {W2099544373},
  publisher = {MIT Press},
  series = {Conference Track Proceedings},
  title = {Variational Bayesian Stochastic Complexity of Mixture Models},
  volume = {18},
  year = {2005}
}

@inproceedings{weinberger2005distance,
  address = {Vancouver, British Columbia, Canada},
  author = {Weinberger, Kilian Q. and Blitzer, John and Saul, Lawrence},
  booktitle = {Advances in Neural Information Processing Systems 18 (NIPS)},
  editor = {Weiss, Y. and Schölkopf, B. and Platt, J.},
  month = {December},
  note = {<https://proceedings.neurips.cc/paper_files/paper/2005/file/a7f592cef8b130a6967a90617db5681b-Paper.pdf>},
  openalex = {W2130556178},
  publisher = {MIT Press},
  series = {Conference Track Proceedings},
  title = {Distance Metric Learning for Large Margin Nearest Neighbor Classification},
  volume = {18},
  year = {2005}
}

@inproceedings{weiner2005analyzing,
  address = {Vancouver, British Columbia, Canada},
  author = {Weiner, Inna and Hertz, Tomer and Nelken, Israel and Weinshall, Daphna},
  booktitle = {Advances in Neural Information Processing Systems 18 (NIPS)},
  editor = {Weiss, Y. and Schölkopf, B. and Platt, J.},
  month = {December},
  note = {<https://proceedings.neurips.cc/paper_files/paper/2005/file/9719a00ed0c5709d80dfef33795dcef3-Paper.pdf>},
  openalex = {W2151670934},
  publisher = {MIT Press},
  series = {Conference Track Proceedings},
  title = {Analyzing Auditory Neurons by Learning Distance Functions},
  volume = {18},
  year = {2005}
}

@inproceedings{weintraub2005oblivious,
  address = {Vancouver, British Columbia, Canada},
  author = {Weintraub, Gabriel Y. and Benkard, Lanier and Van Roy, Benjamin},
  booktitle = {Advances in Neural Information Processing Systems 18 (NIPS)},
  editor = {Weiss, Y. and Schölkopf, B. and Platt, J.},
  month = {December},
  note = {<https://proceedings.neurips.cc/paper_files/paper/2005/file/fb3f76858cb38e5b7fd113e0bc1c0721-Paper.pdf>},
  openalex = {W2132241089},
  publisher = {MIT Press},
  series = {Conference Track Proceedings},
  title = {Oblivious Equilibrium: A Mean Field Approximation for Large-Scale Dynamic Games},
  volume = {18},
  year = {2005}
}

@inproceedings{welling2005products,
  address = {Vancouver, British Columbia, Canada},
  author = {Welling, Max and Gehler, Peter},
  booktitle = {Advances in Neural Information Processing Systems 18 (NIPS)},
  editor = {Y. Weiss and B. Schölkopf and J. Platt},
  month = {December},
  note = {<https://proceedings.neurips.cc/paper_files/paper/2005/file/74378afe5e8b20910cf1f939e57f0480-Paper.pdf>},
  openalex = {W2161716754},
  publisher = {MIT Press},
  series = {Conference Track Proceedings},
  title = {Products of “Edge-perts”},
  volume = {18},
  year = {2005}
}

@inproceedings{wen2005active,
  address = {Vancouver, British Columbia, Canada},
  author = {Wen, Bo and Boahen, Kwabena A.},
  booktitle = {Advances in Neural Information Processing Systems 18 (NIPS)},
  editor = {Weiss, Y. and Schölkopf, B. and Platt, J.},
  month = {December},
  note = {<https://proceedings.neurips.cc/paper_files/paper/2005/file/a78482ce76496fcf49085f2190e675b4-Paper.pdf>},
  openalex = {W2151431860},
  publisher = {MIT Press},
  series = {Conference Track Proceedings},
  title = {Active Bidirectional Coupling in a Cochlear Chip},
  volume = {18},
  year = {2005}
}

@inproceedings{wielaard2005neural,
  address = {Vancouver, British Columbia, Canada},
  author = {Wielaard, Jim and Sajda, Paul},
  booktitle = {Advances in Neural Information Processing Systems 18 (NIPS)},
  editor = {Weiss, Y. and Schölkopf, B. and Platt, J.},
  month = {December},
  note = {<https://proceedings.neurips.cc/paper_files/paper/2005/file/e98741479a7b998f88b8f8c9f0b6b6f1-Paper.pdf>},
  openalex = {W2103131930},
  publisher = {MIT Press},
  series = {Conference Track Proceedings},
  title = {Neural mechanisms of contrast dependent receptive field size in V1},
  volume = {18},
  year = {2005}
}

@inproceedings{willett2005faster,
  address = {Vancouver, British Columbia, Canada},
  author = {Willett, Rebecca and Nowak, Robert and Castro, Rui},
  booktitle = {Advances in Neural Information Processing Systems 18 (NIPS)},
  editor = {Y. Weiss and B. Schölkopf and J. Platt},
  month = {December},
  note = {<https://proceedings.neurips.cc/paper_files/paper/2005/file/4ea6a546c19499318091a9df40a13181-Paper.pdf>},
  openalex = {W2160828669},
  publisher = {MIT Press},
  series = {Conference Track Proceedings},
  title = {Faster Rates in Regression via Active Learning},
  volume = {18},
  year = {2005}
}

@inproceedings{williams2005factorial,
  address = {Vancouver, British Columbia, Canada},
  author = {Williams, Christopher and Quinn, John and McIntosh, Neil},
  booktitle = {Advances in Neural Information Processing Systems 18 (NIPS)},
  editor = {Weiss, Y. and Schölkopf, B. and Platt, J.},
  month = {December},
  note = {<https://proceedings.neurips.cc/paper_files/paper/2005/file/aeefb050911334869a7a5d9e4d0e1689-Paper.pdf>},
  openalex = {W2145504747},
  publisher = {MIT Press},
  series = {Conference Track Proceedings},
  title = {Factorial Switching Kalman Filters for Condition Monitoring in Neonatal Intensive Care},
  volume = {18},
  year = {2005}
}

@inproceedings{wong2005message,
  address = {Vancouver, British Columbia, Canada},
  author = {Wong, K. Y. Michael and Saad, David and Gao, Zhuo},
  booktitle = {Advances in Neural Information Processing Systems 18 (NIPS)},
  editor = {Weiss, Y. and Schölkopf, B. and Platt, J.},
  month = {December},
  note = {<https://proceedings.neurips.cc/paper_files/paper/2005/file/dc20d1211f3e7a99d775b26052e0163e-Paper.pdf>},
  openalex = {W2106758131},
  publisher = {MIT Press},
  series = {Conference Track Proceedings},
  title = {Message passing for task redistribution on sparse graphs},
  volume = {18},
  year = {2005}
}

@inproceedings{wood2005modeling,
  address = {Vancouver, British Columbia, Canada},
  author = {Wood, Frank and Roth, Stefan and Black, Michael},
  booktitle = {Advances in Neural Information Processing Systems 18 (NIPS)},
  editor = {Y. Weiss and B. Schölkopf and J. Platt},
  month = {December},
  note = {<https://proceedings.neurips.cc/paper_files/paper/2005/file/6244b2ba957c48bc64582cf2bcec3d04-Paper.pdf>},
  openalex = {W2123601087},
  publisher = {MIT Press},
  series = {Conference Track Proceedings},
  title = {Modeling Neural Population Spiking Activity with Gibbs Distributions},
  volume = {18},
  year = {2005}
}

@inproceedings{yu2005extracting,
  address = {Vancouver, British Columbia, Canada},
  author = {Yu, Byron M and Afshar, Afsheen and Santhanam, Gopal and Ryu, Stephen and Shenoy, Krishna V and Sahani, Maneesh},
  booktitle = {Advances in Neural Information Processing Systems 18 (NIPS)},
  editor = {Y. Weiss and B. Schölkopf and J. Platt},
  month = {December},
  note = {<https://proceedings.neurips.cc/paper_files/paper/2005/file/46f76a4bda9a9579eab38a8f6eabcda1-Paper.pdf>},
  openalex = {W2156168178},
  publisher = {MIT Press},
  series = {Conference Track Proceedings},
  title = {Extracting Dynamical Structure Embedded in Neural Activity},
  volume = {18},
  year = {2005}
}

@inproceedings{yu2005online,
  address = {Vancouver, British Columbia, Canada},
  author = {Yu, Jin and Aberdeen, Douglas and Schraudolph, Nicol},
  booktitle = {Advances in Neural Information Processing Systems 18 (NIPS)},
  editor = {Y. Weiss and B. Schölkopf and J. Platt},
  month = {December},
  note = {<https://proceedings.neurips.cc/paper_files/paper/2005/file/3fc2c60b5782f641f76bcefc39fb2392-Paper.pdf>},
  openalex = {W2097568041},
  publisher = {MIT Press},
  series = {Conference Track Proceedings},
  title = {Fast Online Policy Gradient Learning with SMD Gain Vector Adaptation},
  volume = {18},
  year = {2005}
}

@inproceedings{yu2005soft,
  address = {Vancouver, British Columbia, Canada},
  author = {Yu, Kai and Yu, Shipeng and Tresp, Volker},
  booktitle = {Advances in Neural Information Processing Systems 18 (NIPS)},
  editor = {Weiss, Y. and Schölkopf, B. and Platt, J.},
  month = {December},
  note = {<https://proceedings.neurips.cc/paper_files/paper/2005/file/15c00b5250ddedaabc203b67f8b034fd-Paper.pdf>},
  openalex = {W2146058975},
  publisher = {MIT Press},
  series = {Conference Track Proceedings},
  title = {Soft Clustering on Graphs},
  volume = {18},
  year = {2005}
}

@inproceedings{yuille2005augmented,
  address = {Vancouver, British Columbia, Canada},
  author = {Yuille, Alan L},
  booktitle = {Advances in Neural Information Processing Systems 18 (NIPS)},
  editor = {Weiss, Y. and Schölkopf, B. and Platt, J.},
  month = {December},
  note = {<https://proceedings.neurips.cc/paper_files/paper/2005/file/b4fd1d2cb085390fbbadae65e07876a7-Paper.pdf>},
  openalex = {W2160324026},
  publisher = {MIT Press},
  series = {Conference Track Proceedings},
  title = {Augmented Rescorla-Wagner and Maximum Likelihood Estimation},
  volume = {18},
  year = {2005}
}

@inproceedings{zelinsky2005guiding,
  address = {Vancouver, British Columbia, Canada},
  author = {Zelinsky, Gregory and Zhang, Wei and Yu, Bing and Chen, Xin and Samaras, Dimitris},
  booktitle = {Advances in Neural Information Processing Systems 18 (NIPS)},
  editor = {Y. Weiss and B. Schölkopf and J. Platt},
  month = {December},
  note = {<https://proceedings.neurips.cc/paper_files/paper/2005/file/564645fbd0332f066cbd9d083ddd077c-Paper.pdf>},
  openalex = {W2101162742},
  publisher = {MIT Press},
  series = {Conference Track Proceedings},
  title = {The Role of Top-down and Bottom-up Processes in Guiding Eye Movements during Visual Search},
  volume = {18},
  year = {2005}
}

@inproceedings{zhang2005analysis,
  address = {Vancouver, British Columbia, Canada},
  author = {Zhang, Tong and Ando, Rie Kubota},
  booktitle = {Advances in Neural Information Processing Systems 18 (NIPS)},
  editor = {Weiss, Y. and Schölkopf, B. and Platt, J.},
  month = {December},
  note = {<https://proceedings.neurips.cc/paper_files/paper/2005/file/35c5a2cb362c4d214156f930e7d13252-Paper.pdf>},
  openalex = {W2166151737},
  publisher = {MIT Press},
  series = {Conference Track Proceedings},
  title = {Analysis of Spectral Kernel Design based Semi-supervised Learning},
  volume = {18},
  year = {2005}
}

@inproceedings{zhang2005boosting,
  address = {Vancouver, British Columbia, Canada},
  author = {Zhang, Cha and Platt, John and Viola, Paul},
  booktitle = {Advances in Neural Information Processing Systems 18 (NIPS)},
  editor = {Y. Weiss and B. Schölkopf and J. Platt},
  month = {December},
  note = {<https://proceedings.neurips.cc/paper_files/paper/2005/file/56c82ccd658e09e829f16bb99457bcbc-Paper.pdf>},
  openalex = {W2166010828},
  publisher = {MIT Press},
  series = {Conference Track Proceedings},
  title = {Multiple Instance Boosting for Object Detection},
  volume = {18},
  year = {2005}
}

@inproceedings{zhang2005computational,
  address = {Vancouver, British Columbia, Canada},
  author = {Zhang, Wei and Yang, Hyejin and Samaras, Dimitris and Zelinsky, Gregory},
  booktitle = {Advances in Neural Information Processing Systems 18 (NIPS)},
  editor = {Weiss, Y. and Schölkopf, B. and Platt, J.},
  month = {December},
  note = {<https://proceedings.neurips.cc/paper_files/paper/2005/file/e07bceab69529b0f0b43625953fbf2a0-Paper.pdf>},
  openalex = {W2099179901},
  publisher = {MIT Press},
  series = {Conference Track Proceedings},
  title = {A Computational Model of Eye Movements during Object Class Detection},
  volume = {18},
  year = {2005}
}

@inproceedings{zhang2005domain,
  address = {Vancouver, British Columbia, Canada},
  author = {Zhang, Zhenyue and Zha, Hongyuan},
  booktitle = {Advances in Neural Information Processing Systems 18 (NIPS)},
  editor = {Weiss, Y. and Schölkopf, B. and Platt, J.},
  month = {December},
  note = {<https://proceedings.neurips.cc/paper_files/paper/2005/file/d53697441ef12a45422f6660202f9840-Paper.pdf>},
  openalex = {W2158930984},
  publisher = {MIT Press},
  series = {Conference Track Proceedings},
  title = {A Domain Decomposition Method for Fast Manifold Learning},
  volume = {18},
  year = {2005}
}

@inproceedings{zhang2005learninga,
  address = {Vancouver, British Columbia, Canada},
  author = {Zhang, Jian and Ghahramani, Zoubin and Yang, Yiming},
  booktitle = {Advances in Neural Information Processing Systems 18 (NIPS)},
  editor = {Weiss, Y. and Schölkopf, B. and Platt, J.},
  month = {December},
  note = {<https://proceedings.neurips.cc/paper_files/paper/2005/file/1cd138d0499a68f4bb72bee04bbec2d7-Paper.pdf>},
  publisher = {MIT Press},
  series = {Conference Track Proceedings},
  title = {Learning Multiple Related Tasks using Latent Independent Component Analysis},
  volume = {18},
  year = {2005}
}

@inproceedings{zhang2005learningb,
  address = {Vancouver, British Columbia, Canada},
  author = {Zhang, Dong and Gatica-Perez, Daniel and Bengio, Samy and Roy, Deb},
  booktitle = {Advances in Neural Information Processing Systems 18 (NIPS)},
  editor = {Weiss, Y. and Schölkopf, B. and Platt, J.},
  month = {December},
  note = {<https://proceedings.neurips.cc/paper_files/paper/2005/file/f6c9dc70ecfd8f90ba8598aa2401cd1a-Paper.pdf>},
  openalex = {W2165061375},
  publisher = {MIT Press},
  series = {Conference Track Proceedings},
  title = {Learning Influence Among Interacting Markov Chains},
  volume = {18},
  year = {2005}
}

@inproceedings{zhang2005modeling,
  address = {Vancouver, British Columbia, Canada},
  author = {Zhang, Lei and Samaras, Dimitris and Alia-Klein, Nelly and Volkow, Nora and Goldstein, Rita},
  booktitle = {Advances in Neural Information Processing Systems 18 (NIPS)},
  editor = {Weiss, Y. and Schölkopf, B. and Platt, J.},
  month = {December},
  note = {<https://proceedings.neurips.cc/paper_files/paper/2005/file/1a6727711b84fd1efbb87fc565199d13-Paper.pdf>},
  openalex = {W2098899472},
  publisher = {MIT Press},
  series = {Conference Track Proceedings},
  title = {Modeling Neuronal Interactivity using Dynamic Bayesian Networks},
  volume = {18},
  year = {2005}
}

@inproceedings{zhang2005separation,
  address = {Vancouver, British Columbia, Canada},
  author = {Zhang, Yun-Gang and Zhang, Chang-Shui},
  booktitle = {Advances in Neural Information Processing Systems 18 (NIPS)},
  editor = {Weiss, Y. and Schölkopf, B. and Platt, J.},
  month = {December},
  note = {<https://proceedings.neurips.cc/paper_files/paper/2005/file/d3aeec875c479e55d1cdeea161842ec6-Paper.pdf>},
  openalex = {W2171153836},
  publisher = {MIT Press},
  series = {Conference Track Proceedings},
  title = {Separation of Music Signals by Harmonic Structure Modeling},
  volume = {18},
  year = {2005}
}

@inproceedings{zhu2005hierarchical,
  address = {Vancouver, British Columbia, Canada},
  author = {Zhu, Long and Yuille, Alan L.},
  booktitle = {Advances in Neural Information Processing Systems 18 (NIPS)},
  editor = {Weiss, Y. and Schölkopf, B. and Platt, J.},
  month = {December},
  note = {<https://proceedings.neurips.cc/paper_files/paper/2005/file/7f141cf8e7136ce8701dc6636c2a6fe4-Paper.pdf>},
  openalex = {W2115782586},
  publisher = {MIT Press},
  series = {Conference Track Proceedings},
  title = {A Hierarchical Compositional System for Rapid Object Detection},
  volume = {18},
  year = {2005}
}

@inproceedings{zinkevich2005cyclic,
  address = {Vancouver, British Columbia, Canada},
  author = {Zinkevich, Martin and Greenwald, Amy and Littman, Michael},
  booktitle = {Advances in Neural Information Processing Systems 18 (NIPS)},
  editor = {Weiss, Y. and Schölkopf, B. and Platt, J.},
  month = {December},
  note = {<https://proceedings.neurips.cc/paper_files/paper/2005/file/9752d873fa71c19dc602bf2a0696f9b5-Paper.pdf>},
  openalex = {W2145943204},
  publisher = {MIT Press},
  series = {Conference Track Proceedings},
  title = {Cyclic Equilibria in Markov Games},
  volume = {18},
  year = {2005}
}

@inproceedings{zwald2005on,
  address = {Vancouver, British Columbia, Canada},
  author = {Zwald, Laurent and Blanchard, Gilles},
  booktitle = {Advances in Neural Information Processing Systems 18 (NIPS)},
  editor = {Weiss, Y. and Schölkopf, B. and Platt, J.},
  month = {December},
  note = {<https://proceedings.neurips.cc/paper_files/paper/2005/file/2b6921f2c64dee16ba21ebf17f3c2c92-Paper.pdf>},
  openalex = {W2155100959},
  publisher = {MIT Press},
  series = {Conference Track Proceedings},
  title = {On the Convergence of Eigenspaces in Kernel Principal Component Analysis},
  volume = {18},
  year = {2005}
}
