@inproceedings{abbeel2006application,
  address =      {Vancouver, British Columbia, Canada},
  author =       {Abbeel, Pieter and Coates, Adam and Quigley, Morgan
                  and Ng, Andrew},
  booktitle =    {Advances in Neural Information Processing Systems 19
                  (NIPS)},
  editor =       {Schölkopf, Bernhard and Platt, John and Hoffman,
                  Tobias},
  month =        {December},
  note =
                  {\url{https://proceedings.neurips.cc/paper_files/paper/2006/file/98c39996bf1543e974747a2549b3107c-Paper.pdf}},
  publisher =    {MIT Press},
  series =       {Conference Track Proceedings},
  title =        {An Application of Reinforcement Learning to
                  Aerobatic Helicopter Flight},
  volume =       19,
  year =         2006
}

@inproceedings{ambroladze2006tighter,
  address =      {Vancouver, British Columbia, Canada},
  author =       {Ambroladze, Amiran and Parrado-Hernández, Emilio and
                  Shawe‐Taylor, John},
  booktitle =    {Advances in Neural Information Processing Systems 19
                  (NIPS)},
  editor =       {Schölkopf, B. and Platt, J. and Hoffman, T.},
  month =        {December},
  note =
                  {\url{https://proceedings.neurips.cc/paper_files/paper/2006/file/3f5ee243547dee91fbd053c1c4a845aa-Paper.pdf}},
  openalex =     {W2112065930},
  publisher =    {MIT Press},
  series =       {Conference Track Proceedings},
  title =        {Tighter PAC-Bayes Bounds},
  volume =       19,
  year =         2006
}

@inproceedings{amit2006online,
  address =      {Vancouver, British Columbia, Canada},
  author =       {Amit, Yonatan and Shalev‐Shwartz, Shai and Singer,
                  Yoram},
  booktitle =    {Advances in Neural Information Processing Systems 19
                  (NIPS)},
  editor =       {Schölkopf, B. and Platt, J. and Hoffman, T.},
  month =        {December},
  note =
                  {\url{https://proceedings.neurips.cc/paper_files/paper/2006/file/1c67df9e0a5cfefa030b853983324004-Paper.pdf}},
  openalex =     {W2102377898},
  publisher =    {MIT Press},
  series =       {Conference Track Proceedings},
  title =        {Online Classification for Complex Problems Using
                  Simultaneous Projections},
  volume =       19,
  year =         2006
}

@inproceedings{ando2006learning,
  address =      {Vancouver, British Columbia, Canada},
  author =       {Ando, Rie and Zhang, Tong},
  booktitle =    {Advances in Neural Information Processing Systems 19
                  (NIPS)},
  editor =       {Schölkopf, Bernhard and Platt, John and Hoffman,
                  Thomas},
  month =        {December},
  note =
                  {\url{https://proceedings.neurips.cc/paper_files/paper/2006/file/d87c68a56bc8eb803b44f25abb627786-Paper.pdf}},
  publisher =    {MIT Press},
  series =       {Conference Track Proceedings},
  title =        {Learning on Graph with Laplacian Regularization},
  volume =       19,
  year =         2006
}

@inproceedings{arenasgarcia2006sparse,
  address =      {Vancouver, British Columbia, Canada},
  author =       {Arenas-garcía, Jerónimo and Petersen, Kaare and
                  Hansen, Lars K.},
  booktitle =    {Advances in Neural Information Processing Systems 19
                  (NIPS)},
  editor =       {B. Schölkopf and J. Platt and T. Hoffman},
  month =        {December},
  note =
                  {\url{https://proceedings.neurips.cc/paper_files/paper/2006/file/6db291ac9963003618ca6aa15063c4d6-Paper.pdf}},
  publisher =    {MIT Press},
  series =       {Conference Track Proceedings},
  title =        {Sparse Kernel Orthonormalized PLS for Feature
                  Extraction in Large Data Sets},
  volume =       19,
  year =         2006
}

@inproceedings{argyriou2006multi,
  address =      {Vancouver, British Columbia, Canada},
  author =       {Argyriou, Andreas A. and Evgeniou, Theodoros and
                  Pontil, Massimiliano},
  booktitle =    {Advances in Neural Information Processing Systems 19
                  (NIPS)},
  editor =       {Schölkopf, B. and Platt, J. and Hoffman, T.},
  month =        {December},
  note =
                  {\url{https://proceedings.neurips.cc/paper_files/paper/2006/file/0afa92fc0f8a9cf051bf2961b06ac56b-Paper.pdf}},
  openalex =     {W2165644552},
  publisher =    {MIT Press},
  series =       {Conference Track Proceedings},
  title =        {Multi-Task Feature Learning},
  volume =       19,
  year =         2006
}

@inproceedings{auer2006logarithmic,
  address =      {Vancouver, British Columbia, Canada},
  author =       {Auer, Peter and Ortner, Ronald},
  booktitle =    {Advances in Neural Information Processing Systems 19
                  (NIPS)},
  editor =       {Schölkopf, Bernhard and Platt, John and Hoffman,
                  Thomas},
  month =        {December},
  note =
                  {\url{https://proceedings.neurips.cc/paper_files/paper/2006/file/c1b70d965ca504aa751ddb62ad69c63f-Paper.pdf}},
  openalex =     {W2097931172},
  publisher =    {MIT Press},
  series =       {Conference Track Proceedings},
  title =        {Logarithmic Online Regret Bounds for Undiscounted
                  Reinforcement Learning},
  volume =       19,
  year =         2006
}

@inproceedings{avidan2006efficient,
  address =      {Vancouver, British Columbia, Canada},
  author =       {Avidan, Shai and Butman, Moshe},
  booktitle =    {Advances in Neural Information Processing Systems 19
                  (NIPS)},
  editor =       {Schölkopf, Bernhard and Platt, John and Hoffman,
                  Thomas},
  month =        {December},
  note =
                  {\url{https://proceedings.neurips.cc/paper_files/paper/2006/file/ce60ff163cab97029cc727e20e0fc3a7-Paper.pdf}},
  openalex =     {W2151582599},
  publisher =    {MIT Press},
  series =       {Conference Track Proceedings},
  title =        {Efficient Methods for Privacy Preserving Face
                  Detection},
  volume =       19,
  year =         2006
}

@inproceedings{bach2006active,
  address =      {Vancouver, British Columbia, Canada},
  author =       {Bach, Francis},
  booktitle =    {Advances in Neural Information Processing Systems 19
                  (NIPS)},
  editor =       {Schölkopf, B. and Platt, J. and Hoffman, T.},
  month =        {December},
  note =
                  {\url{https://proceedings.neurips.cc/paper_files/paper/2006/file/3e60e09c222f206c725385f53d7e567c-Paper.pdf}},
  openalex =     {W2109033052},
  publisher =    {MIT Press},
  series =       {Conference Track Proceedings},
  title =        {Active learning for misspecified generalized linear
                  models},
  volume =       19,
  year =         2006
}

@inproceedings{bagnell2006boosting,
  address =      {Vancouver, British Columbia, Canada},
  author =       {Bagnell, J. Andrew and Chestnutt, Joel and Bradley,
                  David M. and Ratliff, Nathan},
  booktitle =    {Advances in Neural Information Processing Systems 19
                  (NIPS)},
  editor =       {B. Schölkopf and J. Platt and T. Hoffman},
  month =        {December},
  note =
                  {\url{https://proceedings.neurips.cc/paper_files/paper/2006/file/fdbd31f2027f20378b1a80125fc862db-Paper.pdf}},
  openalex =     {W2126105931},
  publisher =    {MIT Press},
  series =       {Conference Track Proceedings},
  title =        {Boosting Structured Prediction for Imitation
                  Learning},
  volume =       19,
  year =         2006
}

@inproceedings{barber2006novel,
  address =      {Vancouver, British Columbia, Canada},
  author =       {Barber, David and Mesot, Bertrand},
  booktitle =    {Advances in Neural Information Processing Systems 19
                  (NIPS)},
  editor =       {Schölkopf, Bernhard and Platt, John and Hoffman,
                  Thomas},
  month =        {December},
  note =
                  {\url{https://proceedings.neurips.cc/paper_files/paper/2006/file/b922ede9c9eb9eabec1c1fecbdecb45d-Paper.pdf}},
  openalex =     {W2130953534},
  publisher =    {MIT Press},
  series =       {Conference Track Proceedings},
  title =        {A Novel Gaussian Sum Smoother for Approximate
                  Inference in Switching Linear Dynamical Systems},
  volume =       19,
  year =         2006
}

@inproceedings{barber2006unified,
  address =      {Vancouver, British Columbia, Canada},
  author =       {Barber, David and Chiappa, Silvia},
  booktitle =    {Advances in Neural Information Processing Systems 19
                  (NIPS)},
  editor =       {Schölkopf, B. and Platt, J. and Hoffman, T.},
  month =        {December},
  note =
                  {\url{https://proceedings.neurips.cc/paper_files/paper/2006/file/09d37c08f7b129e96277388757530c72-Paper.pdf}},
  openalex =     {W2145884473},
  publisher =    {MIT Press},
  series =       {Conference Track Proceedings},
  title =        {Unified Inference for Variational Bayesian Linear
                  Gaussian State-Space Models},
  volume =       19,
  year =         2006
}

@inproceedings{bartlett2006adaboost,
  address =      {Vancouver, British Columbia, Canada},
  author =       {Bartlett, Peter L. and Traskin, Mikhail},
  booktitle =    {Advances in Neural Information Processing Systems 19
                  (NIPS)},
  editor =       {Schölkopf, Bernhard and Platt, John and Hoffman,
                  Tobias},
  month =        {December},
  note =
                  {\url{https://proceedings.neurips.cc/paper_files/paper/2006/file/b887d8d5e65ac4dec3934028fe23ad72-Paper.pdf}},
  openalex =     {W2128808713},
  publisher =    {MIT Press},
  series =       {Conference Track Proceedings},
  title =        {AdaBoost is Consistent},
  volume =       19,
  year =         2006
}

@inproceedings{bartlett2006sample,
  address =      {Vancouver, British Columbia, Canada},
  author =       {Bartlett, Peter L. and Tewari, Ambuj},
  booktitle =    {Advances in Neural Information Processing Systems 19
                  (NIPS)},
  editor =       {B. Schölkopf and J. Platt and T. Hoffman},
  month =        {December},
  note =
                  {\url{https://proceedings.neurips.cc/paper_files/paper/2006/file/f6b5f8c32c65fee991049a55dc97d1ce-Paper.pdf}},
  openalex =     {W2149288161},
  publisher =    {MIT Press},
  series =       {Conference Track Proceedings},
  title =        {Sample complexity of policy search with known
                  dynamics},
  volume =       19,
  year =         2006
}

@inproceedings{bartolozzi2006attention,
  address =      {Vancouver, British Columbia, Canada},
  author =       {Bartolozzi, Chiara and Indiveri, Giacomo},
  booktitle =    {Advances in Neural Information Processing Systems 19
                  (NIPS)},
  editor =       {B. Schölkopf and J. Platt and T. Hoffman},
  month =        {December},
  note =
                  {\url{https://proceedings.neurips.cc/paper_files/paper/2006/file/7edfd52220e2032e7281061c82401195-Paper.pdf}},
  openalex =     {W2108327394},
  publisher =    {MIT Press},
  series =       {Conference Track Proceedings},
  title =        {A selective attention multi–chip system with dynamic
                  synapses and spiking neurons},
  volume =       19,
  year =         2006
}

@inproceedings{battle2006temporal,
  address =      {Vancouver, British Columbia, Canada},
  author =       {Battle, Alexis and Chechik, Gal and Koller, Daphne},
  booktitle =    {Advances in Neural Information Processing Systems 19
                  (NIPS)},
  editor =       {Schölkopf, B. and Platt, J. and Hoffman, T.},
  month =        {December},
  note =
                  {\url{https://proceedings.neurips.cc/paper_files/paper/2006/file/37e7897f62e8d91b1ce60515829ca282-Paper.pdf}},
  openalex =     {W2144473187},
  publisher =    {MIT Press},
  series =       {Conference Track Proceedings},
  title =        {Temporal and Cross-Subject Probabilistic Models for
                  fMRI Prediction Tasks},
  volume =       19,
  year =         2006
}

@inproceedings{belkin2006convergence,
  address =      {Vancouver, British Columbia, Canada},
  author =       {Belkin, Mikhail A. and Niyogi, Partha},
  booktitle =    {Advances in Neural Information Processing Systems 19
                  (NIPS)},
  editor =       {B. Schölkopf and J. Platt and T. Hoffman},
  month =        {December},
  note =
                  {\url{https://proceedings.neurips.cc/paper_files/paper/2006/file/5848ad959570f87753a60ce8be1567f3-Paper.pdf}},
  openalex =     {W2163581538},
  publisher =    {MIT Press},
  series =       {Conference Track Proceedings},
  title =        {Convergence of Laplacian Eigenmaps},
  volume =       19,
  year =         2006
}

@inproceedings{bendavid2006analysis,
  address =      {Vancouver, British Columbia, Canada},
  author =       {Ben-David, Shai and Blitzer, John and Crammer, Koby
                  and Pereira, Fernando},
  booktitle =    {Advances in Neural Information Processing Systems 19
                  (NIPS)},
  editor =       {Schölkopf, Bernhard and Platt, John and Hoffman,
                  Tobias},
  month =        {December},
  note =
                  {\url{https://proceedings.neurips.cc/paper_files/paper/2006/file/b1b0432ceafb0ce714426e9114852ac7-Paper.pdf}},
  openalex =     {W2131953535},
  publisher =    {MIT Press},
  series =       {Conference Track Proceedings},
  title =        {Analysis of Representations for Domain Adaptation},
  volume =       19,
  year =         2006
}

@inproceedings{bengio2006training,
  address =      {Vancouver, British Columbia, Canada},
  author =       {Bengio, Yoshua and Lamblin, Pascal and Popovici, Dan
                  and Larochelle, Hugo},
  booktitle =    {Advances in Neural Information Processing Systems 19
                  (NIPS)},
  editor =       {B. Schölkopf and J. Platt and T. Hoffman},
  month =        {December},
  note =
                  {\url{https://proceedings.neurips.cc/paper_files/paper/2006/file/5da713a690c067105aeb2fae32403405-Paper.pdf}},
  openalex =     {W2110798204},
  publisher =    {MIT Press},
  series =       {Conference Track Proceedings},
  title =        {Greedy Layer-Wise Training of Deep Networks},
  volume =       19,
  year =         2006
}

@inproceedings{bensasson2006approach,
  address =      {Vancouver, British Columbia, Canada},
  author =       {Ben-Sasson, Eli and Kalai, Ehud and Kalai, Adam},
  booktitle =    {Advances in Neural Information Processing Systems 19
                  (NIPS)},
  editor =       {Schölkopf, Bernhard and Platt, John and Hoffman,
                  Thomas},
  month =        {December},
  note =
                  {\url{https://proceedings.neurips.cc/paper_files/paper/2006/file/bd85282513da4089c441926e1975898c-Paper.pdf}},
  publisher =    {MIT Press},
  series =       {Conference Track Proceedings},
  title =        {An Approach to Bounded Rationality},
  volume =       19,
  year =         2006
}

@inproceedings{bickel2006filtering,
  address =      {Vancouver, British Columbia, Canada},
  author =       {Bickel, Steffen and Scheffer, Tobias},
  booktitle =    {Advances in Neural Information Processing Systems 19
                  (NIPS)},
  editor =       {B. Schölkopf and J. Platt and T. Hoffman},
  month =        {December},
  note =
                  {\url{https://proceedings.neurips.cc/paper_files/paper/2006/file/55d99a37b2e1badba7c8df4ccd506a88-Paper.pdf}},
  openalex =     {W2169075655},
  publisher =    {MIT Press},
  series =       {Conference Track Proceedings},
  title =        {Dirichlet-Enhanced Spam Filtering based on Biased
                  Samples},
  volume =       19,
  year =         2006
}

@inproceedings{bissacco2006detecting,
  address =      {Vancouver, British Columbia, Canada},
  author =       {Bissacco, Alessandro and Yang, Ming–Hsuan and
                  Soatto, Stefano},
  booktitle =    {Advances in Neural Information Processing Systems 19
                  (NIPS)},
  editor =       {Schölkopf, B. and Platt, J. and Hoffman, T.},
  month =        {December},
  note =
                  {\url{https://proceedings.neurips.cc/paper_files/paper/2006/file/1bd4b29a8e0afccd9923fe29cecb4b29-Paper.pdf}},
  openalex =     {W2135735112},
  publisher =    {MIT Press},
  series =       {Conference Track Proceedings},
  title =        {Detecting Humans via Their Pose},
  volume =       19,
  year =         2006
}

@inproceedings{boiman2006similarity,
  address =      {Vancouver, British Columbia, Canada},
  author =       {Boiman, Oren and Irani, Michal},
  booktitle =    {Advances in Neural Information Processing Systems 19
                  (NIPS)},
  editor =       {Schölkopf, Bernhard and Platt, John and Hoffman,
                  Thomas},
  month =        {December},
  note =
                  {\url{https://proceedings.neurips.cc/paper_files/paper/2006/file/ca1d3153a1cf0ed998d4879fbb50d9ab-Paper.pdf}},
  openalex =     {W2150145411},
  publisher =    {MIT Press},
  series =       {Conference Track Proceedings},
  title =        {Similarity by Composition},
  volume =       19,
  year =         2006
}

@inproceedings{borgwardt2006fast,
  address =      {Vancouver, British Columbia, Canada},
  author =       {Vishwanathan, S. V. N. and Borgwardt, Karsten and
                  Schraudolph, Nicol N.},
  booktitle =    {Advances in Neural Information Processing Systems 19
                  (NIPS)},
  editor =       {Schölkopf, Bernhard and Platt, John and Hoffman,
                  Thomas},
  month =        {December},
  note =
                  {\url{https://proceedings.neurips.cc/paper_files/paper/2006/file/e37b08dd3015330dcbb5d6663667b8b8-Paper.pdf}},
  openalex =     {W2161201865},
  publisher =    {MIT Press},
  series =       {Conference Track Proceedings},
  title =        {Fast Computation of Graph Kernels},
  volume =       19,
  year =         2006
}

@inproceedings{braun2006denoising,
  address =      {Vancouver, British Columbia, Canada},
  author =       {Braun, Mikio L. and Buhmann, Joachim M. and Müller,
                  Klaus‐Robert},
  booktitle =    {Advances in Neural Information Processing Systems 19
                  (NIPS)},
  editor =       {B. Schölkopf and J. Platt and T. Hoffman},
  month =        {December},
  note =
                  {\url{https://proceedings.neurips.cc/paper_files/paper/2006/file/fedf67d6f3d7341c1c1e8a54774987d3-Paper.pdf}},
  openalex =     {W2119352075},
  publisher =    {MIT Press},
  series =       {Conference Track Proceedings},
  title =        {Denoising and Dimension Reduction in Feature Space},
  volume =       19,
  year =         2006
}

@inproceedings{burges2006learning,
  address =      {Vancouver, British Columbia, Canada},
  author =       {Burges, Christopher and Ragno, Robert and Le, Quoc},
  booktitle =    {Advances in Neural Information Processing Systems 19
                  (NIPS)},
  editor =       {Schölkopf, Bernhard and Platt, John and Hoffman,
                  Tobias},
  month =        {December},
  note =
                  {\url{https://proceedings.neurips.cc/paper_files/paper/2006/file/af44c4c56f385c43f2529f9b1b018f6a-Paper.pdf}},
  publisher =    {MIT Press},
  series =       {Conference Track Proceedings},
  title =        {Learning to Rank with Nonsmooth Cost Functions},
  volume =       19,
  year =         2006
}

@inproceedings{carbonetto2006conditional,
  address =      {Vancouver, British Columbia, Canada},
  author =       {Carbonetto, Peter and Freitas, Nando},
  booktitle =    {Advances in Neural Information Processing Systems 19
                  (NIPS)},
  editor =       {Schölkopf, Bernhard and Platt, John and Hoffman,
                  Thomas},
  month =        {December},
  note =
                  {\url{https://proceedings.neurips.cc/paper_files/paper/2006/file/f0031c7a91d74015a9addfbc589f3fe5-Paper.pdf}},
  publisher =    {MIT Press},
  series =       {Conference Track Proceedings},
  title =        {Conditional mean field},
  volume =       19,
  year =         2006
}

@inproceedings{cawley2006sparse,
  address =      {Vancouver, British Columbia, Canada},
  author =       {Cawley, Gavin and Talbot, Nicola and Girolami, Mark},
  booktitle =    {Advances in Neural Information Processing Systems 19
                  (NIPS)},
  editor =       {Schölkopf, Bernhard and Platt, John and Hoffman,
                  Tobias},
  month =        {December},
  note =
                  {\url{https://proceedings.neurips.cc/paper_files/paper/2006/file/b22b257ad0519d4500539da3c8bcf4dd-Paper.pdf}},
  publisher =    {MIT Press},
  series =       {Conference Track Proceedings},
  title =        {Sparse Multinomial Logistic Regression via Bayesian
                  L1 Regularisation},
  volume =       19,
  year =         2006
}

@inproceedings{chapelle2006branch,
  address =      {Vancouver, British Columbia, Canada},
  author =       {Chapelle, Olivier and Sindhwani, Vikas and Keerthi,
                  S. Sathiya},
  booktitle =    {Advances in Neural Information Processing Systems 19
                  (NIPS)},
  editor =       {Schölkopf, Bernhard and Platt, John and Hoffman,
                  Tobias},
  month =        {December},
  note =
                  {\url{https://proceedings.neurips.cc/paper_files/paper/2006/file/8b8388180314a337c9aa3c5aa8e2f37a-Paper.pdf}},
  openalex =     {W2117708047},
  publisher =    {MIT Press},
  series =       {Conference Track Proceedings},
  title =        {Branch and Bound for Semi-Supervised Support Vector
                  Machines},
  volume =       19,
  year =         2006
}

@inproceedings{charlin2006discovery,
  address =      {Vancouver, British Columbia, Canada},
  author =       {Charlin, Laurent and Poupart, Pascal and Shioda,
                  Romy},
  booktitle =    {Advances in Neural Information Processing Systems 19
                  (NIPS)},
  editor =       {B. Schölkopf and J. Platt and T. Hoffman},
  month =        {December},
  note =
                  {\url{https://proceedings.neurips.cc/paper_files/paper/2006/file/62da8c91ce7b10846231921795d6059e-Paper.pdf}},
  openalex =     {W2166515056},
  publisher =    {MIT Press},
  series =       {Conference Track Proceedings},
  title =        {Automated Hierarchy Discovery for Planning in
                  Partially Observable Environments},
  volume =       19,
  year =         2006
}

@inproceedings{chechik2006max,
  address =      {Vancouver, British Columbia, Canada},
  author =       {Chechik, Gal and Heitz, Geremy and Elidan, Gal and
                  Abbeel, Pieter and Koller, Daphne},
  booktitle =    {Advances in Neural Information Processing Systems 19
                  (NIPS)},
  editor =       {Schölkopf, Bernhard and Platt, John and Hoffman,
                  Thomas},
  month =        {December},
  note =
                  {\url{https://proceedings.neurips.cc/paper_files/paper/2006/file/e5522f7ac7cd76f19b396595c9c25b40-Paper.pdf}},
  openalex =     {W2116053666},
  publisher =    {MIT Press},
  series =       {Conference Track Proceedings},
  title =        {Max-margin classification of incomplete data},
  volume =       19,
  year =         2006
}

@inproceedings{chemudugunta2006modeling,
  address =      {Vancouver, British Columbia, Canada},
  author =       {Chemudugunta, Chaitanya and Smyth, Padhraic and
                  Steyvers, Mark},
  booktitle =    {Advances in Neural Information Processing Systems 19
                  (NIPS)},
  editor =       {Schölkopf, Bernhard and Platt, John and Hoffman,
                  Thomas},
  month =        {December},
  note =
                  {\url{https://proceedings.neurips.cc/paper_files/paper/2006/file/ec47a5de1ebd60f559fee4afd739d59b-Paper.pdf}},
  openalex =     {W2137268161},
  publisher =    {MIT Press},
  series =       {Conference Track Proceedings},
  title =        {Modeling General and Specific Aspects of Documents
                  with a Probabilistic Topic Model},
  volume =       19,
  year =         2006
}

@inproceedings{chen2006unsupervised,
  address =      {Vancouver, British Columbia, Canada},
  author =       {Zhu, Long and Chen, Yuanhao and Yuille, Alan},
  booktitle =    {Advances in Neural Information Processing Systems 19
                  (NIPS)},
  editor =       {Schölkopf, Bernhard and Platt, John and Hoffman,
                  Tobias},
  month =        {December},
  note =
                  {\url{https://proceedings.neurips.cc/paper_files/paper/2006/file/9cb9ed4f35cf7c2f295cc2bc6f732a84-Paper.pdf}},
  openalex =     {W2108538286},
  publisher =    {MIT Press},
  series =       {Conference Track Proceedings},
  title =        {Unsupervised Learning of a Probabilistic Grammar for
                  Object Detection and Parsing},
  volume =       19,
  year =         2006
}

@inproceedings{cheng2006clustering,
  address =      {Vancouver, British Columbia, Canada},
  author =       {Cheng, Dong and Murino, Vittorio and Figueiredo,
                  Mário},
  booktitle =    {Advances in Neural Information Processing Systems 19
                  (NIPS)},
  editor =       {Schölkopf, Bernhard and Platt, John and Hoffman,
                  Thomas},
  month =        {December},
  note =
                  {\url{https://proceedings.neurips.cc/paper_files/paper/2006/file/c02f9de3c2f3040751818aacc7f60b74-Paper.pdf}},
  publisher =    {MIT Press},
  series =       {Conference Track Proceedings},
  title =        {Clustering Under Prior Knowledge with Application to
                  Image Segmentation},
  volume =       19,
  year =         2006
}

@inproceedings{cheng2006implicit,
  address =      {Vancouver, British Columbia, Canada},
  author =       {Cheng, Li and Vishwanathan, S. V. N. and Schuurmans,
                  Dale and Wang, Shaojun and Caelli, Terry},
  booktitle =    {Advances in Neural Information Processing Systems 19
                  (NIPS)},
  editor =       {Schölkopf, Bernhard and Platt, John and Hoffman,
                  Tobias},
  month =        {December},
  note =
                  {\url{https://proceedings.neurips.cc/paper_files/paper/2006/file/a92c274b8be496fb05d95033552eeddd-Paper.pdf}},
  openalex =     {W2132882064},
  publisher =    {MIT Press},
  series =       {Conference Track Proceedings},
  title =        {Implicit Online Learning with Kernels},
  volume =       19,
  year =         2006
}

@inproceedings{chicca2006context,
  address =      {Vancouver, British Columbia, Canada},
  author =       {Chicca, Elisabetta and Indiveri, Giacomo and
                  Douglas, Rodney J.},
  booktitle =    {Advances in Neural Information Processing Systems 19
                  (NIPS)},
  editor =       {B. Schölkopf and J. Platt and T. Hoffman},
  month =        {December},
  note =
                  {\url{https://proceedings.neurips.cc/paper_files/paper/2006/file/769675d7c11f336ae6573e7e533570ec-Paper.pdf}},
  openalex =     {W2164122867},
  publisher =    {MIT Press},
  series =       {Conference Track Proceedings},
  title =        {Context dependent amplification of both rate and
                  event-correlation in a VLSI network of spiking
                  neurons},
  volume =       19,
  year =         2006
}

@inproceedings{chipman2006bayesian,
  address =      {Vancouver, British Columbia, Canada},
  author =       {Chipman, Hugh and George, Edward I. and McCulloch,
                  Robert E.},
  booktitle =    {Advances in Neural Information Processing Systems 19
                  (NIPS)},
  editor =       {Schölkopf, B. and Platt, J. and Hoffman, T.},
  month =        {December},
  note =
                  {\url{https://proceedings.neurips.cc/paper_files/paper/2006/file/1706f191d760c78dfcec5012e43b6714-Paper.pdf}},
  openalex =     {W2154566431},
  publisher =    {MIT Press},
  series =       {Conference Track Proceedings},
  title =        {Bayesian Ensemble Learning},
  volume =       19,
  year =         2006
}

@inproceedings{chu2006map,
  address =      {Vancouver, British Columbia, Canada},
  author =       {Chu, Cheng-tao and Kim, Sang and Lin, Yi-an and Yu,
                  Yuanyuan and Bradski, Gary and Olukotun, Kunle and
                  Ng, Andrew},
  booktitle =    {Advances in Neural Information Processing Systems 19
                  (NIPS)},
  editor =       {B. Schölkopf and J. Platt and T. Hoffman},
  month =        {December},
  note =
                  {\url{https://proceedings.neurips.cc/paper_files/paper/2006/file/77ee3bc58ce560b86c2b59363281e914-Paper.pdf}},
  publisher =    {MIT Press},
  series =       {Conference Track Proceedings},
  title =        {Map-Reduce for Machine Learning on Multicore},
  volume =       19,
  year =         2006
}

@inproceedings{chu2006relational,
  address =      {Vancouver, British Columbia, Canada},
  author =       {Chu, Wei and Sindhwani, Vikas and Ghahramani, Zoubin
                  and Keerthi, S. Sathiya},
  booktitle =    {Advances in Neural Information Processing Systems 19
                  (NIPS)},
  editor =       {B. Schölkopf and J. Platt and T. Hoffman},
  month =        {December},
  note =
                  {\url{https://proceedings.neurips.cc/paper_files/paper/2006/file/ffbd6cbb019a1413183c8d08f2929307-Paper.pdf}},
  openalex =     {W2098961198},
  publisher =    {MIT Press},
  series =       {Conference Track Proceedings},
  title =        {Relational Learning with Gaussian Processes},
  volume =       19,
  year =         2006
}

@inproceedings{cohn2006factoring,
  address =      {Vancouver, British Columbia, Canada},
  author =       {Cohn, David and Verma, Deepak and Pfleger, Karl},
  booktitle =    {Advances in Neural Information Processing Systems 19
                  (NIPS)},
  editor =       {B. Schölkopf and J. Platt and T. Hoffman},
  month =        {December},
  note =
                  {\url{https://proceedings.neurips.cc/paper_files/paper/2006/file/466473650870501e3600d9a1b4ee5d44-Paper.pdf}},
  publisher =    {MIT Press},
  series =       {Conference Track Proceedings},
  title =        {Recursive Attribute Factoring},
  volume =       19,
  year =         2006
}

@inproceedings{cortes2006regression,
  address =      {Vancouver, British Columbia, Canada},
  author =       {Cortes, Corinna and Mohri, Mehryar},
  booktitle =    {Advances in Neural Information Processing Systems 19
                  (NIPS)},
  editor =       {B. Schölkopf and J. Platt and T. Hoffman},
  month =        {December},
  note =
                  {\url{https://proceedings.neurips.cc/paper_files/paper/2006/file/639d79cc857a6c76c2723b7e014fccb0-Paper.pdf}},
  openalex =     {W2170938446},
  publisher =    {MIT Press},
  series =       {Conference Track Proceedings},
  title =        {On Transductive Regression},
  volume =       19,
  year =         2006
}

@inproceedings{cour2006balanced,
  address =      {Vancouver, British Columbia, Canada},
  author =       {Cour, Timothée and Srinivasan, P. and Shi, Jianbo},
  booktitle =    {Advances in Neural Information Processing Systems 19
                  (NIPS)},
  editor =       {Schölkopf, Bernhard and Platt, John and Hoffman,
                  Thomas},
  month =        {December},
  note =
                  {\url{https://proceedings.neurips.cc/paper_files/paper/2006/file/d1c373ab1570cfb9a7dbb53c186b37a2-Paper.pdf}},
  openalex =     {W2158256890},
  publisher =    {MIT Press},
  series =       {Conference Track Proceedings},
  title =        {Balanced Graph Matching},
  volume =       19,
  year =         2006
}

@inproceedings{crammer2006learning,
  address =      {Vancouver, British Columbia, Canada},
  author =       {Crammer, Koby and Kearns, Michael and Wortman,
                  Jennifer R.},
  booktitle =    {Advances in Neural Information Processing Systems 19
                  (NIPS)},
  editor =       {Schölkopf, B. and Platt, J. and Hoffman, T.},
  month =        {December},
  note =
                  {\url{https://proceedings.neurips.cc/paper_files/paper/2006/file/0f21f0349462cacdc5796990d37760ae-Paper.pdf}},
  openalex =     {W2148440006},
  publisher =    {MIT Press},
  series =       {Conference Track Proceedings},
  title =        {Learning from Multiple Sources},
  volume =       19,
  year =         2006
}

@inproceedings{cuturi2006kernels,
  address =      {Vancouver, British Columbia, Canada},
  author =       {Cuturi, Marco and Fukumizu, Kenji},
  booktitle =    {Advances in Neural Information Processing Systems 19
                  (NIPS)},
  editor =       {Schölkopf, Bernhard and Platt, John and Hoffman,
                  Thomas},
  month =        {December},
  note =
                  {\url{https://proceedings.neurips.cc/paper_files/paper/2006/file/dc6e224a8d74ce03bf301152d6e33e97-Paper.pdf}},
  openalex =     {W2112984668},
  publisher =    {MIT Press},
  series =       {Conference Track Proceedings},
  title =        {Kernels on Structured Objects Through Nested
                  Histograms},
  volume =       19,
  year =         2006
}

@inproceedings{davis2006differential,
  address =      {Vancouver, British Columbia, Canada},
  author =       {Davis, Jason V. and Dhillon, Inderjit S.},
  booktitle =    {Advances in Neural Information Processing Systems 19
                  (NIPS)},
  editor =       {Schölkopf, Bernhard and Platt, John and Hoffman,
                  Tobias},
  month =        {December},
  note =
                  {\url{https://proceedings.neurips.cc/paper_files/paper/2006/file/8c9a14ffebb7677d033ffce847991293-Paper.pdf}},
  openalex =     {W2163147858},
  publisher =    {MIT Press},
  series =       {Conference Track Proceedings},
  title =        {Differential Entropic Clustering of Multivariate
                  Gaussians},
  volume =       19,
  year =         2006
}

@inproceedings{dekel2006support,
  address =      {Vancouver, British Columbia, Canada},
  author =       {Dekel, Ofer and Singer, Yoram},
  booktitle =    {Advances in Neural Information Processing Systems 19
                  (NIPS)},
  editor =       {Schölkopf, Bernhard and Platt, John and Hoffman,
                  Tobias},
  month =        {December},
  note =
                  {\url{https://proceedings.neurips.cc/paper_files/paper/2006/file/a081cab429ff7a3b96e0a07319f1049e-Paper.pdf}},
  openalex =     {W2156985405},
  publisher =    {MIT Press},
  series =       {Conference Track Proceedings},
  title =        {Support Vector Machines on a Budget},
  volume =       19,
  year =         2006
}

@inproceedings{doi2006theory,
  address =      {Vancouver, British Columbia, Canada},
  author =       {Doi, Eizaburo and Lewicki, Michael S.},
  booktitle =    {Advances in Neural Information Processing Systems 19
                  (NIPS)},
  editor =       {Schölkopf, Bernhard and Platt, John and Hoffman,
                  Thomas},
  month =        {December},
  note =
                  {\url{https://proceedings.neurips.cc/paper_files/paper/2006/file/bbb001ba009ed11717eaec9305b2feb6-Paper.pdf}},
  openalex =     {W2153014441},
  publisher =    {MIT Press},
  series =       {Conference Track Proceedings},
  title =        {A Theory of Retinal Population Coding},
  volume =       19,
  year =         2006
}

@inproceedings{dollar2006learning,
  address =      {Vancouver, British Columbia, Canada},
  author =       {Dollár, Piotr and Rabaud, Vincent and Belongie,
                  Serge},
  booktitle =    {Advances in Neural Information Processing Systems 19
                  (NIPS)},
  editor =       {Schölkopf, B. and Platt, J. and Hoffman, T.},
  month =        {December},
  note =
                  {\url{https://proceedings.neurips.cc/paper_files/paper/2006/file/03bfc1d4783966c69cc6aef8247e0103-Paper.pdf}},
  openalex =     {W2170237252},
  publisher =    {MIT Press},
  series =       {Conference Track Proceedings},
  title =        {Learning to Traverse Image Manifolds},
  volume =       19,
  year =         2006
}

@inproceedings{dundar2006learning,
  address =      {Vancouver, British Columbia, Canada},
  author =       {Fung, Glenn and Dündar, Murat and Krishnapuram,
                  Balaji and Rao, R. Bharat},
  booktitle =    {Advances in Neural Information Processing Systems 19
                  (NIPS)},
  editor =       {B. Schölkopf and J. Platt and T. Hoffman},
  month =        {December},
  note =
                  {\url{https://proceedings.neurips.cc/paper_files/paper/2006/file/7c78335a8924215ea5c22fda1aac7b75-Paper.pdf}},
  openalex =     {W2107143555},
  publisher =    {MIT Press},
  series =       {Conference Track Proceedings},
  title =        {Multiple Instance Learning for Computer Aided
                  Diagnosis},
  volume =       19,
  year =         2006
}

@inproceedings{elyaniv2006optimal,
  address =      {Vancouver, British Columbia, Canada},
  author =       {El‐Yaniv, Ran and Nisenson, Mordechai},
  booktitle =    {Advances in Neural Information Processing Systems 19
                  (NIPS)},
  editor =       {Schölkopf, Bernhard and Platt, John and Hoffman,
                  Tobias},
  month =        {December},
  note =
                  {\url{https://proceedings.neurips.cc/paper_files/paper/2006/file/ae1d2c2d957a01dcb3f3b39685cdb4fa-Paper.pdf}},
  openalex =     {W2114128351},
  publisher =    {MIT Press},
  series =       {Conference Track Proceedings},
  title =        {Optimal Single-Class Classification Strategies},
  volume =       19,
  year =         2006
}

@inproceedings{evendar2006world,
  address =      {Vancouver, British Columbia, Canada},
  author =       {Even-Dar, Eyal and Kearns, Michael},
  booktitle =    {Advances in Neural Information Processing Systems 19
                  (NIPS)},
  editor =       {B. Schölkopf and J. Platt and T. Hoffman},
  month =        {December},
  note =
                  {\url{https://proceedings.neurips.cc/paper_files/paper/2006/file/6917ff2a7b53421ff4066020e2d89eec-Paper.pdf}},
  openalex =     {W2131289908},
  publisher =    {MIT Press},
  series =       {Conference Track Proceedings},
  title =        {A Small World Threshold for Economic Network
                  Formation},
  volume =       19,
  year =         2006
}

@inproceedings{feng2006pg,
  address =      {Vancouver, British Columbia, Canada},
  author =       {Feng, Yu and Hamerly, Greg},
  booktitle =    {Advances in Neural Information Processing Systems 19
                  (NIPS)},
  editor =       {Schölkopf, Bernhard and Platt, John and Hoffman,
                  Tobias},
  month =        {December},
  note =
                  {\url{https://proceedings.neurips.cc/paper_files/paper/2006/file/a9986cb066812f440bc2bb6e3c13696c-Paper.pdf}},
  openalex =     {W2130539320},
  publisher =    {MIT Press},
  series =       {Conference Track Proceedings},
  title =        {PG-means: learning the number of clusters in data},
  volume =       19,
  year =         2006
}

@inproceedings{filali2006multi,
  address =      {Vancouver, British Columbia, Canada},
  author =       {Filali, Karim and Bilmes, Jeff},
  booktitle =    {Advances in Neural Information Processing Systems 19
                  (NIPS)},
  editor =       {Schölkopf, Bernhard and Platt, John and Hoffman,
                  Thomas},
  month =        {December},
  note =
                  {\url{https://proceedings.neurips.cc/paper_files/paper/2006/file/e4a93f0332b2519177ed55741ea4e5e7-Paper.pdf}},
  openalex =     {W2153777174},
  publisher =    {MIT Press},
  series =       {Conference Track Proceedings},
  title =        {Multi-dynamic Bayesian Networks},
  volume =       19,
  year =         2006
}

@inproceedings{frome2006image,
  address =      {Vancouver, British Columbia, Canada},
  author =       {Frome, Andrea and Singer, Yoram and Malik, Jitendra},
  booktitle =    {Advances in Neural Information Processing Systems 19
                  (NIPS)},
  editor =       {Schölkopf, Bernhard and Platt, John and Hoffman,
                  Tobias},
  month =        {December},
  note =
                  {\url{https://proceedings.neurips.cc/paper_files/paper/2006/file/9f8684e630c4c30cad7b1f0935cd62ab-Paper.pdf}},
  openalex =     {W2101098151},
  publisher =    {MIT Press},
  series =       {Conference Track Proceedings},
  title =        {Image Retrieval and Classification Using Local
                  Distance Functions},
  volume =       19,
  year =         2006
}

@inproceedings{funiak2006distributed,
  address =      {Vancouver, British Columbia, Canada},
  author =       {Funiak, Stanislav and Guestrin, Carlos and Paskin,
                  Mark A. and Sukthankar, Rahul},
  booktitle =    {Advances in Neural Information Processing Systems 19
                  (NIPS)},
  editor =       {Schölkopf, Bernhard and Platt, John and Hoffman,
                  Thomas},
  month =        {December},
  note =
                  {\url{https://proceedings.neurips.cc/paper_files/paper/2006/file/f40438b554cc0e3d96ee6064c5798f55-Paper.pdf}},
  openalex =     {W2116677897},
  publisher =    {MIT Press},
  series =       {Conference Track Proceedings},
  title =        {Distributed Inference in Dynamical Systems},
  volume =       19,
  year =         2006
}

@inproceedings{geramifard2006ilstd,
  address =      {Vancouver, British Columbia, Canada},
  author =       {Geramifard, Alborz and Bowling, Michael and
                  Zinkevich, Martin and Sutton, Richard S.},
  booktitle =    {Advances in Neural Information Processing Systems 19
                  (NIPS)},
  editor =       {B. Schölkopf and J. Platt and T. Hoffman},
  month =        {December},
  note =
                  {\url{https://proceedings.neurips.cc/paper_files/paper/2006/file/6ad4174eba19ecb5fed17411a34ff5e6-Paper.pdf}},
  openalex =     {W2126410641},
  publisher =    {MIT Press},
  series =       {Conference Track Proceedings},
  title =        {iLSTD: Eligibility Traces and Convergence Analysis},
  volume =       19,
  year =         2006
}

@inproceedings{germain2006pac,
  address =      {Vancouver, British Columbia, Canada},
  author =       {Germain, Pascal and Lacasse, Alexandre and
                  Laviolette, François and Marchand, Mario},
  booktitle =    {Advances in Neural Information Processing Systems 19
                  (NIPS)},
  editor =       {Schölkopf, Bernhard and Platt, John and Hoffman,
                  Thomas},
  month =        {December},
  note =
                  {\url{https://proceedings.neurips.cc/paper_files/paper/2006/file/f231f2107df69eab0a3862d50018a9b2-Paper.pdf}},
  openalex =     {W2098000447},
  publisher =    {MIT Press},
  series =       {Conference Track Proceedings},
  title =        {A PAC-Bayes Risk Bound for General Loss Functions},
  volume =       19,
  year =         2006
}

@inproceedings{ghavamzadeh2006bayesian,
  address =      {Vancouver, British Columbia, Canada},
  author =       {Ghavamzadeh, Mohammad and Engel, Yaakov},
  booktitle =    {Advances in Neural Information Processing Systems 19
                  (NIPS)},
  editor =       {B. Schölkopf and J. Platt and T. Hoffman},
  month =        {December},
  note =
                  {\url{https://proceedings.neurips.cc/paper_files/paper/2006/file/58aaee7ae94b52697ad3b9275d46ec7f-Paper.pdf}},
  openalex =     {W2100785108},
  publisher =    {MIT Press},
  series =       {Conference Track Proceedings},
  title =        {Bayesian Policy Gradient Algorithms},
  volume =       19,
  year =         2006
}

@inproceedings{girolami2006integration,
  address =      {Vancouver, British Columbia, Canada},
  author =       {Girolami, Mark and Zhong, Mingjun},
  booktitle =    {Advances in Neural Information Processing Systems 19
                  (NIPS)},
  editor =       {B. Schölkopf and J. Platt and T. Hoffman},
  month =        {December},
  note =
                  {\url{https://proceedings.neurips.cc/paper_files/paper/2006/file/6fec24eac8f18ed793f5eaad3dd7977c-Paper.pdf}},
  openalex =     {W2151766597},
  publisher =    {MIT Press},
  series =       {Conference Track Proceedings},
  title =        {Data Integration for Classification Problems
                  Employing Gaussian Process Priors},
  volume =       19,
  year =         2006
}

@inproceedings{globerson2006approximate,
  address =      {Vancouver, British Columbia, Canada},
  author =       {Globerson, Amir and Jaakkola, Tommi},
  booktitle =    {Advances in Neural Information Processing Systems 19
                  (NIPS)},
  editor =       {Schölkopf, Bernhard and Platt, John and Hoffman,
                  Tobias},
  month =        {December},
  note =
                  {\url{https://proceedings.neurips.cc/paper_files/paper/2006/file/975e6107778ce7a40b9878bfb96a16a7-Paper.pdf}},
  openalex =     {W2110185237},
  publisher =    {MIT Press},
  series =       {Conference Track Proceedings},
  title =        {Approximate inference using planar graph
                  decomposition},
  volume =       19,
  year =         2006
}

@inproceedings{gomes2006sampling,
  address =      {Vancouver, British Columbia, Canada},
  author =       {Gomes, Carla P. and Sabharwal, Ashish and Selman,
                  Bart},
  booktitle =    {Advances in Neural Information Processing Systems 19
                  (NIPS)},
  editor =       {B. Schölkopf and J. Platt and T. Hoffman},
  month =        {December},
  note =
                  {\url{https://proceedings.neurips.cc/paper_files/paper/2006/file/4110a1994471c595f7583ef1b74ba4cb-Paper.pdf}},
  openalex =     {W2107527204},
  publisher =    {MIT Press},
  series =       {Conference Track Proceedings},
  title =        {Near-Uniform Sampling of Combinatorial Spaces Using
                  XOR Constraints},
  volume =       19,
  year =         2006
}

@inproceedings{gordon2006no,
  address =      {Vancouver, British Columbia, Canada},
  author =       {Gordon, Geoffrey J.},
  booktitle =    {Advances in Neural Information Processing Systems 19
                  (NIPS)},
  editor =       {Schölkopf, Bernhard and Platt, John and Hoffman,
                  Thomas},
  month =        {December},
  note =
                  {\url{https://proceedings.neurips.cc/paper_files/paper/2006/file/f14bc21be7eaeed046fed206a492e652-Paper.pdf}},
  openalex =     {W2131867500},
  publisher =    {MIT Press},
  series =       {Conference Track Proceedings},
  title =        {No-regret Algorithms for Online Convex Programs},
  volume =       19,
  year =         2006
}

@inproceedings{gore2006conversion,
  address =      {Vancouver, British Columbia, Canada},
  author =       {Gore, Amit and Chakrabartty, Shantanu},
  booktitle =    {Advances in Neural Information Processing Systems 19
                  (NIPS)},
  editor =       {B. Schölkopf and J. Platt and T. Hoffman},
  month =        {December},
  note =
                  {\url{https://proceedings.neurips.cc/paper_files/paper/2006/file/63f44623dd8686aba388944c8810087f-Paper.pdf}},
  openalex =     {W2110270489},
  publisher =    {MIT Press},
  series =       {Conference Track Proceedings},
  title =        {Large Margin Multi-channel Analog-to-Digital
                  Conversion with Applications to Neural Prosthesis},
  volume =       19,
  year =         2006
}

@inproceedings{grauman2006approximate,
  address =      {Vancouver, British Columbia, Canada},
  author =       {Grauman, Kristen and Darrell, Trevor},
  booktitle =    {Advances in Neural Information Processing Systems 19
                  (NIPS)},
  editor =       {Schölkopf, B. and Platt, J. and Hoffman, T.},
  month =        {December},
  note =
                  {\url{https://proceedings.neurips.cc/paper_files/paper/2006/file/2d95666e2649fcfc6e3af75e09f5adb9-Paper.pdf}},
  openalex =     {W2101087387},
  publisher =    {MIT Press},
  series =       {Conference Track Proceedings},
  title =        {Approximate Correspondences in High Dimensions},
  volume =       19,
  year =         2006
}

@inproceedings{gretton2006kernel,
  address =      {Vancouver, British Columbia, Canada},
  author =       {Gretton, Arthur and Borgwardt, Karsten and Rasch,
                  Malte J. and Schölkopf, Bernhard and Smola,
                  Alexander J.},
  booktitle =    {Advances in Neural Information Processing Systems 19
                  (NIPS)},
  editor =       {Schölkopf, Bernhard and Platt, John and Hoffman,
                  Thomas},
  month =        {December},
  note =
                  {\url{https://proceedings.neurips.cc/paper_files/paper/2006/file/e9fb2eda3d9c55a0d89c98d6c54b5b3e-Paper.pdf}},
  openalex =     {W2125865219},
  publisher =    {MIT Press},
  series =       {Conference Track Proceedings},
  title =        {A Kernel Method for the Two-Sample-Problem},
  volume =       19,
  year =         2006
}

@inproceedings{grimes2006learning,
  address =      {Vancouver, British Columbia, Canada},
  author =       {Grimes, David B. and Rashid, Daniel R. and Rao,
                  Rajesh P. N.},
  booktitle =    {Advances in Neural Information Processing Systems 19
                  (NIPS)},
  editor =       {Schölkopf, B. and Platt, J. and Hoffman, T.},
  month =        {December},
  note =
                  {\url{https://proceedings.neurips.cc/paper_files/paper/2006/file/3b5020bb891119b9f5130f1fea9bd773-Paper.pdf}},
  openalex =     {W2150297144},
  publisher =    {MIT Press},
  series =       {Conference Track Proceedings},
  title =        {Learning Nonparametric Models for Probabilistic
                  Imitation},
  volume =       19,
  year =         2006
}

@inproceedings{gross2006training,
  address =      {Vancouver, British Columbia, Canada},
  author =       {Gross, Samuel and Russakovsky, Olga and B., Chuong
                  and Batzoglou, Serafim},
  booktitle =    {Advances in Neural Information Processing Systems 19
                  (NIPS)},
  editor =       {Schölkopf, B. and Platt, J. and Hoffman, T.},
  month =        {December},
  note =
                  {\url{https://proceedings.neurips.cc/paper_files/paper/2006/file/24b43fb034a10d78bec71274033b4096-Paper.pdf}},
  publisher =    {MIT Press},
  series =       {Conference Track Proceedings},
  title =        {Training Conditional Random Fields for Maximum
                  Labelwise Accuracy},
  volume =       19,
  year =         2006
}

@inproceedings{grossewentrup2006adaptive,
  address =      {Vancouver, British Columbia, Canada},
  author =       {Grosse‐Wentrup, Moritz and Gramann, Klaus and Buss,
                  Martin},
  booktitle =    {Advances in Neural Information Processing Systems 19
                  (NIPS)},
  editor =       {B. Schölkopf and J. Platt and T. Hoffman},
  month =        {December},
  note =
                  {\url{https://proceedings.neurips.cc/paper_files/paper/2006/file/7221e5c8ec6b08ef6d3f9ff3ce6eb1d1-Paper.pdf}},
  openalex =     {W2153094360},
  publisher =    {MIT Press},
  series =       {Conference Track Proceedings},
  title =        {Adaptive Spatial Filters with predefined Region of
                  Interest for EEG based Brain-Computer-Interfaces},
  volume =       19,
  year =         2006
}

@inproceedings{harel2006saliency,
  address =      {Vancouver, British Columbia, Canada},
  author =       {Harel, Jonathan and Koch, Christof and Perona,
                  Pietro},
  booktitle =    {Advances in Neural Information Processing Systems 19
                  (NIPS)},
  editor =       {B. Schölkopf and J. Platt and T. Hoffman},
  month =        {December},
  note =
                  {\url{https://proceedings.neurips.cc/paper_files/paper/2006/file/4db0f8b0fc895da263fd77fc8aecabe4-Paper.pdf}},
  openalex =     {W2135957164},
  publisher =    {MIT Press},
  series =       {Conference Track Proceedings},
  title =        {Graph-Based Visual Saliency},
  volume =       19,
  year =         2006
}

@inproceedings{haro2006learning,
  address =      {Vancouver, British Columbia, Canada},
  author =       {Haro, Gloria and Randall, Grégory and Sapiro,
                  Guillermo},
  booktitle =    {Advances in Neural Information Processing Systems 19
                  (NIPS)},
  editor =       {B. Schölkopf and J. Platt and T. Hoffman},
  month =        {December},
  note =
                  {\url{https://proceedings.neurips.cc/paper_files/paper/2006/file/51be2fed6c55f5aa0c16ff14c140b187-Paper.pdf}},
  openalex =     {W2098646941},
  publisher =    {MIT Press},
  series =       {Conference Track Proceedings},
  title =        {Stratification Learning: Detecting Mixed Density and
                  Dimensionality in High Dimensional Point Clouds
                  (PREPRINT)},
  volume =       19,
  year =         2006
}

@inproceedings{hein2006manifold,
  address =      {Vancouver, British Columbia, Canada},
  author =       {Hein, Matthias and Maier, Markus},
  booktitle =    {Advances in Neural Information Processing Systems 19
                  (NIPS)},
  editor =       {Schölkopf, Bernhard and Platt, John and Hoffman,
                  Tobias},
  month =        {December},
  note =
                  {\url{https://proceedings.neurips.cc/paper_files/paper/2006/file/a0b83c02d720415dada82e08bc09e9f3-Paper.pdf}},
  openalex =     {W2294984095},
  publisher =    {MIT Press},
  series =       {Conference Track Proceedings},
  title =        {Manifold Denoising},
  volume =       19,
  year =         2006
}

@inproceedings{herbrich2006trueskill,
  address =      {Vancouver, British Columbia, Canada},
  author =       {Herbrich, Ralf and Minka, Tom and Graepel, Thore},
  booktitle =    {Advances in Neural Information Processing Systems 19
                  (NIPS)},
  editor =       {B. Schölkopf and J. Platt and T. Hoffman},
  month =        {December},
  note =
                  {\url{https://proceedings.neurips.cc/paper_files/paper/2006/file/f44ee263952e65b3610b8ba51229d1f9-Paper.pdf}},
  openalex =     {W2153975459},
  publisher =    {MIT Press},
  series =       {Conference Track Proceedings},
  title =        {TrueSkill™: A Bayesian Skill Rating System},
  volume =       19,
  year =         2006
}

@inproceedings{herbster2006prediction,
  address =      {Vancouver, British Columbia, Canada},
  author =       {Herbster, Mark and Pontil, Massimiliano},
  booktitle =    {Advances in Neural Information Processing Systems 19
                  (NIPS)},
  editor =       {Schölkopf, Bernhard and Platt, John and Hoffman,
                  Thomas},
  month =        {December},
  note =
                  {\url{https://proceedings.neurips.cc/paper_files/paper/2006/file/cc3d69ed781b16bce06687822ae56e6d-Paper.pdf}},
  openalex =     {W2117012462},
  publisher =    {MIT Press},
  series =       {Conference Track Proceedings},
  title =        {Prediction on a Graph with a Perceptron},
  volume =       19,
  year =         2006
}

@inproceedings{hero2006geometric,
  address =      {Vancouver, British Columbia, Canada},
  author =       {Hero, Alfred O.},
  booktitle =    {Advances in Neural Information Processing Systems 19
                  (NIPS)},
  editor =       {Schölkopf, B. and Platt, J. and Hoffman, T.},
  month =        {December},
  note =
                  {\url{https://proceedings.neurips.cc/paper_files/paper/2006/file/1160453108d3e537255e9f7b931f4e90-Paper.pdf}},
  openalex =     {W2100253601},
  publisher =    {MIT Press},
  series =       {Conference Track Proceedings},
  title =        {Geometric entropy minimization (GEM) for anomaly
                  detection and localization},
  volume =       19,
  year =         2006
}

@inproceedings{hershey2006separation,
  address =      {Vancouver, British Columbia, Canada},
  author =       {Hershey, John R. and Kristjansson, Trausti and
                  Rennie, Steven J. and Olsen, Peder A.},
  booktitle =    {Advances in Neural Information Processing Systems 19
                  (NIPS)},
  editor =       {B. Schölkopf and J. Platt and T. Hoffman},
  month =        {December},
  note =
                  {\url{https://proceedings.neurips.cc/paper_files/paper/2006/file/6788076842014c83cedadbe6b0ba0314-Paper.pdf}},
  openalex =     {W2112921197},
  publisher =    {MIT Press},
  series =       {Conference Track Proceedings},
  title =        {Single Channel Speech Separation Using Factorial
                  Dynamics},
  volume =       19,
  year =         2006
}

@inproceedings{hillel2006recognition,
  address =      {Vancouver, British Columbia, Canada},
  author =       {Hillel, Aharon and Weinshall, Daphna},
  booktitle =    {Advances in Neural Information Processing Systems 19
                  (NIPS)},
  editor =       {B. Schölkopf and J. Platt and T. Hoffman},
  month =        {December},
  note =
                  {\url{https://proceedings.neurips.cc/paper_files/paper/2006/file/54fda78aa8a09b4d77b5aaec57b75028-Paper.pdf}},
  publisher =    {MIT Press},
  series =       {Conference Track Proceedings},
  title =        {Subordinate Class Recognition Using Relational
                  Object Models},
  volume =       19,
  year =         2006
}

@inproceedings{huang2006correcting,
  address =      {Vancouver, British Columbia, Canada},
  author =       {Huang, Jiayuan and Smola, Alexander J. and Gretton,
                  Arthur and Borgwardt, Karsten and Schölkopf,
                  Bernhard},
  booktitle =    {Advances in Neural Information Processing Systems 19
                  (NIPS)},
  editor =       {Schölkopf, Bernhard and Platt, John and Hoffman,
                  Tobias},
  month =        {December},
  note =
                  {\url{https://proceedings.neurips.cc/paper_files/paper/2006/file/a2186aa7c086b46ad4e8bf81e2a3a19b-Paper.pdf}},
  openalex =     {W2112483442},
  publisher =    {MIT Press},
  series =       {Conference Track Proceedings},
  title =        {Correcting Sample Selection Bias by Unlabeled Data},
  volume =       19,
  year =         2006
}

@inproceedings{huang2006in,
  address =      {Vancouver, British Columbia, Canada},
  author =       {Huang, Ling and Nguyen, XuanLong and Garofalakis,
                  Minos and Jordan, Michael I. and Joseph, Anthony
                  D. and Taft, Nina},
  booktitle =    {Advances in Neural Information Processing Systems 19
                  (NIPS)},
  editor =       {Schölkopf, B. and Platt, J. and Hoffman, T.},
  month =        {December},
  note =
                  {\url{https://proceedings.neurips.cc/paper_files/paper/2006/file/2227d753dc18505031869d44673728e2-Paper.pdf}},
  openalex =     {W2171604933},
  publisher =    {MIT Press},
  series =       {Conference Track Proceedings},
  title =        {In-Network PCA and Anomaly Detection},
  volume =       19,
  year =         2006
}

@inproceedings{huang2006sparse,
  address =      {Vancouver, British Columbia, Canada},
  author =       {Huang, Ke and Aviyente, Selin},
  booktitle =    {Advances in Neural Information Processing Systems 19
                  (NIPS)},
  editor =       {Schölkopf, Bernhard and Platt, John and Hoffman,
                  Thomas},
  month =        {December},
  note =
                  {\url{https://proceedings.neurips.cc/paper_files/paper/2006/file/c922de9e01cba8a4684f6c3471130e4c-Paper.pdf}},
  openalex =     {W2146047955},
  publisher =    {MIT Press},
  series =       {Conference Track Proceedings},
  title =        {Sparse Representation for Signal Classification},
  volume =       19,
  year =         2006
}

@inproceedings{ihler2006learning,
  address =      {Vancouver, British Columbia, Canada},
  author =       {Ihler, Alexander and Smyth, Padhraic},
  booktitle =    {Advances in Neural Information Processing Systems 19
                  (NIPS)},
  editor =       {Schölkopf, Bernhard and Platt, John and Hoffman,
                  Tobias},
  month =        {December},
  note =
                  {\url{https://proceedings.neurips.cc/paper_files/paper/2006/file/8a56257ea05c74018291954fc56fc448-Paper.pdf}},
  openalex =     {W2129293435},
  publisher =    {MIT Press},
  series =       {Conference Track Proceedings},
  title =        {Learning Time-Intensity Profiles of Human Activity
                  using Non-Parametric Bayesian Models},
  volume =       19,
  year =         2006
}

@inproceedings{jaakkola2006parameter,
  address =      {Vancouver, British Columbia, Canada},
  author =       {Qi, Yuan and Jaakkola, Tommi},
  booktitle =    {Advances in Neural Information Processing Systems 19
                  (NIPS)},
  editor =       {Schölkopf, Bernhard and Platt, John and Hoffman,
                  Tobias},
  month =        {December},
  note =
                  {\url{https://proceedings.neurips.cc/paper_files/paper/2006/file/9922f5774d88b203c4ec0fdd26616899-Paper.pdf}},
  openalex =     {W2098620445},
  publisher =    {MIT Press},
  series =       {Conference Track Proceedings},
  title =        {Parameter Expanded Variational Bayesian Methods},
  volume =       19,
  year =         2006
}

@inproceedings{jaeger2006speakers,
  address =      {Vancouver, British Columbia, Canada},
  author =       {Lévy, Roger and Jaeger, T. Florian},
  booktitle =    {Advances in Neural Information Processing Systems 19
                  (NIPS)},
  editor =       {Schölkopf, Bernhard and Platt, John and Hoffman,
                  Thomas},
  month =        {December},
  note =
                  {\url{https://proceedings.neurips.cc/paper_files/paper/2006/file/c6a01432c8138d46ba39957a8250e027-Paper.pdf}},
  openalex =     {W2157365695},
  publisher =    {MIT Press},
  series =       {Conference Track Proceedings},
  title =        {Speakers optimize information density through
                  syntactic reduction},
  volume =       19,
  year =         2006
}

@inproceedings{jenssen2006kernel,
  address =      {Vancouver, British Columbia, Canada},
  author =       {Jenssen, Robert and Eltoft, Torbjørn and Girolami,
                  Mark and Erdoğmuş, Deniz},
  booktitle =    {Advances in Neural Information Processing Systems 19
                  (NIPS)},
  editor =       {Schölkopf, B. and Platt, J. and Hoffman, T.},
  month =        {December},
  note =
                  {\url{https://proceedings.neurips.cc/paper_files/paper/2006/file/097e26b2ffb0339458b55da17425a71f-Paper.pdf}},
  openalex =     {W2164678670},
  publisher =    {MIT Press},
  series =       {Conference Track Proceedings},
  title =        {Kernel Maximum Entropy Data Transformation and an
                  Enhanced Spectral Clustering Algorithm},
  volume =       19,
  year =         2006
}

@inproceedings{johnson2006grammars,
  address =      {Vancouver, British Columbia, Canada},
  author =       {Johnson, Mark and Griffiths, Thomas L. and
                  Goldwater, Sharon},
  booktitle =    {Advances in Neural Information Processing Systems 19
                  (NIPS)},
  editor =       {B. Schölkopf and J. Platt and T. Hoffman},
  month =        {December},
  note =
                  {\url{https://proceedings.neurips.cc/paper_files/paper/2006/file/62f91ce9b820a491ee78c108636db089-Paper.pdf}},
  openalex =     {W2117126688},
  publisher =    {MIT Press},
  series =       {Conference Track Proceedings},
  title =        {Adaptor Grammars: A Framework for Specifying
                  Compositional Nonparametric Bayesian Models},
  volume =       19,
  year =         2006
}

@inproceedings{kagian2006humanlike,
  address =      {Vancouver, British Columbia, Canada},
  author =       {Kagian, Amit and Dror, Gideon and Leyvand, Tommer
                  and Cohen‐Or, Daniel and Ruppin, Eytan},
  booktitle =    {Advances in Neural Information Processing Systems 19
                  (NIPS)},
  editor =       {Schölkopf, Bernhard and Platt, John and Hoffman,
                  Tobias},
  month =        {December},
  note =
                  {\url{https://proceedings.neurips.cc/paper_files/paper/2006/file/9e6a921fbc428b5638b3986e365d4f21-Paper.pdf}},
  openalex =     {W2152186880},
  publisher =    {MIT Press},
  series =       {Conference Track Proceedings},
  title =        {A Humanlike Predictor of Facial Attractiveness},
  volume =       19,
  year =         2006
}

@inproceedings{kannan2006clustering,
  address =      {Vancouver, British Columbia, Canada},
  author =       {Kannan, Anitha and Winn, John and Rother, Carsten},
  booktitle =    {Advances in Neural Information Processing Systems 19
                  (NIPS)},
  editor =       {Schölkopf, Bernhard and Platt, John and Hoffman,
                  Thomas},
  month =        {December},
  note =
                  {\url{https://proceedings.neurips.cc/paper_files/paper/2006/file/d9b1655c134b831076d6c45620a78c33-Paper.pdf}},
  openalex =     {W2155209169},
  publisher =    {MIT Press},
  series =       {Conference Track Proceedings},
  title =        {Clustering appearance and shape by learning jigsaws},
  volume =       19,
  year =         2006
}

@inproceedings{kawahara2006kernel,
  address =      {Vancouver, British Columbia, Canada},
  author =       {Kawahara, Yoshinobu and Yairi, Takehisa and Machida,
                  Kazuo},
  booktitle =    {Advances in Neural Information Processing Systems 19
                  (NIPS)},
  editor =       {Schölkopf, Bernhard and Platt, John and Hoffman,
                  Tobias},
  month =        {December},
  note =
                  {\url{https://proceedings.neurips.cc/paper_files/paper/2006/file/96629f1aac6ddb7a7cfa82574b6722d4-Paper.pdf}},
  openalex =     {W2159931662},
  publisher =    {MIT Press},
  series =       {Conference Track Proceedings},
  title =        {A Kernel Subspace Method by Stochastic Realization
                  for Learning Nonlinear Dynamical Systems},
  volume =       19,
  year =         2006
}

@inproceedings{keerthi2006efficient,
  address =      {Vancouver, British Columbia, Canada},
  author =       {Keerthi, S. Sathiya and Sindhwani, Vikas and
                  Chapelle, Olivier},
  booktitle =    {Advances in Neural Information Processing Systems 19
                  (NIPS)},
  editor =       {Schölkopf, Bernhard and Platt, John and Hoffman,
                  Thomas},
  month =        {December},
  note =
                  {\url{https://proceedings.neurips.cc/paper_files/paper/2006/file/cc431fd7ec4437de061c2577a4603995-Paper.pdf}},
  openalex =     {W2124022122},
  publisher =    {MIT Press},
  series =       {Conference Track Proceedings},
  title =        {An Efficient Method for Gradient-Based Adaptation of
                  Hyperparameters in SVM Models},
  volume =       19,
  year =         2006
}

@inproceedings{kemp2006combining,
  address =      {Vancouver, British Columbia, Canada},
  author =       {Kemp, Charles and Shafto, Patrick and Berke, Allison
                  and Tenenbaum, Joshua},
  booktitle =    {Advances in Neural Information Processing Systems 19
                  (NIPS)},
  editor =       {Schölkopf, B. and Platt, J. and Hoffman, T.},
  month =        {December},
  note =
                  {\url{https://proceedings.neurips.cc/paper_files/paper/2006/file/1aa057313c28fa4a40c5bc084b11d276-Paper.pdf}},
  publisher =    {MIT Press},
  series =       {Conference Track Proceedings},
  title =        {Combining Causal and Similarity-Based Reasoning},
  volume =       19,
  year =         2006
}

@inproceedings{kienzle2006nonparametric,
  address =      {Vancouver, British Columbia, Canada},
  author =       {Kienzle, Wolf and Wichmann, Felix A. and Schölkopf,
                  Bernhard and Franz, Matthias},
  booktitle =    {Advances in Neural Information Processing Systems 19
                  (NIPS)},
  editor =       {Schölkopf, Bernhard and Platt, John and Hoffman,
                  Tobias},
  month =        {December},
  note =
                  {\url{https://proceedings.neurips.cc/paper_files/paper/2006/file/a2d10d355cdebc879e4fc6ecc6f63dd7-Paper.pdf}},
  openalex =     {W2138015733},
  publisher =    {MIT Press},
  series =       {Conference Track Proceedings},
  title =        {A Nonparametric Approach to Bottom-Up Visual
                  Saliency},
  volume =       19,
  year =         2006
}

@inproceedings{kim2006hierarchical,
  address =      {Vancouver, British Columbia, Canada},
  author =       {Kim, Seyoung and Smyth, Padhraic},
  booktitle =    {Advances in Neural Information Processing Systems 19
                  (NIPS)},
  editor =       {Schölkopf, B. and Platt, J. and Hoffman, T.},
  month =        {December},
  note =
                  {\url{https://proceedings.neurips.cc/paper_files/paper/2006/file/2ef3e50fd7c1091dda165f25be7f64fd-Paper.pdf}},
  openalex =     {W2136327423},
  publisher =    {MIT Press},
  series =       {Conference Track Proceedings},
  title =        {Hierarchical Dirichlet Processes with Random
                  Effects},
  volume =       19,
  year =         2006
}

@inproceedings{kimmel2006information,
  address =      {Vancouver, British Columbia, Canada},
  author =       {Kimmel, Joseph M. and Salter, Richard and Thomas,
                  Peter J.},
  booktitle =    {Advances in Neural Information Processing Systems 19
                  (NIPS)},
  editor =       {Schölkopf, Bernhard and Platt, John and Hoffman,
                  Thomas},
  month =        {December},
  note =
                  {\url{https://proceedings.neurips.cc/paper_files/paper/2006/file/cb12d7f933e7d102c52231bf62b8a678-Paper.pdf}},
  openalex =     {W2164019639},
  publisher =    {MIT Press},
  series =       {Conference Track Proceedings},
  title =        {An Information Theoretic Framework for Eukaryotic
                  Gradient Sensing},
  volume =       19,
  year =         2006
}

@inproceedings{klampfl2006information,
  address =      {Vancouver, British Columbia, Canada},
  author =       {Klampfl, Stefan and Legenstein, Robert and Maass,
                  Wolfgang},
  booktitle =    {Advances in Neural Information Processing Systems 19
                  (NIPS)},
  editor =       {Schölkopf, Bernhard and Platt, John and Hoffman,
                  Thomas},
  month =        {December},
  note =
                  {\url{https://proceedings.neurips.cc/paper_files/paper/2006/file/bb073f2855d769be5bf191f6378f7150-Paper.pdf}},
  openalex =     {W2128458622},
  publisher =    {MIT Press},
  series =       {Conference Track Proceedings},
  title =        {Information Bottleneck Optimization and Independent
                  Component Extraction with Spiking Neurons},
  volume =       19,
  year =         2006
}

@inproceedings{kobayashi2006predicting,
  address =      {Vancouver, British Columbia, Canada},
  author =       {Kobayashi, Ryota and Shinomoto, Shigeru},
  booktitle =    {Advances in Neural Information Processing Systems 19
                  (NIPS)},
  editor =       {Schölkopf, B. and Platt, J. and Hoffman, T.},
  month =        {December},
  note =
                  {\url{https://proceedings.neurips.cc/paper_files/paper/2006/file/0cd60efb5578cd967c3c23894f305800-Paper.pdf}},
  openalex =     {W2159785547},
  publisher =    {MIT Press},
  series =       {Conference Track Proceedings},
  title =        {Predicting spike times from subthreshold dynamics of
                  a neuron},
  volume =       19,
  year =         2006
}

@inproceedings{kondor2006gaussian,
  address =      {Vancouver, British Columbia, Canada},
  author =       {Kondor, Risi and Jebara, Tony},
  booktitle =    {Advances in Neural Information Processing Systems 19
                  (NIPS)},
  editor =       {Schölkopf, Bernhard and Platt, John and Hoffman,
                  Tobias},
  month =        {December},
  note =
                  {\url{https://proceedings.neurips.cc/paper_files/paper/2006/file/b23f52202479e957b9bada847c1175d7-Paper.pdf}},
  openalex =     {W2127309999},
  publisher =    {MIT Press},
  series =       {Conference Track Proceedings},
  title =        {Gaussian and Wishart Hyperkernels},
  volume =       19,
  year =         2006
}

@inproceedings{kording2006causal,
  address =      {Vancouver, British Columbia, Canada},
  author =       {Körding, Konrad and Tenenbaum, Joshua B.},
  booktitle =    {Advances in Neural Information Processing Systems 19
                  (NIPS)},
  editor =       {Schölkopf, Bernhard and Platt, John and Hoffman,
                  Tobias},
  month =        {December},
  note =
                  {\url{https://proceedings.neurips.cc/paper_files/paper/2006/file/92a08bf918f44ccd961477be30023da1-Paper.pdf}},
  openalex =     {W2148803273},
  publisher =    {MIT Press},
  series =       {Conference Track Proceedings},
  title =        {Causal inference in sensorimotor integration},
  volume =       19,
  year =         2006
}

@inproceedings{kording2006multiple,
  address =      {Vancouver, British Columbia, Canada},
  author =       {Körding, Konrad and Tenenbaum, Joshua B. and
                  Shadmehr, Reza},
  booktitle =    {Advances in Neural Information Processing Systems 19
                  (NIPS)},
  editor =       {Schölkopf, B. and Platt, J. and Hoffman, T.},
  month =        {December},
  note =
                  {\url{https://proceedings.neurips.cc/paper_files/paper/2006/file/0ebf197205c00fc6e0aac7261a8c1bdc-Paper.pdf}},
  openalex =     {W2152844465},
  publisher =    {MIT Press},
  series =       {Conference Track Proceedings},
  title =        {Multiple timescales and uncertainty in motor
                  adaptation},
  volume =       19,
  year =         2006
}

@inproceedings{krauledat2006reducing,
  address =      {Vancouver, British Columbia, Canada},
  author =       {Krauledat, Matthias and Schröder, Michael and
                  Blankertz, Benjamin and Müller, Klaus‐Robert},
  booktitle =    {Advances in Neural Information Processing Systems 19
                  (NIPS)},
  editor =       {Schölkopf, B. and Platt, J. and Hoffman, T.},
  month =        {December},
  note =
                  {\url{https://proceedings.neurips.cc/paper_files/paper/2006/file/275d7fb2fd45098ad5c3ece2ed4a2824-Paper.pdf}},
  openalex =     {W2102265412},
  publisher =    {MIT Press},
  series =       {Conference Track Proceedings},
  title =        {Reducing Calibration Time For Brain-Computer
                  Interfaces: A Clustering Approach},
  volume =       19,
  year =         2006
}

@inproceedings{kurihara2006accelerated,
  address =      {Vancouver, British Columbia, Canada},
  author =       {Kurihara, Kenichi and Welling, Max and Vlassis,
                  Nikos},
  booktitle =    {Advances in Neural Information Processing Systems 19
                  (NIPS)},
  editor =       {Schölkopf, B. and Platt, J. and Hoffman, T.},
  month =        {December},
  note =
                  {\url{https://proceedings.neurips.cc/paper_files/paper/2006/file/2bd235c31c97855b7ef2dc8b414779af-Paper.pdf}},
  openalex =     {W2168319451},
  publisher =    {MIT Press},
  series =       {Conference Track Proceedings},
  title =        {Accelerated Variational Dirichlet Process Mixtures},
  volume =       19,
  year =         2006
}

@inproceedings{lacasse2006bounds,
  address =      {Vancouver, British Columbia, Canada},
  author =       {Lacasse, Alexandre and Laviolette, François and
                  Marchand, Mario and Germain, Pascal and Usunier,
                  Nicolas},
  booktitle =    {Advances in Neural Information Processing Systems 19
                  (NIPS)},
  editor =       {B. Schölkopf and J. Platt and T. Hoffman},
  month =        {December},
  note =
                  {\url{https://proceedings.neurips.cc/paper_files/paper/2006/file/779efbd24d5a7e37ce8dc93e7c04d572-Paper.pdf}},
  openalex =     {W2165265965},
  publisher =    {MIT Press},
  series =       {Conference Track Proceedings},
  title =        {PAC-Bayes Bounds for the Risk of the Majority Vote
                  and the Variance of the Gibbs Classifier},
  volume =       19,
  year =         2006
}

@inproceedings{laub2006violations,
  address =      {Vancouver, British Columbia, Canada},
  author =       {Laub, Julian and Macke, Jakob H. and Müller,
                  Klaus-Robert and Wichmann, Felix A.},
  booktitle =    {Advances in Neural Information Processing Systems 19
                  (NIPS)},
  editor =       {B. Schölkopf and J. Platt and T. Hoffman},
  month =        {December},
  note =
                  {\url{https://proceedings.neurips.cc/paper_files/paper/2006/file/748d6b6ed8e13f857ceaa6cfbdca14b8-Paper.pdf}},
  openalex =     {W2097421333},
  publisher =    {MIT Press},
  series =       {Conference Track Proceedings},
  title =        {Inducing Metric Violations in Human Similarity
                  Judgements},
  volume =       19,
  year =         2006
}

@inproceedings{lawrence2006modelling,
  address =      {Vancouver, British Columbia, Canada},
  author =       {Lawrence, Neil D. and Sanguinetti, Guido and
                  Rattray, Magnus},
  booktitle =    {Advances in Neural Information Processing Systems 19
                  (NIPS)},
  editor =       {B. Schölkopf and J. Platt and T. Hoffman},
  month =        {December},
  note =
                  {\url{https://proceedings.neurips.cc/paper_files/paper/2006/file/f42c7f9c8aeab0fc412031e192e2119d-Paper.pdf}},
  openalex =     {W2124584833},
  publisher =    {MIT Press},
  series =       {Conference Track Proceedings},
  title =        {Modelling transcriptional regulation using Gaussian
                  processes},
  volume =       19,
  year =         2006
}

@inproceedings{lee2006bayesian,
  address =      {Vancouver, British Columbia, Canada},
  author =       {Lee, Michael and Fuss, Ian and Navarro, Daniel J.},
  booktitle =    {Advances in Neural Information Processing Systems 19
                  (NIPS)},
  editor =       {B. Schölkopf and J. Platt and T. Hoffman},
  month =        {December},
  note =
                  {\url{https://proceedings.neurips.cc/paper_files/paper/2006/file/4b86ca48d90bd5f0978afa3a012503a4-Paper.pdf}},
  openalex =     {W2128616704},
  publisher =    {MIT Press},
  series =       {Conference Track Proceedings},
  title =        {A Bayesian Approach to Diffusion Models of
                  Decision-Making and Response Time},
  volume =       19,
  year =         2006
}

@inproceedings{lee2006efficienta,
  address =      {Vancouver, British Columbia, Canada},
  author =       {Lee, Honglak and Battle, Alexis and Raina, Rajat and
                  Ng, Andrew},
  booktitle =    {Advances in Neural Information Processing Systems 19
                  (NIPS)},
  editor =       {Schölkopf, B. and Platt, J. and Hoffman, T.},
  month =        {December},
  note =
                  {\url{https://proceedings.neurips.cc/paper_files/paper/2006/file/2d71b2ae158c7c5912cc0bbde2bb9d95-Paper.pdf}},
  publisher =    {MIT Press},
  series =       {Conference Track Proceedings},
  title =        {Efficient Sparse Coding Algorithms},
  volume =       19,
  year =         2006
}

@inproceedings{lee2006efficientb,
  address =      {Vancouver, British Columbia, Canada},
  author =       {Lee, Su-in and Ganapathi, Varun and Koller, Daphne},
  booktitle =    {Advances in Neural Information Processing Systems 19
                  (NIPS)},
  editor =       {Schölkopf, Bernhard and Platt, John and Hoffman,
                  Tobias},
  month =        {December},
  note =
                  {\url{https://proceedings.neurips.cc/paper_files/paper/2006/file/a4380923dd651c195b1631af7c829187-Paper.pdf}},
  publisher =    {MIT Press},
  series =       {Conference Track Proceedings},
  title =        {Efficient Structure Learning of Markov Networks
                  using ℓ_1-Regularization},
  volume =       19,
  year =         2006
}

@inproceedings{lee2006learning,
  address =      {Vancouver, British Columbia, Canada},
  author =       {Lee, Chi-Hoon and Wang, Shaojun and Jiao, Feng and
                  Schuurmans, Dale and Greiner, Russell},
  booktitle =    {Advances in Neural Information Processing Systems 19
                  (NIPS)},
  editor =       {Schölkopf, Bernhard and Platt, John and Hoffman,
                  Tobias},
  month =        {December},
  note =
                  {\url{https://proceedings.neurips.cc/paper_files/paper/2006/file/a0ba2648acd23dc7a5829968ce531a7d-Paper.pdf}},
  openalex =     {W2101664365},
  publisher =    {MIT Press},
  series =       {Conference Track Proceedings},
  title =        {Learning to Model Spatial Dependency:
                  Semi-Supervised Discriminative Random Fields},
  volume =       19,
  year =         2006
}

@inproceedings{lemm2006aggregating,
  address =      {Vancouver, British Columbia, Canada},
  author =       {Lemm, Steven and Schäfer, Christin and Curio,
                  Gabriel},
  booktitle =    {Advances in Neural Information Processing Systems 19
                  (NIPS)},
  editor =       {Schölkopf, B. and Platt, J. and Hoffman, T.},
  month =        {December},
  note =
                  {\url{https://proceedings.neurips.cc/paper_files/paper/2006/file/2b45e8d6abf59038a975faeeb6dc0782-Paper.pdf}},
  openalex =     {W2145000929},
  publisher =    {MIT Press},
  series =       {Conference Track Proceedings},
  title =        {Aggregating Classification Accuracy across Time:
                  Application to Single Trial EEG},
  volume =       19,
  year =         2006
}

@inproceedings{lengyel2006uncertainty,
  address =      {Vancouver, British Columbia, Canada},
  author =       {Lengyel, Máté and Dayan, Peter},
  booktitle =    {Advances in Neural Information Processing Systems 19
                  (NIPS)},
  editor =       {Schölkopf, Bernhard and Platt, John and Hoffman,
                  Thomas},
  month =        {December},
  note =
                  {\url{https://proceedings.neurips.cc/paper_files/paper/2006/file/c5d9256689c43036581f781c61f26e50-Paper.pdf}},
  openalex =     {W2115379800},
  publisher =    {MIT Press},
  series =       {Conference Track Proceedings},
  title =        {Uncertainty, phase and oscillatory hippocampal
                  recall},
  volume =       19,
  year =         2006
}

@inproceedings{levin2006blind,
  address =      {Vancouver, British Columbia, Canada},
  author =       {Levin, Anat},
  booktitle =    {Advances in Neural Information Processing Systems 19
                  (NIPS)},
  editor =       {Schölkopf, B. and Platt, J. and Hoffman, T.},
  month =        {December},
  note =
                  {\url{https://proceedings.neurips.cc/paper_files/paper/2006/file/2bb0502c80b7432eee4c5847a5fd077b-Paper.pdf}},
  openalex =     {W2165746464},
  publisher =    {MIT Press},
  series =       {Conference Track Proceedings},
  title =        {Blind Motion Deblurring Using Image Statistics},
  volume =       19,
  year =         2006
}

@inproceedings{lewi2006real,
  address =      {Vancouver, British Columbia, Canada},
  author =       {Lewi, Jeremy and Butera, Robert J. and Paninski,
                  Liam},
  booktitle =    {Advances in Neural Information Processing Systems 19
                  (NIPS)},
  editor =       {Schölkopf, Bernhard and Platt, John and Hoffman,
                  Tobias},
  month =        {December},
  note =
                  {\url{https://proceedings.neurips.cc/paper_files/paper/2006/file/8004d637b6236202217be3dfcdd8ce59-Paper.pdf}},
  openalex =     {W2134465553},
  publisher =    {MIT Press},
  series =       {Conference Track Proceedings},
  title =        {Real-time adaptive information-theoretic
                  optimization of neurophysiology experiments},
  volume =       19,
  year =         2006
}

@inproceedings{li2006conditional,
  address =      {Vancouver, British Columbia, Canada},
  author =       {Li, Ping and Church, Kenneth and Hastie, Trevor},
  booktitle =    {Advances in Neural Information Processing Systems 19
                  (NIPS)},
  editor =       {Schölkopf, Bernhard and Platt, John and Hoffman,
                  Tobias},
  month =        {December},
  note =
                  {\url{https://proceedings.neurips.cc/paper_files/paper/2006/file/aa6b7ad9d68bf3443c35d23de844463b-Paper.pdf}},
  openalex =     {W2130484710},
  publisher =    {MIT Press},
  series =       {Conference Track Proceedings},
  title =        {Conditional Random Sampling: A Sketch-based Sampling
                  Technique for Sparse Data},
  volume =       19,
  year =         2006
}

@inproceedings{li2006learnability,
  address =      {Vancouver, British Columbia, Canada},
  author =       {Li, Yi and Long, Philip M.},
  booktitle =    {Advances in Neural Information Processing Systems 19
                  (NIPS)},
  editor =       {B. Schölkopf and J. Platt and T. Hoffman},
  month =        {December},
  note =
                  {\url{https://proceedings.neurips.cc/paper_files/paper/2006/file/f5496252609c43eb8a3d147ab9b9c006-Paper.pdf}},
  openalex =     {W2143639182},
  publisher =    {MIT Press},
  series =       {Conference Track Proceedings},
  title =        {Learnability and the Doubling Dimension},
  volume =       19,
  year =         2006
}

@inproceedings{li2006learning,
  address =      {Vancouver, British Columbia, Canada},
  author =       {Li, Wenye and Lee, Kin-Hong and Leung, Kwong‐Sak},
  booktitle =    {Advances in Neural Information Processing Systems 19
                  (NIPS)},
  editor =       {B. Schölkopf and J. Platt and T. Hoffman},
  month =        {December},
  note =
                  {\url{https://proceedings.neurips.cc/paper_files/paper/2006/file/77edbe5f897a5dbcde49d31bec1537b8-Paper.pdf}},
  openalex =     {W2130204755},
  publisher =    {MIT Press},
  series =       {Conference Track Proceedings},
  title =        {Generalized Regularized Least-Squares Learning with
                  Predefined Features in a Hilbert Space},
  volume =       19,
  year =         2006
}

@inproceedings{li2006ordinal,
  address =      {Vancouver, British Columbia, Canada},
  author =       {Li, Ling and Lin, Hsuan-Tien},
  booktitle =    {Advances in Neural Information Processing Systems 19
                  (NIPS)},
  editor =       {Schölkopf, B. and Platt, J. and Hoffman, T.},
  month =        {December},
  note =
                  {\url{https://proceedings.neurips.cc/paper_files/paper/2006/file/019f8b946a256d9357eadc5ace2c8678-Paper.pdf}},
  openalex =     {W2128186735},
  publisher =    {MIT Press},
  series =       {Conference Track Proceedings},
  title =        {Ordinal Regression by Extended Binary
                  Classification},
  volume =       19,
  year =         2006
}

@inproceedings{lindgren2006emergence,
  address =      {Vancouver, British Columbia, Canada},
  author =       {Lindgren, Jussi and Hyvärinen, Aapo},
  booktitle =    {Advances in Neural Information Processing Systems 19
                  (NIPS)},
  editor =       {Schölkopf, Bernhard and Platt, John and Hoffman,
                  Thomas},
  month =        {December},
  note =
                  {\url{https://proceedings.neurips.cc/paper_files/paper/2006/file/ee16fa83c0f151ef85e617f5aa3867a6-Paper.pdf}},
  openalex =     {W2125531734},
  publisher =    {MIT Press},
  series =       {Conference Track Proceedings},
  title =        {Emergence of conjunctive visual features by
                  quadratic independent component analysis},
  volume =       19,
  year =         2006
}

@inproceedings{listgarten2006bayesian,
  address =      {Vancouver, British Columbia, Canada},
  author =       {Listgarten, Jennifer and Neal, Radford M. and
                  Roweis, Sam T. and Puckrin, Rachel and Cutler, Sean
                  R.},
  booktitle =    {Advances in Neural Information Processing Systems 19
                  (NIPS)},
  editor =       {Schölkopf, B. and Platt, J. and Hoffman, T.},
  month =        {December},
  note =
                  {\url{https://proceedings.neurips.cc/paper_files/paper/2006/file/248024541dbda1d3fd75fe49d1a4df4d-Paper.pdf}},
  openalex =     {W2143087872},
  publisher =    {MIT Press},
  series =       {Conference Track Proceedings},
  title =        {Bayesian Detection of Infrequent Differences in Sets
                  of Time Series with Shared Structure},
  volume =       19,
  year =         2006
}

@inproceedings{liu2006analysis,
  address =      {Vancouver, British Columbia, Canada},
  author =       {Liu, Ce and Freeman, William T. and Adelson, Edward
                  H.},
  booktitle =    {Advances in Neural Information Processing Systems 19
                  (NIPS)},
  editor =       {Schölkopf, Bernhard and Platt, John and Hoffman,
                  Tobias},
  month =        {December},
  note =
                  {\url{https://proceedings.neurips.cc/paper_files/paper/2006/file/9023effe3c16b0477df9b93e26d57e2c-Paper.pdf}},
  openalex =     {W2144553193},
  publisher =    {MIT Press},
  series =       {Conference Track Proceedings},
  title =        {Analysis of Contour Motions},
  volume =       19,
  year =         2006
}

@inproceedings{long2006attribute,
  address =      {Vancouver, British Columbia, Canada},
  author =       {Long, Philip M. and Servedio, Rocco A.},
  booktitle =    {Advances in Neural Information Processing Systems 19
                  (NIPS)},
  editor =       {Schölkopf, Bernhard and Platt, John and Hoffman,
                  Tobias},
  month =        {December},
  note =
                  {\url{https://proceedings.neurips.cc/paper_files/paper/2006/file/a724b9124acc7b5058ed75a31a9c2919-Paper.pdf}},
  openalex =     {W2122537655},
  publisher =    {MIT Press},
  series =       {Conference Track Proceedings},
  title =        {Attribute-efficient learning of decision lists and
                  linear threshold functions under unconcentrated
                  distributions},
  volume =       19,
  year =         2006
}

@inproceedings{lu2006extraction,
  address =      {Vancouver, British Columbia, Canada},
  author =       {Lü, Le and Hager, Gregory D.},
  booktitle =    {Advances in Neural Information Processing Systems 19
                  (NIPS)},
  editor =       {B. Schölkopf and J. Platt and T. Hoffman},
  month =        {December},
  note =
                  {\url{https://proceedings.neurips.cc/paper_files/paper/2006/file/53a1320cb5d2f56130ad5222f93da374-Paper.pdf}},
  openalex =     {W2136839463},
  publisher =    {MIT Press},
  series =       {Conference Track Proceedings},
  title =        {Dynamic Foreground/Background Extraction from Images
                  and Videos using Random Patches},
  volume =       19,
  year =         2006
}

@inproceedings{luksys2006effects,
  address =      {Vancouver, British Columbia, Canada},
  author =       {Lukšys, Gediminas and Knüsel, Jérémie and
                  Sheynikhovich, Denis and Sandi, Carmen and Gerstner,
                  Wulfram},
  booktitle =    {Advances in Neural Information Processing Systems 19
                  (NIPS)},
  editor =       {Schölkopf, Bernhard and Platt, John and Hoffman,
                  Thomas},
  month =        {December},
  note =
                  {\url{https://proceedings.neurips.cc/paper_files/paper/2006/file/b91b1facf3b3a7890177f02ac188f14c-Paper.pdf}},
  openalex =     {W2121055453},
  publisher =    {MIT Press},
  series =       {Conference Track Proceedings},
  title =        {Effects of Stress and Genotype on Meta-parameter
                  Dynamics in Reinforcement Learning},
  volume =       19,
  year =         2006
}

@inproceedings{lyu2006modeling,
  address =      {Vancouver, British Columbia, Canada},
  author =       {Lyu, Siwei and Simoncelli, Eero P.},
  booktitle =    {Advances in Neural Information Processing Systems 19
                  (NIPS)},
  editor =       {B. Schölkopf and J. Platt and T. Hoffman},
  month =        {December},
  note =
                  {\url{https://proceedings.neurips.cc/paper_files/paper/2006/file/3fd60983292458bf7dee75f12d5e9e05-Paper.pdf}},
  openalex =     {W2164735965},
  publisher =    {MIT Press},
  series =       {Conference Track Proceedings},
  title =        {Statistical Modeling of Images with Fields of
                  Gaussian Scale Mixtures},
  volume =       19,
  year =         2006
}

@inproceedings{mandel2006em,
  address =      {Vancouver, British Columbia, Canada},
  author =       {Mandel, Michael and Ellis, Daniel and Jebara, Tony},
  booktitle =    {Advances in Neural Information Processing Systems 19
                  (NIPS)},
  editor =       {Schölkopf, Bernhard and Platt, John and Hoffman,
                  Tobias},
  month =        {December},
  note =
                  {\url{https://proceedings.neurips.cc/paper_files/paper/2006/file/99ef04eb612baf0e86671a5109e22154-Paper.pdf}},
  publisher =    {MIT Press},
  series =       {Conference Track Proceedings},
  title =        {An EM Algorithm for Localizing Multiple Sound
                  Sources in Reverberant Environments},
  volume =       19,
  year =         2006
}

@inproceedings{mao2006isotonic,
  address =      {Vancouver, British Columbia, Canada},
  author =       {Mao, Yi and Lebanon, Guy},
  booktitle =    {Advances in Neural Information Processing Systems 19
                  (NIPS)},
  editor =       {Schölkopf, B. and Platt, J. and Hoffman, T.},
  month =        {December},
  note =
                  {\url{https://proceedings.neurips.cc/paper_files/paper/2006/file/32cbf687880eb1674a07bf717761dd3a-Paper.pdf}},
  openalex =     {W2127467141},
  publisher =    {MIT Press},
  series =       {Conference Track Proceedings},
  title =        {Isotonic Conditional Random Fields and Local
                  Sentiment Flow},
  volume =       19,
  year =         2006
}

@inproceedings{mcneill2006matching,
  address =      {Vancouver, British Columbia, Canada},
  author =       {McNeill, Graham and Vijayakumar, Sethu},
  booktitle =    {Advances in Neural Information Processing Systems 19
                  (NIPS)},
  editor =       {B. Schölkopf and J. Platt and T. Hoffman},
  month =        {December},
  note =
                  {\url{https://proceedings.neurips.cc/paper_files/paper/2006/file/5d4ae76f053f8f2516ad12961ef7fe97-Paper.pdf}},
  openalex =     {W2126893099},
  publisher =    {MIT Press},
  series =       {Conference Track Proceedings},
  title =        {Part-based Probabilistic Point Matching using
                  Equivalence Constraints},
  volume =       19,
  year =         2006
}

@inproceedings{meeds2006modeling,
  address =      {Vancouver, British Columbia, Canada},
  author =       {Meeds, Edward and Ghahramani, Zoubin and Neal,
                  Radford M. and Roweis, Sam T.},
  booktitle =    {Advances in Neural Information Processing Systems 19
                  (NIPS)},
  editor =       {Schölkopf, B. and Platt, J. and Hoffman, T.},
  month =        {December},
  note =
                  {\url{https://proceedings.neurips.cc/paper_files/paper/2006/file/272e11700558e27be60f7489d2d782e7-Paper.pdf}},
  openalex =     {W2106813372},
  publisher =    {MIT Press},
  series =       {Conference Track Proceedings},
  title =        {Modeling Dyadic Data with Binary Latent Factors},
  volume =       19,
  year =         2006
}

@inproceedings{moosmann2006fast,
  address =      {Vancouver, British Columbia, Canada},
  author =       {Moosmann, Frank and Triggs, Bill and Jurie,
                  Frédéric},
  booktitle =    {Advances in Neural Information Processing Systems 19
                  (NIPS)},
  editor =       {Schölkopf, Bernhard and Platt, John and Hoffman,
                  Thomas},
  month =        {December},
  note =
                  {\url{https://proceedings.neurips.cc/paper_files/paper/2006/file/d3157f2f0212a80a5d042c127522a2d5-Paper.pdf}},
  openalex =     {W2104170135},
  publisher =    {MIT Press},
  series =       {Conference Track Proceedings},
  title =        {Fast Discriminative Visual Codebooks using
                  Randomized Clustering Forests},
  volume =       19,
  year =         2006
}

@inproceedings{mozer2006context,
  address =      {Vancouver, British Columbia, Canada},
  author =       {Mozer, Michael C. and Shettel, Michael and Holmes,
                  Michael P.},
  booktitle =    {Advances in Neural Information Processing Systems 19
                  (NIPS)},
  editor =       {Schölkopf, Bernhard and Platt, John and Hoffman,
                  Tobias},
  month =        {December},
  note =
                  {\url{https://proceedings.neurips.cc/paper_files/paper/2006/file/9808ae38758804501ca3fc0697050e03-Paper.pdf}},
  openalex =     {W2134305700},
  publisher =    {MIT Press},
  series =       {Conference Track Proceedings},
  title =        {Context Effects in Category Learning: An
                  Investigation of Four Probabilistic Models},
  volume =       19,
  year =         2006
}

@inproceedings{murray2006multi,
  address =      {Vancouver, British Columbia, Canada},
  author =       {Murray, Chris and Gordon, Geoffrey J.},
  booktitle =    {Advances in Neural Information Processing Systems 19
                  (NIPS)},
  editor =       {Schölkopf, Bernhard and Platt, John and Hoffman,
                  Tobias},
  month =        {December},
  note =
                  {\url{https://proceedings.neurips.cc/paper_files/paper/2006/file/ada5e0b63ef60e2239fa8abdd4aa2f8e-Paper.pdf}},
  openalex =     {W2136104991},
  publisher =    {MIT Press},
  series =       {Conference Track Proceedings},
  title =        {Multi-Robot Negotiation: Approximating the Set of
                  Subgame Perfect Equilibria in General-Sum Stochastic
                  Games},
  volume =       19,
  year =         2006
}

@inproceedings{myronenko2006non,
  address =      {Vancouver, British Columbia, Canada},
  author =       {Myronenko, Andriy and Song, Xubo and
                  Carreira-Perpiñán, Miguel Á.},
  booktitle =    {Advances in Neural Information Processing Systems 19
                  (NIPS)},
  editor =       {Schölkopf, B. and Platt, J. and Hoffman, T.},
  month =        {December},
  note =
                  {\url{https://proceedings.neurips.cc/paper_files/paper/2006/file/3b2d8f129ae2f408f2153cd9ce663043-Paper.pdf}},
  openalex =     {W2110463399},
  publisher =    {MIT Press},
  series =       {Conference Track Proceedings},
  title =        {Non-rigid point set registration: Coherent Point
                  Drift},
  volume =       19,
  year =         2006
}

@inproceedings{nadler2006fundamental,
  address =      {Vancouver, British Columbia, Canada},
  author =       {Nadler, Boaz and Galun, Meirav},
  booktitle =    {Advances in Neural Information Processing Systems 19
                  (NIPS)},
  editor =       {Schölkopf, Bernhard and Platt, John and Hoffman,
                  Thomas},
  month =        {December},
  note =
                  {\url{https://proceedings.neurips.cc/paper_files/paper/2006/file/bdb6920adcd0457aa17b53b22963dad9-Paper.pdf}},
  openalex =     {W2099097464},
  publisher =    {MIT Press},
  series =       {Conference Track Proceedings},
  title =        {Fundamental Limitations of Spectral Clustering},
  volume =       19,
  year =         2006
}

@inproceedings{narayanan2006on,
  address =      {Vancouver, British Columbia, Canada},
  author =       {Narayanan, Hariharan and Belkin, Mikhail and Niyogi,
                  Partha},
  booktitle =    {Advances in Neural Information Processing Systems 19
                  (NIPS)},
  editor =       {Schölkopf, Bernhard and Platt, John and Hoffman,
                  Thomas},
  month =        {December},
  note =
                  {\url{https://proceedings.neurips.cc/paper_files/paper/2006/file/e93028bdc1aacdfb3687181f2031765d-Paper.pdf}},
  openalex =     {W2105465566},
  publisher =    {MIT Press},
  series =       {Conference Track Proceedings},
  title =        {On the Relation Between Low Density Separation,
                  Spectral Clustering and Graph Cuts},
  volume =       19,
  year =         2006
}

@inproceedings{navarro2006nonparametric,
  address =      {Vancouver, British Columbia, Canada},
  author =       {Navarro, Daniel J. and Griffiths, Thomas L.},
  booktitle =    {Advances in Neural Information Processing Systems 19
                  (NIPS)},
  editor =       {Schölkopf, B. and Platt, J. and Hoffman, T.},
  month =        {December},
  note =
                  {\url{https://proceedings.neurips.cc/paper_files/paper/2006/file/2ecd2bd94734e5dd392d8678bc64cdab-Paper.pdf}},
  openalex =     {W2145545054},
  publisher =    {MIT Press},
  series =       {Conference Track Proceedings},
  title =        {A Nonparametric Bayesian Method for Inferring
                  Features From Similarity Judgments},
  volume =       19,
  year =         2006
}

@inproceedings{nikolic2006dynamics,
  address =      {Vancouver, British Columbia, Canada},
  author =       {Nikolić, Danko and Haeusler, Stefan and Singer, Wolf
                  and Maass, Wolfgang},
  booktitle =    {Advances in Neural Information Processing Systems 19
                  (NIPS)},
  editor =       {B. Schölkopf and J. Platt and T. Hoffman},
  month =        {December},
  note =
                  {\url{https://proceedings.neurips.cc/paper_files/paper/2006/file/60792d855cd8a912a97711f91a1f155c-Paper.pdf}},
  openalex =     {W2129345728},
  publisher =    {MIT Press},
  series =       {Conference Track Proceedings},
  title =        {Temporal dynamics of information content carried by
                  neurons in the primary visual cortex},
  volume =       19,
  year =         2006
}

@inproceedings{omlor2006blind,
  address =      {Vancouver, British Columbia, Canada},
  author =       {Omlor, Lars and Giese, Martin A.},
  booktitle =    {Advances in Neural Information Processing Systems 19
                  (NIPS)},
  editor =       {Schölkopf, B. and Platt, J. and Hoffman, T.},
  month =        {December},
  note =
                  {\url{https://proceedings.neurips.cc/paper_files/paper/2006/file/0cdf61037d7053ca59347ab230818335-Paper.pdf}},
  openalex =     {W2157101553},
  publisher =    {MIT Press},
  series =       {Conference Track Proceedings},
  title =        {Blind source separation for over-determined delayed
                  mixtures},
  volume =       19,
  year =         2006
}

@inproceedings{ott2006neurodynamics,
  address =      {Vancouver, British Columbia, Canada},
  author =       {Ott, Thomas and Stoop, Ruedi},
  booktitle =    {Advances in Neural Information Processing Systems 19
                  (NIPS)},
  editor =       {Schölkopf, Bernhard and Platt, John and Hoffman,
                  Tobias},
  month =        {December},
  note =
                  {\url{https://proceedings.neurips.cc/paper_files/paper/2006/file/9aeade7beada35c83d3b344fbafe43b0-Paper.pdf}},
  openalex =     {W2161622754},
  publisher =    {MIT Press},
  series =       {Conference Track Proceedings},
  title =        {The Neurodynamics of Belief Propagation on Binary
                  Markov Random Fields},
  volume =       19,
  year =         2006
}

@inproceedings{pandey2006advertisements,
  address =      {Vancouver, British Columbia, Canada},
  author =       {Pandey, Sandeep and Olston, Christopher},
  booktitle =    {Advances in Neural Information Processing Systems 19
                  (NIPS)},
  editor =       {B. Schölkopf and J. Platt and T. Hoffman},
  month =        {December},
  note =
                  {\url{https://proceedings.neurips.cc/paper_files/paper/2006/file/5a01f0597ac4bdf35c24846734ee9a76-Paper.pdf}},
  openalex =     {W2126394879},
  publisher =    {MIT Press},
  series =       {Conference Track Proceedings},
  title =        {Handling Advertisements of Unknown Quality in Search
                  Advertising},
  volume =       19,
  year =         2006
}

@inproceedings{parise2006bayesian,
  address =      {Vancouver, British Columbia, Canada},
  author =       {Parise, Sridevi and Welling, Max},
  booktitle =    {Advances in Neural Information Processing Systems 19
                  (NIPS)},
  editor =       {Schölkopf, B. and Platt, J. and Hoffman, T.},
  month =        {December},
  note =
                  {\url{https://proceedings.neurips.cc/paper_files/paper/2006/file/32b3ee0272954b956a7d1f86f76afa21-Paper.pdf}},
  openalex =     {W2132186169},
  publisher =    {MIT Press},
  series =       {Conference Track Proceedings},
  title =        {Bayesian Model Scoring in Markov Random Fields},
  volume =       19,
  year =         2006
}

@inproceedings{perezbreva2006game,
  address =      {Vancouver, British Columbia, Canada},
  author =       {Perez-Breva, Luis and Ortiz, Luis E. and Yeang,
                  Chen‐Hsiang and Jaakkola, Tommi},
  booktitle =    {Advances in Neural Information Processing Systems 19
                  (NIPS)},
  editor =       {Schölkopf, B. and Platt, J. and Hoffman, T.},
  month =        {December},
  note =
                  {\url{https://proceedings.neurips.cc/paper_files/paper/2006/file/05b8caaf6ba6f4bdb68675ab8b893bda-Paper.pdf}},
  openalex =     {W2106856651},
  publisher =    {MIT Press},
  series =       {Conference Track Proceedings},
  title =        {Game Theoretic Algorithms for Protein-DNA binding},
  volume =       19,
  year =         2006
}

@inproceedings{pickup2006bayesian,
  address =      {Vancouver, British Columbia, Canada},
  author =       {Pickup, L. and Capel, David and Roberts, Stephen and
                  Zisserman, Andrew},
  booktitle =    {Advances in Neural Information Processing Systems 19
                  (NIPS)},
  editor =       {Schölkopf, B. and Platt, J. and Hoffman, T.},
  month =        {December},
  note =
                  {\url{https://proceedings.neurips.cc/paper_files/paper/2006/file/10ce03a1ed01077e3e289f3e53c72813-Paper.pdf}},
  openalex =     {W2126739786},
  publisher =    {MIT Press},
  series =       {Conference Track Proceedings},
  title =        {Bayesian Image Super-resolution, Continued},
  volume =       19,
  year =         2006
}

@inproceedings{rabbat2006inferring,
  address =      {Vancouver, British Columbia, Canada},
  author =       {Rabbat, Michael and Figueiredo, Mário and Nowak,
                  Robert},
  booktitle =    {Advances in Neural Information Processing Systems 19
                  (NIPS)},
  editor =       {Schölkopf, Bernhard and Platt, John and Hoffman,
                  Thomas},
  month =        {December},
  note =
                  {\url{https://proceedings.neurips.cc/paper_files/paper/2006/file/c1502ae5a4d514baec129f72948c266e-Paper.pdf}},
  publisher =    {MIT Press},
  series =       {Conference Track Proceedings},
  title =        {Inferring Network Structure from Co-Occurrences},
  volume =       19,
  year =         2006
}

@inproceedings{raetsch2006large,
  address =      {Vancouver, British Columbia, Canada},
  author =       {Rätsch, Gunnar and Sonnenburg, Sören},
  booktitle =    {Advances in Neural Information Processing Systems 19
                  (NIPS)},
  editor =       {B. Schölkopf and J. Platt and T. Hoffman},
  month =        {December},
  note =
                  {\url{https://proceedings.neurips.cc/paper_files/paper/2006/file/faa453efde4ac6a36849ba381feb9e87-Paper.pdf}},
  openalex =     {W2154616575},
  publisher =    {MIT Press},
  series =       {Conference Track Proceedings},
  title =        {Large Scale Hidden Semi-Markov SVMs},
  volume =       19,
  year =         2006
}

@inproceedings{rahimi2006unsupervised,
  address =      {Vancouver, British Columbia, Canada},
  author =       {Rahimi, Ali and Recht, Ben},
  booktitle =    {Advances in Neural Information Processing Systems 19
                  (NIPS)},
  editor =       {Schölkopf, Bernhard and Platt, John and Hoffman,
                  Thomas},
  month =        {December},
  note =
                  {\url{https://proceedings.neurips.cc/paper_files/paper/2006/file/f0204e1d3ee3e4b05de4e2ddbd39e076-Paper.pdf}},
  openalex =     {W2113253075},
  publisher =    {MIT Press},
  series =       {Conference Track Proceedings},
  title =        {Unsupervised Regression with Applications to
                  Nonlinear System Identification},
  volume =       19,
  year =         2006
}

@inproceedings{rakhlin2006stability,
  address =      {Vancouver, British Columbia, Canada},
  author =       {Rakhlin, Alexander and Caponnetto, Andrea},
  booktitle =    {Advances in Neural Information Processing Systems 19
                  (NIPS)},
  editor =       {B. Schölkopf and J. Platt and T. Hoffman},
  month =        {December},
  note =
                  {\url{https://proceedings.neurips.cc/paper_files/paper/2006/file/58191d2a914c6dae66371c9dcdc91b41-Paper.pdf}},
  openalex =     {W2166076290},
  publisher =    {MIT Press},
  series =       {Conference Track Proceedings},
  title =        {Stability of K-Means Clustering},
  volume =       19,
  year =         2006
}

@inproceedings{ramanan2006learning,
  address =      {Vancouver, British Columbia, Canada},
  author =       {Ramanan, Deva},
  booktitle =    {Advances in Neural Information Processing Systems 19
                  (NIPS)},
  editor =       {Schölkopf, Bernhard and Platt, John and Hoffman,
                  Tobias},
  month =        {December},
  note =
                  {\url{https://proceedings.neurips.cc/paper_files/paper/2006/file/a209ca7b50dcaab2db7c2d4d1223d4d5-Paper.pdf}},
  openalex =     {W2105990640},
  publisher =    {MIT Press},
  series =       {Conference Track Proceedings},
  title =        {Learning to parse images of articulated bodies},
  volume =       19,
  year =         2006
}

@inproceedings{ramirez2006analysis,
  address =      {Vancouver, British Columbia, Canada},
  author =       {Ramírez, Rey R. and Palmer, Jason and Makeig, Scott
                  and Rao, Bhaskar D. and Wipf, David},
  booktitle =    {Advances in Neural Information Processing Systems 19
                  (NIPS)},
  editor =       {Schölkopf, Bernhard and Platt, John and Hoffman,
                  Thomas},
  month =        {December},
  note =
                  {\url{https://proceedings.neurips.cc/paper_files/paper/2006/file/ccd2e3eaa5c991ac880991328c8f1463-Paper.pdf}},
  openalex =     {W2107238106},
  publisher =    {MIT Press},
  series =       {Conference Track Proceedings},
  title =        {Analysis of Empirical Bayesian Methods for
                  Neuroelectromagnetic Source Localization},
  volume =       19,
  year =         2006
}

@inproceedings{ranzato2006efficient,
  address =      {Vancouver, British Columbia, Canada},
  author =       {Ranzato, Marc'Aurelio and Poultney, Christopher and
                  Chopra, Sumit and Cun, Yann},
  booktitle =    {Advances in Neural Information Processing Systems 19
                  (NIPS)},
  editor =       {Schölkopf, Bernhard and Platt, John and Hoffman,
                  Tobias},
  month =        {December},
  note =
                  {\url{https://proceedings.neurips.cc/paper_files/paper/2006/file/87f4d79e36d68c3031ccf6c55e9bbd39-Paper.pdf}},
  publisher =    {MIT Press},
  series =       {Conference Track Proceedings},
  title =        {Efficient Learning of Sparse Representations with an
                  Energy-Based Model},
  volume =       19,
  year =         2006
}

@inproceedings{raphan2006learning,
  address =      {Vancouver, British Columbia, Canada},
  author =       {Raphan, Martin and Simoncelli, Eero P.},
  booktitle =    {Advances in Neural Information Processing Systems 19
                  (NIPS)},
  editor =       {Schölkopf, Bernhard and Platt, John and Hoffman,
                  Tobias},
  month =        {December},
  note =
                  {\url{https://proceedings.neurips.cc/paper_files/paper/2006/file/908c9a564a86426585b29f5335b619bc-Paper.pdf}},
  openalex =     {W2153328975},
  publisher =    {MIT Press},
  series =       {Conference Track Proceedings},
  title =        {Learning to be Bayesian without Supervision},
  volume =       19,
  year =         2006
}

@inproceedings{richter2006actor,
  address =      {Vancouver, British Columbia, Canada},
  author =       {Richter, Silvia and Aberdeen, Douglas and Yu, Jin},
  booktitle =    {Advances in Neural Information Processing Systems 19
                  (NIPS)},
  editor =       {B. Schölkopf and J. Platt and T. Hoffman},
  month =        {December},
  note =
                  {\url{https://proceedings.neurips.cc/paper_files/paper/2006/file/78bc62d08a9a0b9b0b9c0ad339ef82d3-Paper.pdf}},
  openalex =     {W2102988084},
  publisher =    {MIT Press},
  series =       {Conference Track Proceedings},
  title =        {Natural Actor-Critic for Road Traffic Optimisation},
  volume =       19,
  year =         2006
}

@inproceedings{rieck2006computation,
  address =      {Vancouver, British Columbia, Canada},
  author =       {Rieck, Konrad and Laskov, Pavel and Sonnenburg,
                  Sören},
  booktitle =    {Advances in Neural Information Processing Systems 19
                  (NIPS)},
  editor =       {Schölkopf, Bernhard and Platt, John and Hoffman,
                  Tobias},
  month =        {December},
  note =
                  {\url{https://proceedings.neurips.cc/paper_files/paper/2006/file/a36e841c5230a79c2102036d2e259848-Paper.pdf}},
  openalex =     {W2141437135},
  publisher =    {MIT Press},
  series =       {Conference Track Proceedings},
  title =        {Computation of Similarity Measures for Sequential
                  Data using Generalized Suffix Trees},
  volume =       19,
  year =         2006
}

@inproceedings{roy2006hierarchies,
  address =      {Vancouver, British Columbia, Canada},
  author =       {Roy, Daniel M. and Kemp, Charles and Mansinghka,
                  Vikash K. and Tenenbaum, Joshua B.},
  booktitle =    {Advances in Neural Information Processing Systems 19
                  (NIPS)},
  editor =       {B. Schölkopf and J. Platt and T. Hoffman},
  month =        {December},
  note =
                  {\url{https://proceedings.neurips.cc/paper_files/paper/2006/file/663fd3c5144fd10bd5ca6611a9a5b92d-Paper.pdf}},
  openalex =     {W2134647431},
  publisher =    {MIT Press},
  series =       {Conference Track Proceedings},
  title =        {Learning annotated hierarchies from relational data},
  volume =       19,
  year =         2006
}

@inproceedings{rubinstein2006shifting,
  address =      {Vancouver, British Columbia, Canada},
  author =       {Rubinstein, Benjamin I. P. and Bartlett, Peter
                  L. and Rubinstein, J. Hyam},
  booktitle =    {Advances in Neural Information Processing Systems 19
                  (NIPS)},
  editor =       {Schölkopf, Bernhard and Platt, John and Hoffman,
                  Tobias},
  month =        {December},
  note =
                  {\url{https://proceedings.neurips.cc/paper_files/paper/2006/file/a11ce019e96a4c60832eadd755a17a58-Paper.pdf}},
  openalex =     {W2170172516},
  publisher =    {MIT Press},
  series =       {Conference Track Proceedings},
  title =        {Shifting, One-Inclusion Mistake Bounds and Tight
                  Multiclass Expected Risk Bounds},
  volume =       19,
  year =         2006
}

@inproceedings{samonds2006neurophysiological,
  address =      {Vancouver, British Columbia, Canada},
  author =       {Samonds, Jason and Potetz, Brian and Lee, Tai},
  booktitle =    {Advances in Neural Information Processing Systems 19
                  (NIPS)},
  editor =       {Schölkopf, Bernhard and Platt, John and Hoffman,
                  Tobias},
  month =        {December},
  note =
                  {\url{https://proceedings.neurips.cc/paper_files/paper/2006/file/b1f62fa99de9f27a048344d55c5ef7a6-Paper.pdf}},
  publisher =    {MIT Press},
  series =       {Conference Track Proceedings},
  title =        {Neurophysiological Evidence of Cooperative
                  Mechanisms for Stereo Computation},
  volume =       19,
  year =         2006
}

@inproceedings{saxena2006robotic,
  address =      {Vancouver, British Columbia, Canada},
  author =       {Saxena, Ashutosh and Driemeyer, Justin and Kearns,
                  Justin and Ng, Andrew},
  booktitle =    {Advances in Neural Information Processing Systems 19
                  (NIPS)},
  editor =       {Schölkopf, B. and Platt, J. and Hoffman, T.},
  month =        {December},
  note =
                  {\url{https://proceedings.neurips.cc/paper_files/paper/2006/file/22722a343513ed45f14905eb07621686-Paper.pdf}},
  publisher =    {MIT Press},
  series =       {Conference Track Proceedings},
  title =        {Robotic Grasping of Novel Objects},
  volume =       19,
  year =         2006
}

@inproceedings{schrater2006theory,
  address =      {Vancouver, British Columbia, Canada},
  author =       {Schrater, Paul and Sundareswara, Rashmi},
  booktitle =    {Advances in Neural Information Processing Systems 19
                  (NIPS)},
  editor =       {Schölkopf, B. and Platt, J. and Hoffman, T.},
  month =        {December},
  note =
                  {\url{https://proceedings.neurips.cc/paper_files/paper/2006/file/2836be05e71a8f34902a6e6b37350134-Paper.pdf}},
  openalex =     {W2130641533},
  publisher =    {MIT Press},
  series =       {Conference Track Proceedings},
  title =        {Theory and Dynamics of Perceptual Bistability},
  volume =       19,
  year =         2006
}

@inproceedings{schraudolph2006fast,
  address =      {Vancouver, British Columbia, Canada},
  author =       {Schraudolph, Nicol N. and Günter, Simon and
                  Vishwanathan, S. V. N.},
  booktitle =    {Advances in Neural Information Processing Systems 19
                  (NIPS)},
  editor =       {Schölkopf, Bernhard and Platt, John and Hoffman,
                  Thomas},
  month =        {December},
  note =
                  {\url{https://proceedings.neurips.cc/paper_files/paper/2006/file/c5c1cb0bebd56ae38817b251ad72bedb-Paper.pdf}},
  openalex =     {W2142304170},
  publisher =    {MIT Press},
  series =       {Conference Track Proceedings},
  title =        {Fast Iterative Kernel PCA},
  volume =       19,
  year =         2006
}

@inproceedings{seeger2006cross,
  address =      {Vancouver, British Columbia, Canada},
  author =       {Seeger, Matthias},
  booktitle =    {Advances in Neural Information Processing Systems 19
                  (NIPS)},
  editor =       {Schölkopf, Bernhard and Platt, John and Hoffman,
                  Thomas},
  month =        {December},
  note =
                  {\url{https://proceedings.neurips.cc/paper_files/paper/2006/file/b8af7d0fbf094517781e0382102d7b27-Paper.pdf}},
  openalex =     {W2107171438},
  publisher =    {MIT Press},
  series =       {Conference Track Proceedings},
  title =        {Cross-Validation Optimization for Large Scale
                  Hierarchical Classification Kernel Methods},
  volume =       19,
  year =         2006
}

@inproceedings{seldin2006bottleneck,
  address =      {Vancouver, British Columbia, Canada},
  author =       {Seldin, Yevgeny and Slonim, Noam and Tishby,
                  Naftali},
  booktitle =    {Advances in Neural Information Processing Systems 19
                  (NIPS)},
  editor =       {B. Schölkopf and J. Platt and T. Hoffman},
  month =        {December},
  note =
                  {\url{https://proceedings.neurips.cc/paper_files/paper/2006/file/494ba9ff03bdad881378a6fd4092a6c7-Paper.pdf}},
  openalex =     {W2116310860},
  publisher =    {MIT Press},
  series =       {Conference Track Proceedings},
  title =        {Information Bottleneck for Non Co-Occurrence Data},
  volume =       19,
  year =         2006
}

@inproceedings{sha2006large,
  address =      {Vancouver, British Columbia, Canada},
  author =       {Sha, Fei and Saul, Lawrence K.},
  booktitle =    {Advances in Neural Information Processing Systems 19
                  (NIPS)},
  editor =       {Schölkopf, Bernhard and Platt, John and Hoffman,
                  Thomas},
  month =        {December},
  note =
                  {\url{https://proceedings.neurips.cc/paper_files/paper/2006/file/f0b1d5879866f2c2eba77f39993d1184-Paper.pdf}},
  openalex =     {W2150142469},
  publisher =    {MIT Press},
  series =       {Conference Track Proceedings},
  title =        {Large Margin Hidden Markov Models for Automatic
                  Speech Recognition},
  volume =       19,
  year =         2006
}

@inproceedings{shakhnarovich2006nonlinear,
  address =      {Vancouver, British Columbia, Canada},
  author =       {Shakhnarovich, Gregory and Kim, Sung-phil and Black,
                  Michael J.},
  booktitle =    {Advances in Neural Information Processing Systems 19
                  (NIPS)},
  editor =       {Schölkopf, Bernhard and Platt, John and Hoffman,
                  Thomas},
  month =        {December},
  note =
                  {\url{https://proceedings.neurips.cc/paper_files/paper/2006/file/ef72d53990bc4805684c9b61fa64a102-Paper.pdf}},
  openalex =     {W2110852494},
  publisher =    {MIT Press},
  series =       {Conference Track Proceedings},
  title =        {Nonlinear physically-based models for decoding
                  motor-cortical population activity},
  volume =       19,
  year =         2006
}

@inproceedings{shalevshwartz2006convex,
  address =      {Vancouver, British Columbia, Canada},
  author =       {Shalev‐Shwartz, Shai and Singer, Yoram},
  booktitle =    {Advances in Neural Information Processing Systems 19
                  (NIPS)},
  editor =       {Schölkopf, B. and Platt, J. and Hoffman, T.},
  month =        {December},
  note =
                  {\url{https://proceedings.neurips.cc/paper_files/paper/2006/file/1cfead9959b76ce44a847c850b61c587-Paper.pdf}},
  openalex =     {W2144954502},
  publisher =    {MIT Press},
  series =       {Conference Track Proceedings},
  title =        {Convex Repeated Games and Fenchel Duality},
  volume =       19,
  year =         2006
}

@inproceedings{shan2006recursive,
  address =      {Vancouver, British Columbia, Canada},
  author =       {Shan, Honghao and Zhang, Lingyun and Cottrell,
                  Garrison W.},
  booktitle =    {Advances in Neural Information Processing Systems 19
                  (NIPS)},
  editor =       {Schölkopf, Bernhard and Platt, John and Hoffman,
                  Tobias},
  month =        {December},
  note =
                  {\url{https://proceedings.neurips.cc/paper_files/paper/2006/file/9a96a2c73c0d477ff2a6da3bf538f4f4-Paper.pdf}},
  openalex =     {W2295723504},
  publisher =    {MIT Press},
  series =       {Conference Track Proceedings},
  title =        {Recursive ICA},
  volume =       19,
  year =         2006
}

@inproceedings{shelton2006chained,
  address =      {Vancouver, British Columbia, Canada},
  author =       {Shelton, Christian and Huie, Wesley and Kan, Kin},
  booktitle =    {Advances in Neural Information Processing Systems 19
                  (NIPS)},
  editor =       {Schölkopf, Bernhard and Platt, John and Hoffman,
                  Tobias},
  month =        {December},
  note =
                  {\url{https://proceedings.neurips.cc/paper_files/paper/2006/file/9ff0525c64bf3d4c9957a1d4397f1b40-Paper.pdf}},
  publisher =    {MIT Press},
  series =       {Conference Track Proceedings},
  title =        {Chained Boosting},
  volume =       19,
  year =         2006
}

@inproceedings{shimazaki2006recipe,
  address =      {Vancouver, British Columbia, Canada},
  author =       {Shimazaki, Hideaki and Shinomoto, Shigeru},
  booktitle =    {Advances in Neural Information Processing Systems 19
                  (NIPS)},
  editor =       {B. Schölkopf and J. Platt and T. Hoffman},
  month =        {December},
  note =
                  {\url{https://proceedings.neurips.cc/paper_files/paper/2006/file/747d3443e319a22747fbb873e8b2f9f2-Paper.pdf}},
  openalex =     {W2169686654},
  publisher =    {MIT Press},
  series =       {Conference Track Proceedings},
  title =        {A recipe for optimizing a time-histogram},
  volume =       19,
  year =         2006
}

@inproceedings{simonotto2006learning,
  address =      {Vancouver, British Columbia, Canada},
  author =       {Simonotto, Enrico and Whalley, Heather C. and
                  Lawrie, Stephen M. and Murray, Lawrence M. and
                  McGonigle, David J. and Storkey, Amos},
  booktitle =    {Advances in Neural Information Processing Systems 19
                  (NIPS)},
  editor =       {Schölkopf, Bernhard and Platt, John and Hoffman,
                  Thomas},
  month =        {December},
  note =
                  {\url{https://proceedings.neurips.cc/paper_files/paper/2006/file/c8862fc1a32725712838863fb1a260b9-Paper.pdf}},
  openalex =     {W2117561099},
  publisher =    {MIT Press},
  series =       {Conference Track Proceedings},
  title =        {Learning Structural Equation Models for fMRI},
  volume =       19,
  year =         2006
}

@inproceedings{sing2006mutagenetic,
  address =      {Vancouver, British Columbia, Canada},
  author =       {Sing, Tobias and Beerenwinkel, Niko},
  booktitle =    {Advances in Neural Information Processing Systems 19
                  (NIPS)},
  editor =       {Schölkopf, Bernhard and Platt, John and Hoffman,
                  Tobias},
  month =        {December},
  note =
                  {\url{https://proceedings.neurips.cc/paper_files/paper/2006/file/9edcc1391c208ba0b503fe9a22574251-Paper.pdf}},
  openalex =     {W2101898622},
  publisher =    {MIT Press},
  series =       {Conference Track Proceedings},
  title =        {Mutagenetic tree Fisher kernel improves prediction
                  of HIV drug resistance from viral genotype},
  volume =       19,
  year =         2006
}

@inproceedings{sohn2006hidden,
  address =      {Vancouver, British Columbia, Canada},
  author =       {Sohn, Kyung-ah and Xing, Eric},
  booktitle =    {Advances in Neural Information Processing Systems 19
                  (NIPS)},
  editor =       {Schölkopf, B. and Platt, J. and Hoffman, T.},
  month =        {December},
  note =
                  {\url{https://proceedings.neurips.cc/paper_files/paper/2006/file/1c303b0eed3133200cf715285011b4e4-Paper.pdf}},
  publisher =    {MIT Press},
  series =       {Conference Track Proceedings},
  title =        {Hidden Markov Dirichlet Process: Modeling Genetic
                  Recombination in Open Ancestral Space},
  volume =       19,
  year =         2006
}

@inproceedings{steinke2006learning,
  address =      {Vancouver, British Columbia, Canada},
  author =       {Steinke, Florian and Schölkopf, Bernhard and Blanz,
                  Volker},
  booktitle =    {Advances in Neural Information Processing Systems 19
                  (NIPS)},
  editor =       {Schölkopf, Bernhard and Platt, John and Hoffman,
                  Thomas},
  month =        {December},
  note =
                  {\url{https://proceedings.neurips.cc/paper_files/paper/2006/file/e22cb9d6bbb4c290a94e4fff4d68a831-Paper.pdf}},
  openalex =     {W2172224951},
  publisher =    {MIT Press},
  series =       {Conference Track Proceedings},
  title =        {Learning Dense 3D Correspondence},
  volume =       19,
  year =         2006
}

@inproceedings{steinwart2006oracle,
  address =      {Vancouver, British Columbia, Canada},
  author =       {Steinwart, Ingo and Hush, Don and Scovel, Clint},
  booktitle =    {Advances in Neural Information Processing Systems 19
                  (NIPS)},
  editor =       {Schölkopf, Bernhard and Platt, John and Hoffman,
                  Thomas},
  month =        {December},
  note =
                  {\url{https://proceedings.neurips.cc/paper_files/paper/2006/file/d8ab1a52f058358b947cdf8261b5e1a2-Paper.pdf}},
  openalex =     {W2143963751},
  publisher =    {MIT Press},
  series =       {Conference Track Proceedings},
  title =        {An Oracle Inequality for Clipped Regularized Risk
                  Minimizers},
  volume =       19,
  year =         2006
}

@inproceedings{sugiyama2006mixture,
  address =      {Vancouver, British Columbia, Canada},
  author =       {Storkey, Amos and Sugiyama, Masashi},
  booktitle =    {Advances in Neural Information Processing Systems 19
                  (NIPS)},
  editor =       {Schölkopf, Bernhard and Platt, John and Hoffman,
                  Tobias},
  month =        {December},
  note =
                  {\url{https://proceedings.neurips.cc/paper_files/paper/2006/file/a74c3bae3e13616104c1b25f9da1f11f-Paper.pdf}},
  openalex =     {W2167328503},
  publisher =    {MIT Press},
  series =       {Conference Track Proceedings},
  title =        {Mixture Regression for Covariate Shift},
  volume =       19,
  year =         2006
}

@inproceedings{tarlow2006using,
  address =      {Vancouver, British Columbia, Canada},
  author =       {Tarlow, Daniel and Elidan, Gal and Koller, Daphne
                  and Duchi, John C.},
  booktitle =    {Advances in Neural Information Processing Systems 19
                  (NIPS)},
  editor =       {Schölkopf, Bernhard and Platt, John and Hoffman,
                  Tobias},
  month =        {December},
  note =
                  {\url{https://proceedings.neurips.cc/paper_files/paper/2006/file/8b313cbf30999888de32da1ec83ff503-Paper.pdf}},
  openalex =     {W2104932313},
  publisher =    {MIT Press},
  series =       {Conference Track Proceedings},
  title =        {Using Combinatorial Optimization within Max-Product
                  Belief Propagation},
  volume =       19,
  year =         2006
}

@inproceedings{taylor2006modeling,
  address =      {Vancouver, British Columbia, Canada},
  author =       {Taylor, Graham W. and Hinton, Geoffrey E. and
                  Roweis, Sam T.},
  booktitle =    {Advances in Neural Information Processing Systems 19
                  (NIPS)},
  editor =       {Schölkopf, B. and Platt, J. and Hoffman, T.},
  month =        {December},
  note =
                  {\url{https://proceedings.neurips.cc/paper_files/paper/2006/file/1091660f3dff84fd648efe31391c5524-Paper.pdf}},
  openalex =     {W2158164339},
  publisher =    {MIT Press},
  series =       {Conference Track Proceedings},
  title =        {Modeling Human Motion Using Binary Latent Variables},
  volume =       19,
  year =         2006
}

@inproceedings{teh2006collapsed,
  address =      {Vancouver, British Columbia, Canada},
  author =       {Teh, Yee Whye and Newman, David and Welling, Max},
  booktitle =    {Advances in Neural Information Processing Systems 19
                  (NIPS)},
  editor =       {B. Schölkopf and J. Platt and T. Hoffman},
  month =        {December},
  note =
                  {\url{https://proceedings.neurips.cc/paper_files/paper/2006/file/532b7cbe070a3579f424988a040752f2-Paper.pdf}},
  openalex =     {W2130428211},
  publisher =    {MIT Press},
  series =       {Conference Track Proceedings},
  title =        {A Collapsed Variational Bayesian Inference Algorithm
                  for Latent Dirichlet Allocation},
  volume =       19,
  year =         2006
}

@inproceedings{theis2006towards,
  address =      {Vancouver, British Columbia, Canada},
  author =       {Theis, Fabian J.},
  booktitle =    {Advances in Neural Information Processing Systems 19
                  (NIPS)},
  editor =       {Schölkopf, B. and Platt, J. and Hoffman, T.},
  month =        {December},
  note =
                  {\url{https://proceedings.neurips.cc/paper_files/paper/2006/file/20479c788fb27378c2c99eadcf207e7f-Paper.pdf}},
  openalex =     {W2115431574},
  publisher =    {MIT Press},
  series =       {Conference Track Proceedings},
  title =        {Towards a general independent subspace analysis},
  volume =       19,
  year =         2006
}

@inproceedings{todorov2006linearly,
  address =      {Vancouver, British Columbia, Canada},
  author =       {Todorov, Emanuel},
  booktitle =    {Advances in Neural Information Processing Systems 19
                  (NIPS)},
  editor =       {Schölkopf, Bernhard and Platt, John and Hoffman,
                  Thomas},
  month =        {December},
  note =
                  {\url{https://proceedings.neurips.cc/paper_files/paper/2006/file/d806ca13ca3449af72a1ea5aedbed26a-Paper.pdf}},
  openalex =     {W2145060720},
  publisher =    {MIT Press},
  series =       {Conference Track Proceedings},
  title =        {Linearly-solvable Markov decision problems},
  volume =       19,
  year =         2006
}

@inproceedings{tomioka2006logistic,
  address =      {Vancouver, British Columbia, Canada},
  author =       {Tomioka, Ryota and Aihara, Kazuyuki and Müller,
                  Klaus‐Robert},
  booktitle =    {Advances in Neural Information Processing Systems 19
                  (NIPS)},
  editor =       {Schölkopf, B. and Platt, J. and Hoffman, T.},
  month =        {December},
  note =
                  {\url{https://proceedings.neurips.cc/paper_files/paper/2006/file/35937e34256cf4e5b2f7da08871d2a0b-Paper.pdf}},
  openalex =     {W2166218246},
  publisher =    {MIT Press},
  series =       {Conference Track Proceedings},
  title =        {Logistic Regression for Single Trial EEG
                  Classification},
  volume =       19,
  year =         2006
}

@inproceedings{torresani2006large,
  address =      {Vancouver, British Columbia, Canada},
  author =       {Torresani, Lorenzo and Lee, Kuang-Chih},
  booktitle =    {Advances in Neural Information Processing Systems 19
                  (NIPS)},
  editor =       {Schölkopf, Bernhard and Platt, John and Hoffman,
                  Thomas},
  month =        {December},
  note =
                  {\url{https://proceedings.neurips.cc/paper_files/paper/2006/file/dc6a7e655d7e5840e66733e9ee67cc69-Paper.pdf}},
  openalex =     {W2136261952},
  publisher =    {MIT Press},
  series =       {Conference Track Proceedings},
  title =        {Large Margin Component Analysis},
  volume =       19,
  year =         2006
}

@inproceedings{torresani2006learning,
  address =      {Vancouver, British Columbia, Canada},
  author =       {Torresani, Lorenzo and Hackney, Peggy and Bregler,
                  Christoph},
  booktitle =    {Advances in Neural Information Processing Systems 19
                  (NIPS)},
  editor =       {Schölkopf, Bernhard and Platt, John and Hoffman,
                  Thomas},
  month =        {December},
  note =
                  {\url{https://proceedings.neurips.cc/paper_files/paper/2006/file/d4a897919a124958e699170b2b1dc8f2-Paper.pdf}},
  openalex =     {W2109244124},
  publisher =    {MIT Press},
  series =       {Conference Track Proceedings},
  title =        {Learning Motion Style Synthesis from Perceptual
                  Observations},
  volume =       19,
  year =         2006
}

@inproceedings{tsang2006large,
  address =      {Vancouver, British Columbia, Canada},
  author =       {Tsang, Ivor W. and Kwok, James T.},
  booktitle =    {Advances in Neural Information Processing Systems 19
                  (NIPS)},
  editor =       {Schölkopf, B. and Platt, J. and Hoffman, T.},
  month =        {December},
  note =
                  {\url{https://proceedings.neurips.cc/paper_files/paper/2006/file/3a61ed715ee66c48bacf237fa7bb5289-Paper.pdf}},
  openalex =     {W2132146097},
  publisher =    {MIT Press},
  series =       {Conference Track Proceedings},
  title =        {Large-Scale Sparsified Manifold Regularization},
  volume =       19,
  year =         2006
}

@inproceedings{turian2006scalable,
  address =      {Vancouver, British Columbia, Canada},
  author =       {Turian, Joseph and Wellington, Benjamin and Melamed,
                  I. Dan},
  booktitle =    {Advances in Neural Information Processing Systems 19
                  (NIPS)},
  editor =       {Schölkopf, Bernhard and Platt, John and Hoffman,
                  Thomas},
  month =        {December},
  note =
                  {\url{https://proceedings.neurips.cc/paper_files/paper/2006/file/e8bf0f27d70d480d3ab793bb7619aaa5-Paper.pdf}},
  openalex =     {W2098823886},
  publisher =    {MIT Press},
  series =       {Conference Track Proceedings},
  title =        {Scalable Discriminative Learning for Natural
                  Language Parsing and Translation},
  volume =       19,
  year =         2006
}

@inproceedings{valizadegan2006generalized,
  address =      {Vancouver, British Columbia, Canada},
  author =       {Valizadegan, Hamed and Jin, Rong},
  booktitle =    {Advances in Neural Information Processing Systems 19
                  (NIPS)},
  editor =       {Schölkopf, Bernhard and Platt, John and Hoffman,
                  Thomas},
  month =        {December},
  note =
                  {\url{https://proceedings.neurips.cc/paper_files/paper/2006/file/be767243ca8f574c740fb4c26cc6dceb-Paper.pdf}},
  openalex =     {W2149982386},
  publisher =    {MIT Press},
  series =       {Conference Track Proceedings},
  title =        {Generalized Maximum Margin Clustering and
                  Unsupervised Kernel Learning},
  volume =       19,
  year =         2006
}

@inproceedings{vedaldi2006complexity,
  address =      {Vancouver, British Columbia, Canada},
  author =       {Vedaldi, Andrea and Soatto, Stefano},
  booktitle =    {Advances in Neural Information Processing Systems 19
                  (NIPS)},
  editor =       {Schölkopf, Bernhard and Platt, John and Hoffman,
                  Tobias},
  month =        {December},
  note =
                  {\url{https://proceedings.neurips.cc/paper_files/paper/2006/file/b6e710870acb098e584277457ba89d68-Paper.pdf}},
  openalex =     {W2121532090},
  publisher =    {MIT Press},
  series =       {Conference Track Proceedings},
  title =        {A Complexity-Distortion Approach to Joint Pattern
                  Alignment},
  volume =       19,
  year =         2006
}

@inproceedings{vidal2006online,
  address =      {Vancouver, British Columbia, Canada},
  author =       {Vidal, René},
  booktitle =    {Advances in Neural Information Processing Systems 19
                  (NIPS)},
  editor =       {Schölkopf, B. and Platt, J. and Hoffman, T.},
  month =        {December},
  note =
                  {\url{https://proceedings.neurips.cc/paper_files/paper/2006/file/2bd2e3373dce441c6c3bfadd1daa953e-Paper.pdf}},
  openalex =     {W2129545810},
  publisher =    {MIT Press},
  series =       {Conference Track Proceedings},
  title =        {Online Clustering of Moving Hyperplanes},
  volume =       19,
  year =         2006
}

@inproceedings{vinson2006prediction,
  address =      {Vancouver, British Columbia, Canada},
  author =       {Vinson, Jade P. and DeCaprio, David and Pearson,
                  Matthew D. and Luoma, Stacey and Galagan, James E.},
  booktitle =    {Advances in Neural Information Processing Systems 19
                  (NIPS)},
  editor =       {B. Schölkopf and J. Platt and T. Hoffman},
  month =        {December},
  note =
                  {\url{https://proceedings.neurips.cc/paper_files/paper/2006/file/65a31da7ede4dc9b03fb5bbf8f442ce9-Paper.pdf}},
  openalex =     {W2138894211},
  publisher =    {MIT Press},
  series =       {Conference Track Proceedings},
  title =        {Comparative Gene Prediction using Conditional Random
                  Fields},
  volume =       19,
  year =         2006
}

@inproceedings{voegtlin2006temporal,
  address =      {Vancouver, British Columbia, Canada},
  author =       {Voegtlin, Thomas},
  booktitle =    {Advances in Neural Information Processing Systems 19
                  (NIPS)},
  editor =       {Schölkopf, B. and Platt, J. and Hoffman, T.},
  month =        {December},
  note =
                  {\url{https://proceedings.neurips.cc/paper_files/paper/2006/file/2e0aca891f2a8aedf265edf533a6d9a8-Paper.pdf}},
  openalex =     {W2102862801},
  publisher =    {MIT Press},
  series =       {Conference Track Proceedings},
  title =        {Temporal Coding using the Response Properties of
                  Spiking Neurons},
  volume =       19,
  year =         2006
}

@inproceedings{wainwright2006high,
  address =      {Vancouver, British Columbia, Canada},
  author =       {Wainwright, Martin J and Lafferty, John and
                  Ravikumar, Pradeep},
  booktitle =    {Advances in Neural Information Processing Systems 19
                  (NIPS)},
  editor =       {Schölkopf, Bernhard and Platt, John and Hoffman,
                  Tobias},
  month =        {December},
  note =
                  {\url{https://proceedings.neurips.cc/paper_files/paper/2006/file/86b20716fbd5b253d27cec43127089bc-Paper.pdf}},
  publisher =    {MIT Press},
  series =       {Conference Track Proceedings},
  title =        {High-Dimensional Graphical Model Selection Using
                  ℓ_1-Regularized Logistic Regression},
  volume =       19,
  year =         2006
}

@inproceedings{walder2006implicit,
  address =      {Vancouver, British Columbia, Canada},
  author =       {Walder, Christian and Chapelle, Olivier and
                  Schölkopf, Bernhard},
  booktitle =    {Advances in Neural Information Processing Systems 19
                  (NIPS)},
  editor =       {B. Schölkopf and J. Platt and T. Hoffman},
  month =        {December},
  note =
                  {\url{https://proceedings.neurips.cc/paper_files/paper/2006/file/7b66e8931c93da8c88a0a8b6dec62f9e-Paper.pdf}},
  publisher =    {MIT Press},
  series =       {Conference Track Proceedings},
  title =        {Implicit Surfaces with Globally Regularized and
                  Compactly Supported Basis Functions},
  volume =       19,
  year =         2006
}

@inproceedings{wang2006processing,
  address =      {Vancouver, British Columbia, Canada},
  author =       {Wang, Yingxue and Douglas, Rodney J. and Liu,
                  Shih‐Chii},
  booktitle =    {Advances in Neural Information Processing Systems 19
                  (NIPS)},
  editor =       {B. Schölkopf and J. Platt and T. Hoffman},
  month =        {December},
  note =
                  {\url{https://proceedings.neurips.cc/paper_files/paper/2006/file/4aec1b3435c52abbdf8334ea0e7141e0-Paper.pdf}},
  openalex =     {W2140670196},
  publisher =    {MIT Press},
  series =       {Conference Track Proceedings},
  title =        {Attentional Processing on a Spike-Based VLSI Neural
                  Network},
  volume =       19,
  year =         2006
}

@inproceedings{warmuth2006randomized,
  address =      {Vancouver, British Columbia, Canada},
  author =       {Warmuth, Manfred K. and Kuzmin, Dima},
  booktitle =    {Advances in Neural Information Processing Systems 19
                  (NIPS)},
  editor =       {Schölkopf, Bernhard and Platt, John and Hoffman,
                  Tobias},
  month =        {December},
  note =
                  {\url{https://proceedings.neurips.cc/paper_files/paper/2006/file/a41b3bb3e6b050b6c9067c67f663b915-Paper.pdf}},
  openalex =     {W2152666411},
  publisher =    {MIT Press},
  series =       {Conference Track Proceedings},
  title =        {Randomized PCA Algorithms with Regret Bounds that
                  are Logarithmic in the Dimension},
  volume =       19,
  year =         2006
}

@inproceedings{weinberger2006graph,
  address =      {Vancouver, British Columbia, Canada},
  author =       {Weinberger, Kilian Q. and Sha, Fei and Zhu, Qihui
                  and Saul, Lawrence K.},
  booktitle =    {Advances in Neural Information Processing Systems 19
                  (NIPS)},
  editor =       {Schölkopf, B. and Platt, J. and Hoffman, T.},
  month =        {December},
  note =
                  {\url{https://proceedings.neurips.cc/paper_files/paper/2006/file/0a5c79b1eaf15445da252ada718857e9-Paper.pdf}},
  openalex =     {W2104780023},
  publisher =    {MIT Press},
  series =       {Conference Track Proceedings},
  title =        {Graph Laplacian Regularization for Large-Scale
                  Semidefinite Programming},
  volume =       19,
  year =         2006
}

@inproceedings{williams2006disparity,
  address =      {Vancouver, British Columbia, Canada},
  author =       {Williams, Oliver},
  booktitle =    {Advances in Neural Information Processing Systems 19
                  (NIPS)},
  editor =       {B. Schölkopf and J. Platt and T. Hoffman},
  month =        {December},
  note =
                  {\url{https://proceedings.neurips.cc/paper_files/paper/2006/file/60ad83801910ec976590f69f638e0d6d-Paper.pdf}},
  openalex =     {W2154770211},
  publisher =    {MIT Press},
  series =       {Conference Track Proceedings},
  title =        {A Switched Gaussian Process for Estimating Disparity
                  and Segmentation in Binocular Stereo},
  volume =       19,
  year =         2006
}

@inproceedings{wood2006particle,
  address =      {Vancouver, British Columbia, Canada},
  author =       {Wood, Frank and Griffiths, Thomas L.},
  booktitle =    {Advances in Neural Information Processing Systems 19
                  (NIPS)},
  editor =       {Schölkopf, B. and Platt, J. and Hoffman, T.},
  month =        {December},
  note =
                  {\url{https://proceedings.neurips.cc/paper_files/paper/2006/file/38ed162a0dbef7b3fe0f628aa08b90e7-Paper.pdf}},
  openalex =     {W2169376485},
  publisher =    {MIT Press},
  series =       {Conference Track Proceedings},
  title =        {Particle Filtering for Nonparametric Bayesian Matrix
                  Factorization},
  volume =       19,
  year =         2006
}

@inproceedings{wu2006local,
  address =      {Vancouver, British Columbia, Canada},
  author =       {Wu, Mingrui and Schölkopf, Bernhard},
  booktitle =    {Advances in Neural Information Processing Systems 19
                  (NIPS)},
  editor =       {Schölkopf, B. and Platt, J. and Hoffman, T.},
  month =        {December},
  note =
                  {\url{https://proceedings.neurips.cc/paper_files/paper/2006/file/366f0bc7bd1d4bf414073cabbadfdfcd-Paper.pdf}},
  openalex =     {W2107887685},
  publisher =    {MIT Press},
  series =       {Conference Track Proceedings},
  title =        {A Local Learning Approach for Clustering},
  volume =       19,
  year =         2006
}

@inproceedings{wu2006scalable,
  address =      {Vancouver, British Columbia, Canada},
  author =       {Wu, Lin and Baldi, Pierre},
  booktitle =    {Advances in Neural Information Processing Systems 19
                  (NIPS)},
  editor =       {B. Schölkopf and J. Platt and T. Hoffman},
  month =        {December},
  note =
                  {\url{https://proceedings.neurips.cc/paper_files/paper/2006/file/512fc3c5227f637e41437c999a2d3169-Paper.pdf}},
  openalex =     {W2101471689},
  publisher =    {MIT Press},
  series =       {Conference Track Proceedings},
  title =        {A Scalable Machine Learning Approach to Go},
  volume =       19,
  year =         2006
}

@inproceedings{xu2006robustness,
  address =      {Vancouver, British Columbia, Canada},
  author =       {Xu, Huan and Mannor, Shie},
  booktitle =    {Advances in Neural Information Processing Systems 19
                  (NIPS)},
  editor =       {Schölkopf, B. and Platt, J. and Hoffman, T.},
  month =        {December},
  note =
                  {\url{https://proceedings.neurips.cc/paper_files/paper/2006/file/177540c7bcb8db31697b601642eac8d4-Paper.pdf}},
  openalex =     {W2100110221},
  publisher =    {MIT Press},
  series =       {Conference Track Proceedings},
  title =        {The Robustness-Performance Tradeoff in Markov
                  Decision Processes},
  volume =       19,
  year =         2006
}

@inproceedings{yu2006optimal,
  address =      {Vancouver, British Columbia, Canada},
  author =       {Yu, Angela J.},
  booktitle =    {Advances in Neural Information Processing Systems 19
                  (NIPS)},
  editor =       {B. Schölkopf and J. Platt and T. Hoffman},
  month =        {December},
  note =
                  {\url{https://proceedings.neurips.cc/paper_files/paper/2006/file/5f268dfb0fbef44de0f668a022707b86-Paper.pdf}},
  openalex =     {W2097875561},
  publisher =    {MIT Press},
  series =       {Conference Track Proceedings},
  title =        {Optimal Change-Detection and Spiking Neurons},
  volume =       19,
  year =         2006
}

@inproceedings{yu2006stochastic,
  address =      {Vancouver, British Columbia, Canada},
  author =       {Yu, Kai and Chu, Wei and Yu, Shipeng and Tresp,
                  Volker and Xu, Zhao},
  booktitle =    {Advances in Neural Information Processing Systems 19
                  (NIPS)},
  editor =       {B. Schölkopf and J. Platt and T. Hoffman},
  month =        {December},
  note =
                  {\url{https://proceedings.neurips.cc/paper_files/paper/2006/file/71887f62f073a78511cbac56f8cab53f-Paper.pdf}},
  openalex =     {W2117234597},
  publisher =    {MIT Press},
  series =       {Conference Track Proceedings},
  title =        {Stochastic Relational Models for Discriminative Link
                  Prediction},
  volume =       19,
  year =         2006
}

@inproceedings{zass2006nonnegative,
  address =      {Vancouver, British Columbia, Canada},
  author =       {Zass, Ron and Shashua, Amnon},
  booktitle =    {Advances in Neural Information Processing Systems 19
                  (NIPS)},
  editor =       {B. Schölkopf and J. Platt and T. Hoffman},
  month =        {December},
  note =
                  {\url{https://proceedings.neurips.cc/paper_files/paper/2006/file/75b9b6dc7fe44437c6e0a69fd863dbab-Paper.pdf}},
  openalex =     {W2144353980},
  publisher =    {MIT Press},
  series =       {Conference Track Proceedings},
  title =        {Nonnegative Sparse PCA},
  volume =       19,
  year =         2006
}

@inproceedings{zass2006normalization,
  address =      {Vancouver, British Columbia, Canada},
  author =       {Zass, Ron and Shashua, Amnon},
  booktitle =    {Advances in Neural Information Processing Systems 19
                  (NIPS)},
  editor =       {B. Schölkopf and J. Platt and T. Hoffman},
  month =        {December},
  note =
                  {\url{https://proceedings.neurips.cc/paper_files/paper/2006/file/4fa177df22864518b2d7818d4db5db2d-Paper.pdf}},
  openalex =     {W2161997479},
  publisher =    {MIT Press},
  series =       {Conference Track Proceedings},
  title =        {Doubly Stochastic Normalization for Spectral
                  Clustering},
  volume =       19,
  year =         2006
}

@inproceedings{zhang2006hyperparameter,
  address =      {Vancouver, British Columbia, Canada},
  author =       {Zhang, Xinhua and Lee, Wee},
  booktitle =    {Advances in Neural Information Processing Systems 19
                  (NIPS)},
  editor =       {B. Schölkopf and J. Platt and T. Hoffman},
  month =        {December},
  note =
                  {\url{https://proceedings.neurips.cc/paper_files/paper/2006/file/fc325d4b598aaede18b53dca4ecfcb9c-Paper.pdf}},
  publisher =    {MIT Press},
  series =       {Conference Track Proceedings},
  title =        {Hyperparameter Learning for Graph Based
                  Semi-supervised Learning Algorithms},
  volume =       19,
  year =         2006
}

@inproceedings{zhang2006mlle,
  address =      {Vancouver, British Columbia, Canada},
  author =       {Zhang, Zhenyue and Wang, Jing},
  booktitle =    {Advances in Neural Information Processing Systems 19
                  (NIPS)},
  editor =       {B. Schölkopf and J. Platt and T. Hoffman},
  month =        {December},
  note =
                  {\url{https://proceedings.neurips.cc/paper_files/paper/2006/file/fb2606a5068901da92473666256e6e5b-Paper.pdf}},
  openalex =     {W2135744686},
  publisher =    {MIT Press},
  series =       {Conference Track Proceedings},
  title =        {MLLE: Modified Locally Linear Embedding Using
                  Multiple Weights},
  volume =       19,
  year =         2006
}

@inproceedings{zhang2006multi,
  address =      {Vancouver, British Columbia, Canada},
  author =       {Zhang, Zhi-Li and Zhang, Min-Ling},
  booktitle =    {Advances in Neural Information Processing Systems 19
                  (NIPS)},
  editor =       {Schölkopf, Bernhard and Platt, John and Hoffman,
                  Tobias},
  month =        {December},
  note =
                  {\url{https://proceedings.neurips.cc/paper_files/paper/2006/file/8e489b4966fe8f703b5be647f1cbae63-Paper.pdf}},
  publisher =    {MIT Press},
  series =       {Conference Track Proceedings},
  title =        {Multi-Instance Multi-Label Learning with Application
                  to Scene Classification},
  volume =       19,
  year =         2006
}

@inproceedings{zhang2006simplifying,
  address =      {Vancouver, British Columbia, Canada},
  author =       {Zhang, Kai and Kwok, James T.},
  booktitle =    {Advances in Neural Information Processing Systems 19
                  (NIPS)},
  editor =       {Schölkopf, Bernhard and Platt, John and Hoffman,
                  Thomas},
  month =        {December},
  note =
                  {\url{https://proceedings.neurips.cc/paper_files/paper/2006/file/c8cd63e1bf13c5016881652983fb615a-Paper.pdf}},
  openalex =     {W2169089578},
  publisher =    {MIT Press},
  series =       {Conference Track Proceedings},
  title =        {Simplifying Mixture Models Through Function
                  Approximation},
  volume =       19,
  year =         2006
}

@inproceedings{zhou2006learning,
  address =      {Vancouver, British Columbia, Canada},
  author =       {Zhou, Dengyong and Huang, Jiayuan and Schölkopf,
                  Bernhard},
  booktitle =    {Advances in Neural Information Processing Systems 19
                  (NIPS)},
  editor =       {Schölkopf, Bernhard and Platt, John and Hoffman,
                  Thomas},
  month =        {December},
  note =
                  {\url{https://proceedings.neurips.cc/paper_files/paper/2006/file/dff8e9c2ac33381546d96deea9922999-Paper.pdf}},
  openalex =     {W2170057991},
  publisher =    {MIT Press},
  series =       {Conference Track Proceedings},
  title =        {Learning with Hypergraphs: Clustering,
                  Classification, and Embedding},
  volume =       19,
  year =         2006
}

@inproceedings{zumer2006algorithm,
  address =      {Vancouver, British Columbia, Canada},
  author =       {Zumer, Johanna M. and Attias, Hagai and Sekihara,
                  Kensuke and Nagarajan, Srikantan S.},
  booktitle =    {Advances in Neural Information Processing Systems 19
                  (NIPS)},
  editor =       {B. Schölkopf and J. Platt and T. Hoffman},
  month =        {December},
  note =
                  {\url{https://proceedings.neurips.cc/paper_files/paper/2006/file/4aa0e93b918848be0b7728b4b1568d8a-Paper.pdf}},
  openalex =     {W2169772498},
  publisher =    {MIT Press},
  series =       {Conference Track Proceedings},
  title =        {A Probabilistic Algorithm Integrating Source
                  Localization and Noise Suppression of MEG and EEG
                  Data},
  volume =       19,
  year =         2006
}
