@inproceedings{ahrens2007inferring,
  address =      {Vancouver, British Columbia, Canada},
  author =       {Ahrens, Misha and Sahani, Maneesh},
  booktitle =    {Advances in Neural Information Processing Systems 20
                  (NIPS)},
  editor =       {Platt, J. and Koller, D. and Singer, Y. and Roweis,
                  S.},
  month =        {December},
  note =
                  {\url{https://proceedings.neurips.cc/paper_files/paper/2007/file/0d352b4d3a317e3eae221199fdb49651-Paper.pdf}},
  publisher =    {Curran Associates, Inc.},
  series =       {Conference Track Proceedings},
  title =        {Inferring Elapsed Time from Stochastic Neural
                  Processes},
  volume =       20,
  year =         2007
}

@inproceedings{antos2007fitted,
  address =      {Vancouver, British Columbia, Canada},
  author =       {Antos, András and Szepesvári, Csaba and Munos, Rémi},
  booktitle =    {Advances in Neural Information Processing Systems 20
                  (NIPS)},
  editor =       {Platt, J. and Koller, D. and Singer, Y. and Roweis,
                  S.},
  month =        {December},
  note =
                  {\url{https://proceedings.neurips.cc/paper_files/paper/2007/file/da0d1111d2dc5d489242e60ebcbaf988-Paper.pdf}},
  publisher =    {Curran Associates, Inc.},
  series =       {Conference Track Proceedings},
  title =        {Fitted Q-iteration in continuous action-space MDPs},
  volume =       20,
  year =         2007
}

@inproceedings{archambeau2007variational,
  address =      {Vancouver, British Columbia, Canada},
  author =       {Archambeau, Cédric and Opper, Manfred and Shen, Yuan
                  and Cornford, Dan and Shawe-Taylor, John},
  booktitle =    {Advances in Neural Information Processing Systems 20
                  (NIPS)},
  editor =       {J. Platt and D. Koller and Y. Singer and S. Roweis},
  month =        {December},
  note =
                  {\url{https://proceedings.neurips.cc/paper_files/paper/2007/file/818f4654ed39a1c147d1e51a00ffb4cb-Paper.pdf}},
  publisher =    {Curran Associates, Inc.},
  series =       {Conference Track Proceedings},
  title =        {Variational Inference for Diffusion Processes},
  volume =       20,
  year =         2007
}

@inproceedings{argyriou2007spectral,
  address =      {Vancouver, British Columbia, Canada},
  author =       {Argyriou, Andreas and Pontil, Massimiliano and Ying,
                  Yiming and Micchelli, Charles},
  booktitle =    {Advances in Neural Information Processing Systems 20
                  (NIPS)},
  editor =       {J. Platt and D. Koller and Y. Singer and S. Roweis},
  month =        {December},
  note =
                  {\url{https://proceedings.neurips.cc/paper_files/paper/2007/file/9872ed9fc22fc182d371c3e9ed316094-Paper.pdf}},
  publisher =    {Curran Associates, Inc.},
  series =       {Conference Track Proceedings},
  title =        {A Spectral Regularization Framework for Multi-Task
                  Structure Learning},
  volume =       20,
  year =         2007
}

@inproceedings{atkeson2007random,
  address =      {Vancouver, British Columbia, Canada},
  author =       {Atkeson, Chris and Stephens, Benjamin},
  booktitle =    {Advances in Neural Information Processing Systems 20
                  (NIPS)},
  editor =       {Platt, J. and Koller, D. and Singer, Y. and Roweis,
                  S.},
  month =        {December},
  note =
                  {\url{https://proceedings.neurips.cc/paper_files/paper/2007/file/6faa8040da20ef399b63a72d0e4ab575-Paper.pdf}},
  publisher =    {Curran Associates, Inc.},
  series =       {Conference Track Proceedings},
  title =        {Random Sampling of States in Dynamic Programming},
  volume =       20,
  year =         2007
}

@inproceedings{audibert2007progressive,
  address =      {Vancouver, British Columbia, Canada},
  author =       {Audibert, Jean-yves},
  booktitle =    {Advances in Neural Information Processing Systems 20
                  (NIPS)},
  editor =       {Platt, J. and Koller, D. and Singer, Y. and Roweis,
                  S.},
  month =        {December},
  note =
                  {\url{https://proceedings.neurips.cc/paper_files/paper/2007/file/ef575e8837d065a1683c022d2077d342-Paper.pdf}},
  publisher =    {Curran Associates, Inc.},
  series =       {Conference Track Proceedings},
  title =        {Progressive mixture rules are deviation suboptimal},
  volume =       20,
  year =         2007
}

@inproceedings{bach2007diffrac,
  address =      {Vancouver, British Columbia, Canada},
  author =       {Bach, Francis and Harchaoui, Zaïd},
  booktitle =    {Advances in Neural Information Processing Systems 20
                  (NIPS)},
  editor =       {Platt, J. and Koller, D. and Singer, Y. and Roweis,
                  S.},
  month =        {December},
  note =
                  {\url{https://proceedings.neurips.cc/paper_files/paper/2007/file/22fb0cee7e1f3bde58293de743871417-Paper.pdf}},
  publisher =    {Curran Associates, Inc.},
  series =       {Conference Track Proceedings},
  title =        {DIFFRAC: a discriminative and flexible framework for
                  clustering},
  volume =       20,
  year =         2007
}

@inproceedings{baldwin2007experience,
  address =      {Vancouver, British Columbia, Canada},
  author =       {Baldwin, David and Mozer, Michael C.},
  booktitle =    {Advances in Neural Information Processing Systems 20
                  (NIPS)},
  editor =       {Platt, J. and Koller, D. and Singer, Y. and Roweis,
                  S.},
  month =        {December},
  note =
                  {\url{https://proceedings.neurips.cc/paper_files/paper/2007/file/efe937780e95574250dabe07151bdc23-Paper.pdf}},
  publisher =    {Curran Associates, Inc.},
  series =       {Conference Track Proceedings},
  title =        {Experience-Guided Search: A Theory of Attentional
                  Control},
  volume =       20,
  year =         2007
}

@inproceedings{barreno2007optimal,
  address =      {Vancouver, British Columbia, Canada},
  author =       {Barreno, Marco and Cardenas, Alvaro and Tygar,
                  J. D.},
  booktitle =    {Advances in Neural Information Processing Systems 20
                  (NIPS)},
  editor =       {Platt, J. and Koller, D. and Singer, Y. and Roweis,
                  S.},
  month =        {December},
  note =
                  {\url{https://proceedings.neurips.cc/paper_files/paper/2007/file/75fc093c0ee742f6dddaa13fff98f104-Paper.pdf}},
  publisher =    {Curran Associates, Inc.},
  series =       {Conference Track Proceedings},
  title =        {Optimal ROC Curve for a Combination of Classifiers},
  volume =       20,
  year =         2007
}

@inproceedings{barutcuoglu2007one,
  address =      {Vancouver, British Columbia, Canada},
  author =       {Barutcuoglu, Zafer and Long, Phil and Servedio,
                  Rocco},
  booktitle =    {Advances in Neural Information Processing Systems 20
                  (NIPS)},
  editor =       {Platt, J. and Koller, D. and Singer, Y. and Roweis,
                  S.},
  month =        {December},
  note =
                  {\url{https://proceedings.neurips.cc/paper_files/paper/2007/file/a9a6653e48976138166de32772b1bf40-Paper.pdf}},
  publisher =    {Curran Associates, Inc.},
  series =       {Conference Track Proceedings},
  title =        {One-Pass Boosting},
  volume =       20,
  year =         2007
}

@inproceedings{beierholm2007comparing,
  address =      {Vancouver, British Columbia, Canada},
  author =       {Beierholm, Ulrik and Shams, Ladan and J., Wei and
                  Koerding, Konrad},
  booktitle =    {Advances in Neural Information Processing Systems 20
                  (NIPS)},
  editor =       {Platt, J. and Koller, D. and Singer, Y. and Roweis,
                  S.},
  month =        {December},
  note =
                  {\url{https://proceedings.neurips.cc/paper_files/paper/2007/file/cf004fdc76fa1a4f25f62e0eb5261ca3-Paper.pdf}},
  publisher =    {Curran Associates, Inc.},
  series =       {Conference Track Proceedings},
  title =        {Comparing Bayesian models for multisensory cue
                  combination without mandatory integration},
  volume =       20,
  year =         2007
}

@inproceedings{berkes2007on,
  address =      {Vancouver, British Columbia, Canada},
  author =       {Berkes, Pietro and Turner, Richard and Sahani,
                  Maneesh},
  booktitle =    {Advances in Neural Information Processing Systems 20
                  (NIPS)},
  editor =       {Platt, J. and Koller, D. and Singer, Y. and Roweis,
                  S.},
  month =        {December},
  note =
                  {\url{https://proceedings.neurips.cc/paper_files/paper/2007/file/7cce53cf90577442771720a370c3c723-Paper.pdf}},
  publisher =    {Curran Associates, Inc.},
  series =       {Conference Track Proceedings},
  title =        {On Sparsity and Overcompleteness in Image Models},
  volume =       20,
  year =         2007
}

@inproceedings{bethge2007near,
  address =      {Vancouver, British Columbia, Canada},
  author =       {Bethge, Matthias and Berens, Philipp},
  booktitle =    {Advances in Neural Information Processing Systems 20
                  (NIPS)},
  editor =       {Platt, J. and Koller, D. and Singer, Y. and Roweis,
                  S.},
  month =        {December},
  note =
                  {\url{https://proceedings.neurips.cc/paper_files/paper/2007/file/d296c101daa88a51f6ca8cfc1ac79b50-Paper.pdf}},
  publisher =    {Curran Associates, Inc.},
  series =       {Conference Track Proceedings},
  title =        {Near-Maximum Entropy Models for Binary Neural
                  Representations of Natural Images},
  volume =       20,
  year =         2007
}

@inproceedings{bhatnagar2007incremental,
  address =      {Vancouver, British Columbia, Canada},
  author =       {Bhatnagar, Shalabh and Ghavamzadeh, Mohammad and
                  Lee, Mark and Sutton, Richard S},
  booktitle =    {Advances in Neural Information Processing Systems 20
                  (NIPS)},
  editor =       {Platt, J. and Koller, D. and Singer, Y. and Roweis,
                  S.},
  month =        {December},
  note =
                  {\url{https://proceedings.neurips.cc/paper_files/paper/2007/file/6883966fd8f918a4aa29be29d2c386fb-Paper.pdf}},
  publisher =    {Curran Associates, Inc.},
  series =       {Conference Track Proceedings},
  title =        {Incremental Natural Actor-Critic Algorithms},
  volume =       20,
  year =         2007
}

@inproceedings{blankertz2007invariant,
  address =      {Vancouver, British Columbia, Canada},
  author =       {Blankertz, Benjamin and Kawanabe, Motoaki and
                  Tomioka, Ryota and Hohlefeld, Friederike and Müller,
                  Klaus-Robert and Nikulin, Vadim},
  booktitle =    {Advances in Neural Information Processing Systems 20
                  (NIPS)},
  editor =       {Platt, J. and Koller, D. and Singer, Y. and Roweis,
                  S.},
  month =        {December},
  note =
                  {\url{https://proceedings.neurips.cc/paper_files/paper/2007/file/6aab1270668d8cac7cef2566a1c5f569-Paper.pdf}},
  publisher =    {Curran Associates, Inc.},
  series =       {Conference Track Proceedings},
  title =        {Invariant Common Spatial Patterns: Alleviating
                  Nonstationarities in Brain-Computer Interfacing},
  volume =       20,
  year =         2007
}

@inproceedings{blitzer2007learning,
  address =      {Vancouver, British Columbia, Canada},
  author =       {Blitzer, John and Crammer, Koby and Kulesza, Alex
                  and Pereira, Fernando and Wortman, Jennifer},
  booktitle =    {Advances in Neural Information Processing Systems 20
                  (NIPS)},
  editor =       {Platt, J. and Koller, D. and Singer, Y. and Roweis,
                  S.},
  month =        {December},
  note =
                  {\url{https://proceedings.neurips.cc/paper_files/paper/2007/file/42e77b63637ab381e8be5f8318cc28a2-Paper.pdf}},
  publisher =    {Curran Associates, Inc.},
  series =       {Conference Track Proceedings},
  title =        {Learning Bounds for Domain Adaptation},
  volume =       20,
  year =         2007
}

@inproceedings{blum2007feature,
  address =      {Vancouver, British Columbia, Canada},
  author =       {Blum, Ben and Baker, David and Jordan, Michael and
                  Bradley, Philip and Das, Rhiju and Kim, David E.},
  booktitle =    {Advances in Neural Information Processing Systems 20
                  (NIPS)},
  editor =       {Platt, J. and Koller, D. and Singer, Y. and Roweis,
                  S.},
  month =        {December},
  note =
                  {\url{https://proceedings.neurips.cc/paper_files/paper/2007/file/e8258e5140317ff36c7f8225a3bf9590-Paper.pdf}},
  publisher =    {Curran Associates, Inc.},
  series =       {Conference Track Proceedings},
  title =        {Feature Selection Methods for Improving Protein
                  Structure Prediction with Rosetta},
  volume =       20,
  year =         2007
}

@inproceedings{bobrowski2007neural,
  address =      {Vancouver, British Columbia, Canada},
  author =       {Bobrowski, Omer and Meir, Ron and Shoham, Shy and
                  Eldar, Yonina},
  booktitle =    {Advances in Neural Information Processing Systems 20
                  (NIPS)},
  editor =       {Platt, J. and Koller, D. and Singer, Y. and Roweis,
                  S.},
  month =        {December},
  note =
                  {\url{https://proceedings.neurips.cc/paper_files/paper/2007/file/e44fea3bec53bcea3b7513ccef5857ac-Paper.pdf}},
  publisher =    {Curran Associates, Inc.},
  series =       {Conference Track Proceedings},
  title =        {A neural network implementing optimal state
                  estimation based on dynamic spike train decoding},
  volume =       20,
  year =         2007
}

@inproceedings{bonilla2007multi,
  address =      {Vancouver, British Columbia, Canada},
  author =       {Bonilla, Edwin V and Chai, Kian and Williams,
                  Christopher},
  booktitle =    {Advances in Neural Information Processing Systems 20
                  (NIPS)},
  editor =       {Platt, J. and Koller, D. and Singer, Y. and Roweis,
                  S.},
  month =        {December},
  note =
                  {\url{https://proceedings.neurips.cc/paper_files/paper/2007/file/66368270ffd51418ec58bd793f2d9b1b-Paper.pdf}},
  publisher =    {Curran Associates, Inc.},
  series =       {Conference Track Proceedings},
  title =        {Multi-task Gaussian Process Prediction},
  volume =       20,
  year =         2007
}

@inproceedings{boots2007constraint,
  address =      {Vancouver, British Columbia, Canada},
  author =       {Boots, Byron and Gordon, Geoffrey J and Siddiqi,
                  Sajid},
  booktitle =    {Advances in Neural Information Processing Systems 20
                  (NIPS)},
  editor =       {Platt, J. and Koller, D. and Singer, Y. and Roweis,
                  S.},
  month =        {December},
  note =
                  {\url{https://proceedings.neurips.cc/paper_files/paper/2007/file/13f9896df61279c928f19721878fac41-Paper.pdf}},
  publisher =    {Curran Associates, Inc.},
  series =       {Conference Track Proceedings},
  title =        {A Constraint Generation Approach to Learning Stable
                  Linear Dynamical Systems},
  volume =       20,
  year =         2007
}

@inproceedings{bottou2007tradeoffs,
  address =      {Vancouver, British Columbia, Canada},
  author =       {Bottou, Léon and Bousquet, Olivier},
  booktitle =    {Advances in Neural Information Processing Systems 20
                  (NIPS)},
  editor =       {Platt, J. and Koller, D. and Singer, Y. and Roweis,
                  S.},
  month =        {December},
  note =
                  {\url{https://proceedings.neurips.cc/paper_files/paper/2007/file/0d3180d672e08b4c5312dcdafdf6ef36-Paper.pdf}},
  publisher =    {Curran Associates, Inc.},
  series =       {Conference Track Proceedings},
  title =        {The Tradeoffs of Large Scale Learning},
  volume =       20,
  year =         2007
}

@inproceedings{bouchard2007probabilistic,
  address =      {Vancouver, British Columbia, Canada},
  author =       {Bouchard-Côté, Alexandre and Liang, Percy S. and
                  Klein, Dan and Griffiths, Thomas},
  booktitle =    {Advances in Neural Information Processing Systems 20
                  (NIPS)},
  editor =       {J. Platt and D. Koller and Y. Singer and S. Roweis},
  month =        {December},
  note =
                  {\url{https://proceedings.neurips.cc/paper_files/paper/2007/file/7ce3284b743aefde80ffd9aec500e085-Paper.pdf}},
  publisher =    {Curran Associates, Inc.},
  series =       {Conference Track Proceedings},
  title =        {A Probabilistic Approach to Language Change},
  volume =       20,
  year =         2007
}

@inproceedings{boutemedjet2007unsupervised,
  address =      {Vancouver, British Columbia, Canada},
  author =       {Boutemedjet, Sabri and Ziou, Djemel and Bouguila,
                  Nizar},
  booktitle =    {Advances in Neural Information Processing Systems 20
                  (NIPS)},
  editor =       {Platt, J. and Koller, D. and Singer, Y. and Roweis,
                  S.},
  month =        {December},
  note =
                  {\url{https://proceedings.neurips.cc/paper_files/paper/2007/file/073b00ab99487b74b63c9a6d2b962ddc-Paper.pdf}},
  publisher =    {Curran Associates, Inc.},
  series =       {Conference Track Proceedings},
  title =        {Unsupervised Feature Selection for Accurate
                  Recommendation of High-Dimensional Image Data},
  volume =       20,
  year =         2007
}

@inproceedings{bradley2007filterboost,
  address =      {Vancouver, British Columbia, Canada},
  author =       {Bradley, Joseph K and Schapire, Robert E},
  booktitle =    {Advances in Neural Information Processing Systems 20
                  (NIPS)},
  editor =       {Platt, J. and Koller, D. and Singer, Y. and Roweis,
                  S.},
  month =        {December},
  note =
                  {\url{https://proceedings.neurips.cc/paper_files/paper/2007/file/072b030ba126b2f4b2374f342be9ed44-Paper.pdf}},
  publisher =    {Curran Associates, Inc.},
  series =       {Conference Track Proceedings},
  title =        {FilterBoost: Regression and Classification on Large
                  Datasets},
  volume =       20,
  year =         2007
}

@inproceedings{buesing2007simplified,
  address =      {Vancouver, British Columbia, Canada},
  author =       {Buesing, Lars and Maass, Wolfgang},
  booktitle =    {Advances in Neural Information Processing Systems 20
                  (NIPS)},
  editor =       {J. Platt and D. Koller and Y. Singer and S. Roweis},
  month =        {December},
  note =
                  {\url{https://proceedings.neurips.cc/paper_files/paper/2007/file/8fe0093bb30d6f8c31474bd0764e6ac0-Paper.pdf}},
  publisher =    {Curran Associates, Inc.},
  series =       {Conference Track Proceedings},
  title =        {Simplified Rules and Theoretical Analysis for
                  Information Bottleneck Optimization and PCA with
                  Spiking Neurons},
  volume =       20,
  year =         2007
}

@inproceedings{burghouts2007distribution,
  address =      {Vancouver, British Columbia, Canada},
  author =       {Burghouts, Gertjan and Smeulders, Arnold and
                  Geusebroek, Jan-Mark},
  booktitle =    {Advances in Neural Information Processing Systems 20
                  (NIPS)},
  editor =       {Platt, J. and Koller, D. and Singer, Y. and Roweis,
                  S.},
  month =        {December},
  note =
                  {\url{https://proceedings.neurips.cc/paper_files/paper/2007/file/6081594975a764c8e3a691fa2b3a321d-Paper.pdf}},
  publisher =    {Curran Associates, Inc.},
  series =       {Conference Track Proceedings},
  title =        {The Distribution Family of Similarity Distances},
  volume =       20,
  year =         2007
}

@inproceedings{carterette2007evaluating,
  address =      {Vancouver, British Columbia, Canada},
  author =       {Carterette, Ben and Jones, Rosie},
  booktitle =    {Advances in Neural Information Processing Systems 20
                  (NIPS)},
  editor =       {J. Platt and D. Koller and Y. Singer and S. Roweis},
  month =        {December},
  note =
                  {\url{https://proceedings.neurips.cc/paper_files/paper/2007/file/872488f88d1b2db54d55bc8bba2fad1b-Paper.pdf}},
  publisher =    {Curran Associates, Inc.},
  series =       {Conference Track Proceedings},
  title =        {Evaluating Search Engines by Modeling the
                  Relationship Between Relevance and Clicks},
  volume =       20,
  year =         2007
}

@inproceedings{carvajal2007subspace,
  address =      {Vancouver, British Columbia, Canada},
  author =       {Carvajal, Gonzalo and Valenzuela, Waldo and
                  Figueroa, Miguel},
  booktitle =    {Advances in Neural Information Processing Systems 20
                  (NIPS)},
  editor =       {J. Platt and D. Koller and Y. Singer and S. Roweis},
  month =        {December},
  note =
                  {\url{https://proceedings.neurips.cc/paper_files/paper/2007/file/846c260d715e5b854ffad5f70a516c88-Paper.pdf}},
  publisher =    {Curran Associates, Inc.},
  series =       {Conference Track Proceedings},
  title =        {Subspace-Based Face Recognition in Analog VLSI},
  volume =       20,
  year =         2007
}

@inproceedings{cayton2007learning,
  address =      {Vancouver, British Columbia, Canada},
  author =       {Cayton, Lawrence and Dasgupta, Sanjoy},
  booktitle =    {Advances in Neural Information Processing Systems 20
                  (NIPS)},
  editor =       {Platt, J. and Koller, D. and Singer, Y. and Roweis,
                  S.},
  month =        {December},
  note =
                  {\url{https://proceedings.neurips.cc/paper_files/paper/2007/file/0d7de1aca9299fe63f3e0041f02638a3-Paper.pdf}},
  publisher =    {Curran Associates, Inc.},
  series =       {Conference Track Proceedings},
  title =        {A learning framework for nearest neighbor search},
  volume =       20,
  year =         2007
}

@inproceedings{cerf2007predicting,
  address =      {Vancouver, British Columbia, Canada},
  author =       {Cerf, Moran and Harel, Jonathan and Einhaeuser,
                  Wolfgang and Koch, Christof},
  booktitle =    {Advances in Neural Information Processing Systems 20
                  (NIPS)},
  editor =       {Platt, J. and Koller, D. and Singer, Y. and Roweis,
                  S.},
  month =        {December},
  note =
                  {\url{https://proceedings.neurips.cc/paper_files/paper/2007/file/708f3cf8100d5e71834b1db77dfa15d6-Paper.pdf}},
  publisher =    {Curran Associates, Inc.},
  series =       {Conference Track Proceedings},
  title =        {Predicting Human Gaze Using Low-Level Saliency
                  Combined with Face Detection},
  volume =       20,
  year =         2007
}

@inproceedings{chandrasekaran2007adaptive,
  address =      {Vancouver, British Columbia, Canada},
  author =       {Chandrasekaran, Venkat and Willsky, Alan and
                  Johnson, Jason},
  booktitle =    {Advances in Neural Information Processing Systems 20
                  (NIPS)},
  editor =       {Platt, J. and Koller, D. and Singer, Y. and Roweis,
                  S.},
  month =        {December},
  note =
                  {\url{https://proceedings.neurips.cc/paper_files/paper/2007/file/5737034557ef5b8c02c0e46513b98f90-Paper.pdf}},
  publisher =    {Curran Associates, Inc.},
  series =       {Conference Track Proceedings},
  title =        {Adaptive Embedded Subgraph Algorithms Using Walk-Sum
                  Analysis},
  volume =       20,
  year =         2007
}

@inproceedings{chapados2007augmented,
  address =      {Vancouver, British Columbia, Canada},
  author =       {Chapados, Nicolas and Bengio, Yoshua},
  booktitle =    {Advances in Neural Information Processing Systems 20
                  (NIPS)},
  editor =       {J. Platt and D. Koller and Y. Singer and S. Roweis},
  month =        {December},
  note =
                  {\url{https://proceedings.neurips.cc/paper_files/paper/2007/file/81e74d678581a3bb7a720b019f4f1a93-Paper.pdf}},
  publisher =    {Curran Associates, Inc.},
  series =       {Conference Track Proceedings},
  title =        {Augmented Functional Time Series Representation and
                  Forecasting with Gaussian Processes},
  volume =       20,
  year =         2007
}

@inproceedings{chapelle2007analysis,
  address =      {Vancouver, British Columbia, Canada},
  author =       {Chapelle, Olivier and Agarwal, Alekh and Sinz,
                  Fabian and Schölkopf, Bernhard},
  booktitle =    {Advances in Neural Information Processing Systems 20
                  (NIPS)},
  editor =       {Platt, J. and Koller, D. and Singer, Y. and Roweis,
                  S.},
  month =        {December},
  note =
                  {\url{https://proceedings.neurips.cc/paper_files/paper/2007/file/a8e864d04c95572d1aece099af852d0a-Paper.pdf}},
  publisher =    {Curran Associates, Inc.},
  series =       {Conference Track Proceedings},
  title =        {An Analysis of Inference with the Universum},
  volume =       20,
  year =         2007
}

@inproceedings{chechetka2007efficient,
  address =      {Vancouver, British Columbia, Canada},
  author =       {Chechetka, Anton and Guestrin, Carlos},
  booktitle =    {Advances in Neural Information Processing Systems 20
                  (NIPS)},
  editor =       {Platt, J. and Koller, D. and Singer, Y. and Roweis,
                  S.},
  month =        {December},
  note =
                  {\url{https://proceedings.neurips.cc/paper_files/paper/2007/file/0768281a05da9f27df178b5c39a51263-Paper.pdf}},
  publisher =    {Curran Associates, Inc.},
  series =       {Conference Track Proceedings},
  title =        {Efficient Principled Learning of Thin Junction
                  Trees},
  volume =       20,
  year =         2007
}

@inproceedings{chen2007rapid,
  address =      {Vancouver, British Columbia, Canada},
  author =       {Chen, Yuanhao and Zhu, Long and Lin, Chenxi and
                  Zhang, Hongjiang and Yuille, Alan L},
  booktitle =    {Advances in Neural Information Processing Systems 20
                  (NIPS)},
  editor =       {Platt, J. and Koller, D. and Singer, Y. and Roweis,
                  S.},
  month =        {December},
  note =
                  {\url{https://proceedings.neurips.cc/paper_files/paper/2007/file/20b02dc95171540bc52912baf3aa709d-Paper.pdf}},
  publisher =    {Curran Associates, Inc.},
  series =       {Conference Track Proceedings},
  title =        {Rapid Inference on a Novel AND/OR graph for Object
                  Detection, Segmentation and Parsing},
  volume =       20,
  year =         2007
}

@inproceedings{chen2007regularized,
  address =      {Vancouver, British Columbia, Canada},
  author =       {Chen, Ke and Wang, Shihai},
  booktitle =    {Advances in Neural Information Processing Systems 20
                  (NIPS)},
  editor =       {Platt, J. and Koller, D. and Singer, Y. and Roweis,
                  S.},
  month =        {December},
  note =
                  {\url{https://proceedings.neurips.cc/paper_files/paper/2007/file/fa7cdfad1a5aaf8370ebeda47a1ff1c3-Paper.pdf}},
  publisher =    {Curran Associates, Inc.},
  series =       {Conference Track Proceedings},
  title =        {Regularized Boost for Semi-Supervised Learning},
  volume =       20,
  year =         2007
}

@inproceedings{chieu2007cooled,
  address =      {Vancouver, British Columbia, Canada},
  author =       {Chieu, Hai and Lee, Wee and Teh, Yee},
  booktitle =    {Advances in Neural Information Processing Systems 20
                  (NIPS)},
  editor =       {J. Platt and D. Koller and Y. Singer and S. Roweis},
  month =        {December},
  note =
                  {\url{https://proceedings.neurips.cc/paper_files/paper/2007/file/9778d5d219c5080b9a6a17bef029331c-Paper.pdf}},
  publisher =    {Curran Associates, Inc.},
  series =       {Conference Track Proceedings},
  title =        {Cooled and Relaxed Survey Propagation for MRFs},
  volume =       20,
  year =         2007
}

@inproceedings{christmann2007svms,
  address =      {Vancouver, British Columbia, Canada},
  author =       {Christmann, Andreas and Steinwart, Ingo},
  booktitle =    {Advances in Neural Information Processing Systems 20
                  (NIPS)},
  editor =       {Platt, J. and Koller, D. and Singer, Y. and Roweis,
                  S.},
  month =        {December},
  note =
                  {\url{https://proceedings.neurips.cc/paper_files/paper/2007/file/1be3bc32e6564055d5ca3e5a354acbef-Paper.pdf}},
  publisher =    {Curran Associates, Inc.},
  series =       {Conference Track Proceedings},
  title =        {How SVMs can estimate quantiles and the median},
  volume =       20,
  year =         2007
}

@inproceedings{christoforou2007second,
  address =      {Vancouver, British Columbia, Canada},
  author =       {Christoforou, Christoforos and Sajda, Paul and
                  Parra, Lucas},
  booktitle =    {Advances in Neural Information Processing Systems 20
                  (NIPS)},
  editor =       {Platt, J. and Koller, D. and Singer, Y. and Roweis,
                  S.},
  month =        {December},
  note =
                  {\url{https://proceedings.neurips.cc/paper_files/paper/2007/file/4ea06fbc83cdd0a06020c35d50e1e89a-Paper.pdf}},
  publisher =    {Curran Associates, Inc.},
  series =       {Conference Track Proceedings},
  title =        {Second Order Bilinear Discriminant Analysis for
                  Single Trial EEG Analysis},
  volume =       20,
  year =         2007
}

@inproceedings{clopath2007online,
  address =      {Vancouver, British Columbia, Canada},
  author =       {Clopath, Claudia and Longtin, André and Gerstner,
                  Wulfram},
  booktitle =    {Advances in Neural Information Processing Systems 20
                  (NIPS)},
  editor =       {Platt, J. and Koller, D. and Singer, Y. and Roweis,
                  S.},
  month =        {December},
  note =
                  {\url{https://proceedings.neurips.cc/paper_files/paper/2007/file/149e9677a5989fd342ae44213df68868-Paper.pdf}},
  publisher =    {Curran Associates, Inc.},
  series =       {Conference Track Proceedings},
  title =        {An online Hebbian learning rule that performs
                  Independent Component Analysis},
  volume =       20,
  year =         2007
}

@inproceedings{courville2007rat,
  address =      {Vancouver, British Columbia, Canada},
  author =       {Courville, Aaron C. and Daw, Nathaniel},
  booktitle =    {Advances in Neural Information Processing Systems 20
                  (NIPS)},
  editor =       {Platt, J. and Koller, D. and Singer, Y. and Roweis,
                  S.},
  month =        {December},
  note =
                  {\url{https://proceedings.neurips.cc/paper_files/paper/2007/file/fba9d88164f3e2d9109ee770223212a0-Paper.pdf}},
  publisher =    {Curran Associates, Inc.},
  series =       {Conference Track Proceedings},
  title =        {The rat as particle filter},
  volume =       20,
  year =         2007
}

@inproceedings{cunningham2007inferring,
  address =      {Vancouver, British Columbia, Canada},
  author =       {Cunningham, John P and Yu, Byron M and Shenoy,
                  Krishna V and Sahani, Maneesh},
  booktitle =    {Advances in Neural Information Processing Systems 20
                  (NIPS)},
  editor =       {Platt, J. and Koller, D. and Singer, Y. and Roweis,
                  S.},
  month =        {December},
  note =
                  {\url{https://proceedings.neurips.cc/paper_files/paper/2007/file/5ef698cd9fe650923ea331c15af3b160-Paper.pdf}},
  publisher =    {Curran Associates, Inc.},
  series =       {Conference Track Proceedings},
  title =        {Inferring Neural Firing Rates from Spike Trains
                  Using Gaussian Processes},
  volume =       20,
  year =         2007
}

@inproceedings{dangauthier2007trueskill,
  address =      {Vancouver, British Columbia, Canada},
  author =       {Dangauthier, Pierre and Herbrich, Ralf and Minka,
                  Tom and Graepel, Thore},
  booktitle =    {Advances in Neural Information Processing Systems 20
                  (NIPS)},
  editor =       {J. Platt and D. Koller and Y. Singer and S. Roweis},
  month =        {December},
  note =
                  {\url{https://proceedings.neurips.cc/paper_files/paper/2007/file/9f53d83ec0691550f7d2507d57f4f5a2-Paper.pdf}},
  publisher =    {Curran Associates, Inc.},
  series =       {Conference Track Proceedings},
  title =        {TrueSkill Through Time: Revisiting the History of
                  Chess},
  volume =       20,
  year =         2007
}

@inproceedings{dani2007price,
  address =      {Vancouver, British Columbia, Canada},
  author =       {Dani, Varsha and Kakade, Sham M. and Hayes, Thomas},
  booktitle =    {Advances in Neural Information Processing Systems 20
                  (NIPS)},
  editor =       {Platt, J. and Koller, D. and Singer, Y. and Roweis,
                  S.},
  month =        {December},
  note =
                  {\url{https://proceedings.neurips.cc/paper_files/paper/2007/file/bf62768ca46b6c3b5bea9515d1a1fc45-Paper.pdf}},
  publisher =    {Curran Associates, Inc.},
  series =       {Conference Track Proceedings},
  title =        {The Price of Bandit Information for Online
                  Optimization},
  volume =       20,
  year =         2007
}

@inproceedings{dasgupta2007general,
  address =      {Vancouver, British Columbia, Canada},
  author =       {Dasgupta, Sanjoy and Hsu, Daniel J. and Monteleoni,
                  Claire},
  booktitle =    {Advances in Neural Information Processing Systems 20
                  (NIPS)},
  editor =       {J. Platt and D. Koller and Y. Singer and S. Roweis},
  month =        {December},
  note =
                  {\url{https://proceedings.neurips.cc/paper_files/paper/2007/file/8f85517967795eeef66c225f7883bdcb-Paper.pdf}},
  publisher =    {Curran Associates, Inc.},
  series =       {Conference Track Proceedings},
  title =        {A General Agnostic Active Learning Algorithm},
  volume =       20,
  year =         2007
}

@inproceedings{dauwels2007measuring,
  address =      {Vancouver, British Columbia, Canada},
  author =       {Dauwels, Justin and Vialatte, François and
                  Rutkowski, Tomasz and Cichocki, Andrzej},
  booktitle =    {Advances in Neural Information Processing Systems 20
                  (NIPS)},
  editor =       {Platt, J. and Koller, D. and Singer, Y. and Roweis,
                  S.},
  month =        {December},
  note =
                  {\url{https://proceedings.neurips.cc/paper_files/paper/2007/file/cbcb58ac2e496207586df2854b17995f-Paper.pdf}},
  publisher =    {Curran Associates, Inc.},
  series =       {Conference Track Proceedings},
  title =        {Measuring Neural Synchrony by Message Passing},
  volume =       20,
  year =         2007
}

@inproceedings{eck2007automatic,
  address =      {Vancouver, British Columbia, Canada},
  author =       {Eck, Douglas and Lamere, Paul and Bertin-mahieux,
                  Thierry and Green, Stephen},
  booktitle =    {Advances in Neural Information Processing Systems 20
                  (NIPS)},
  editor =       {Platt, J. and Koller, D. and Singer, Y. and Roweis,
                  S.},
  month =        {December},
  note =
                  {\url{https://proceedings.neurips.cc/paper_files/paper/2007/file/c2aee86157b4a40b78132f1e71a9e6f1-Paper.pdf}},
  publisher =    {Curran Associates, Inc.},
  series =       {Conference Track Proceedings},
  title =        {Automatic Generation of Social Tags for Music
                  Recommendation},
  volume =       20,
  year =         2007
}

@inproceedings{elmohamed2007collective,
  address =      {Vancouver, British Columbia, Canada},
  author =       {Elmohamed, M.a. and Kozen, Dexter and Sheldon,
                  Daniel R},
  booktitle =    {Advances in Neural Information Processing Systems 20
                  (NIPS)},
  editor =       {Platt, J. and Koller, D. and Singer, Y. and Roweis,
                  S.},
  month =        {December},
  note =
                  {\url{https://proceedings.neurips.cc/paper_files/paper/2007/file/69421f032498c97020180038fddb8e24-Paper.pdf}},
  publisher =    {Curran Associates, Inc.},
  series =       {Conference Track Proceedings},
  title =        {Collective Inference on Markov Models for Modeling
                  Bird Migration},
  volume =       20,
  year =         2007
}

@inproceedings{endres2007bayesian,
  address =      {Vancouver, British Columbia, Canada},
  author =       {Endres, Dominik and Oram, Mike and Schindelin,
                  Johannes and Foldiak, Peter},
  booktitle =    {Advances in Neural Information Processing Systems 20
                  (NIPS)},
  editor =       {Platt, J. and Koller, D. and Singer, Y. and Roweis,
                  S.},
  month =        {December},
  note =
                  {\url{https://proceedings.neurips.cc/paper_files/paper/2007/file/b73ce398c39f506af761d2277d853a92-Paper.pdf}},
  publisher =    {Curran Associates, Inc.},
  series =       {Conference Track Proceedings},
  title =        {Bayesian binning beats approximate alternatives:
                  estimating peri-stimulus time histograms},
  volume =       20,
  year =         2007
}

@inproceedings{englebienne2007probabilistic,
  address =      {Vancouver, British Columbia, Canada},
  author =       {Englebienne, Gwenn and Cootes, Tim and Rattray,
                  Magnus},
  booktitle =    {Advances in Neural Information Processing Systems 20
                  (NIPS)},
  editor =       {Platt, J. and Koller, D. and Singer, Y. and Roweis,
                  S.},
  month =        {December},
  note =
                  {\url{https://proceedings.neurips.cc/paper_files/paper/2007/file/c203d8a151612acf12457e4d67635a95-Paper.pdf}},
  publisher =    {Curran Associates, Inc.},
  series =       {Conference Track Proceedings},
  title =        {A probabilistic model for generating realistic lip
                  movements from speech},
  volume =       20,
  year =         2007
}

@inproceedings{eric2007active,
  address =      {Vancouver, British Columbia, Canada},
  author =       {Eric, Brochu and Freitas, Nando and Ghosh, Abhijeet},
  booktitle =    {Advances in Neural Information Processing Systems 20
                  (NIPS)},
  editor =       {Platt, J. and Koller, D. and Singer, Y. and Roweis,
                  S.},
  month =        {December},
  note =
                  {\url{https://proceedings.neurips.cc/paper_files/paper/2007/file/b6a1085a27ab7bff7550f8a3bd017df8-Paper.pdf}},
  publisher =    {Curran Associates, Inc.},
  series =       {Conference Track Proceedings},
  title =        {Active Preference Learning with Discrete Choice
                  Data},
  volume =       20,
  year =         2007
}

@inproceedings{eric2007testing,
  address =      {Vancouver, British Columbia, Canada},
  author =       {Eric, Moulines and Bach, Francis and Harchaoui,
                  Zaïd},
  booktitle =    {Advances in Neural Information Processing Systems 20
                  (NIPS)},
  editor =       {Platt, J. and Koller, D. and Singer, Y. and Roweis,
                  S.},
  month =        {December},
  note =
                  {\url{https://proceedings.neurips.cc/paper_files/paper/2007/file/4ca82782c5372a547c104929f03fe7a9-Paper.pdf}},
  publisher =    {Curran Associates, Inc.},
  series =       {Conference Track Proceedings},
  title =        {Testing for Homogeneity with Kernel Fisher
                  Discriminant Analysis},
  volume =       20,
  year =         2007
}

@inproceedings{erven2007catching,
  address =      {Vancouver, British Columbia, Canada},
  author =       {Erven, Tim and Rooij, Steven and Grünwald, Peter},
  booktitle =    {Advances in Neural Information Processing Systems 20
                  (NIPS)},
  editor =       {Platt, J. and Koller, D. and Singer, Y. and Roweis,
                  S.},
  month =        {December},
  note =
                  {\url{https://proceedings.neurips.cc/paper_files/paper/2007/file/2823f4797102ce1a1aec05359cc16dd9-Paper.pdf}},
  publisher =    {Curran Associates, Inc.},
  series =       {Conference Track Proceedings},
  title =        {Catching Up Faster in Bayesian Model Selection and
                  Model Averaging},
  volume =       20,
  year =         2007
}

@inproceedings{esmeir2007anytime,
  address =      {Vancouver, British Columbia, Canada},
  author =       {Esmeir, Saher and Markovitch, Shaul},
  booktitle =    {Advances in Neural Information Processing Systems 20
                  (NIPS)},
  editor =       {Platt, J. and Koller, D. and Singer, Y. and Roweis,
                  S.},
  month =        {December},
  note =
                  {\url{https://proceedings.neurips.cc/paper_files/paper/2007/file/74db120f0a8e5646ef5a30154e9f6deb-Paper.pdf}},
  publisher =    {Curran Associates, Inc.},
  series =       {Conference Track Proceedings},
  title =        {Anytime Induction of Cost-Sensitive Trees},
  volume =       20,
  year =         2007
}

@inproceedings{ferrari2007learning,
  address =      {Vancouver, British Columbia, Canada},
  author =       {Ferrari, Vittorio and Zisserman, Andrew},
  booktitle =    {Advances in Neural Information Processing Systems 20
                  (NIPS)},
  editor =       {Platt, J. and Koller, D. and Singer, Y. and Roweis,
                  S.},
  month =        {December},
  note =
                  {\url{https://proceedings.neurips.cc/paper_files/paper/2007/file/ed265bc903a5a097f61d3ec064d96d2e-Paper.pdf}},
  publisher =    {Curran Associates, Inc.},
  series =       {Conference Track Proceedings},
  title =        {Learning Visual Attributes},
  volume =       20,
  year =         2007
}

@inproceedings{ferrez2007eeg,
  address =      {Vancouver, British Columbia, Canada},
  author =       {Ferrez, Pierre and Millán, José},
  booktitle =    {Advances in Neural Information Processing Systems 20
                  (NIPS)},
  editor =       {Platt, J. and Koller, D. and Singer, Y. and Roweis,
                  S.},
  month =        {December},
  note =
                  {\url{https://proceedings.neurips.cc/paper_files/paper/2007/file/6974ce5ac660610b44d9b9fed0ff9548-Paper.pdf}},
  publisher =    {Curran Associates, Inc.},
  series =       {Conference Track Proceedings},
  title =        {EEG-Based Brain-Computer Interaction: Improved
                  Accuracy by Automatic Single-Trial Error Detection},
  volume =       20,
  year =         2007
}

@inproceedings{fischer2007optimal,
  address =      {Vancouver, British Columbia, Canada},
  author =       {Fischer, Brian},
  booktitle =    {Advances in Neural Information Processing Systems 20
                  (NIPS)},
  editor =       {J. Platt and D. Koller and Y. Singer and S. Roweis},
  month =        {December},
  note =
                  {\url{https://proceedings.neurips.cc/paper_files/paper/2007/file/a5771bce93e200c36f7cd9dfd0e5deaa-Paper.pdf}},
  publisher =    {Curran Associates, Inc.},
  series =       {Conference Track Proceedings},
  title =        {Optimal Models of Sound Localization by Barn Owls},
  volume =       20,
  year =         2007
}

@inproceedings{foo2007efficient,
  address =      {Vancouver, British Columbia, Canada},
  author =       {Foo, Chuan-Sheng and B., Chuong and Ng, Andrew},
  booktitle =    {Advances in Neural Information Processing Systems 20
                  (NIPS)},
  editor =       {J. Platt and D. Koller and Y. Singer and S. Roweis},
  month =        {December},
  note =
                  {\url{https://proceedings.neurips.cc/paper_files/paper/2007/file/851ddf5058cf22df63d3344ad89919cf-Paper.pdf}},
  publisher =    {Curran Associates, Inc.},
  series =       {Conference Track Proceedings},
  title =        {Efficient Multiple Hyperparameter Learning for
                  Log-Linear Models},
  volume =       20,
  year =         2007
}

@inproceedings{frazier2007sequential,
  address =      {Vancouver, British Columbia, Canada},
  author =       {Frazier, Peter and Yu, Angela J.},
  booktitle =    {Advances in Neural Information Processing Systems 20
                  (NIPS)},
  editor =       {J. Platt and D. Koller and Y. Singer and S. Roweis},
  month =        {December},
  note =
                  {\url{https://proceedings.neurips.cc/paper_files/paper/2007/file/9c82c7143c102b71c593d98d96093fde-Paper.pdf}},
  publisher =    {Curran Associates, Inc.},
  series =       {Conference Track Proceedings},
  title =        {Sequential Hypothesis Testing under Stochastic
                  Deadlines},
  volume =       20,
  year =         2007
}

@inproceedings{freund2007learning,
  address =      {Vancouver, British Columbia, Canada},
  author =       {Freund, Yoav and Dasgupta, Sanjoy and Kabra, Mayank
                  and Verma, Nakul},
  booktitle =    {Advances in Neural Information Processing Systems 20
                  (NIPS)},
  editor =       {J. Platt and D. Koller and Y. Singer and S. Roweis},
  month =        {December},
  note =
                  {\url{https://proceedings.neurips.cc/paper_files/paper/2007/file/9fc3d7152ba9336a670e36d0ed79bc43-Paper.pdf}},
  publisher =    {Curran Associates, Inc.},
  series =       {Conference Track Proceedings},
  title =        {Learning the Structure of Manifolds Using Random
                  Projections},
  volume =       20,
  year =         2007
}

@inproceedings{frogner2007discovering,
  address =      {Vancouver, British Columbia, Canada},
  author =       {Frogner, Charlie and Pfeffer, Avi},
  booktitle =    {Advances in Neural Information Processing Systems 20
                  (NIPS)},
  editor =       {J. Platt and D. Koller and Y. Singer and S. Roweis},
  month =        {December},
  note =
                  {\url{https://proceedings.neurips.cc/paper_files/paper/2007/file/8597a6cfa74defcbde3047c891d78f90-Paper.pdf}},
  publisher =    {Curran Associates, Inc.},
  series =       {Conference Track Proceedings},
  title =        {Discovering Weakly-Interacting Factors in a Complex
                  Stochastic Process},
  volume =       20,
  year =         2007
}

@inproceedings{fukumizu2007kernel,
  address =      {Vancouver, British Columbia, Canada},
  author =       {Fukumizu, Kenji and Gretton, Arthur and Sun, Xiaohai
                  and Schölkopf, Bernhard},
  booktitle =    {Advances in Neural Information Processing Systems 20
                  (NIPS)},
  editor =       {Platt, J. and Koller, D. and Singer, Y. and Roweis,
                  S.},
  month =        {December},
  note =
                  {\url{https://proceedings.neurips.cc/paper_files/paper/2007/file/3a0772443a0739141292a5429b952fe6-Paper.pdf}},
  publisher =    {Curran Associates, Inc.},
  series =       {Conference Track Proceedings},
  title =        {Kernel Measures of Conditional Dependence},
  volume =       20,
  year =         2007
}

@inproceedings{ganchev2007expectation,
  address =      {Vancouver, British Columbia, Canada},
  author =       {Ganchev, Kuzman and Taskar, Ben and Gama, João},
  booktitle =    {Advances in Neural Information Processing Systems 20
                  (NIPS)},
  editor =       {Platt, J. and Koller, D. and Singer, Y. and Roweis,
                  S.},
  month =        {December},
  note =
                  {\url{https://proceedings.neurips.cc/paper_files/paper/2007/file/73e5080f0f3804cb9cf470a8ce895dac-Paper.pdf}},
  publisher =    {Curran Associates, Inc.},
  series =       {Conference Track Proceedings},
  title =        {Expectation Maximization and Posterior Constraints},
  volume =       20,
  year =         2007
}

@inproceedings{gao2007discriminant,
  address =      {Vancouver, British Columbia, Canada},
  author =       {Gao, Dashan and Mahadevan, Vijay and Vasconcelos,
                  Nuno},
  booktitle =    {Advances in Neural Information Processing Systems 20
                  (NIPS)},
  editor =       {Platt, J. and Koller, D. and Singer, Y. and Roweis,
                  S.},
  month =        {December},
  note =
                  {\url{https://proceedings.neurips.cc/paper_files/paper/2007/file/51ef186e18dc00c2d31982567235c559-Paper.pdf}},
  publisher =    {Curran Associates, Inc.},
  series =       {Conference Track Proceedings},
  title =        {The Discriminant Center-Surround Hypothesis for
                  Bottom-Up Saliency},
  volume =       20,
  year =         2007
}

@inproceedings{garrigues2007learning,
  address =      {Vancouver, British Columbia, Canada},
  author =       {Garrigues, Pierre and Olshausen, Bruno},
  booktitle =    {Advances in Neural Information Processing Systems 20
                  (NIPS)},
  editor =       {Platt, J. and Koller, D. and Singer, Y. and Roweis,
                  S.},
  month =        {December},
  note =
                  {\url{https://proceedings.neurips.cc/paper_files/paper/2007/file/f61d6947467ccd3aa5af24db320235dd-Paper.pdf}},
  publisher =    {Curran Associates, Inc.},
  series =       {Conference Track Proceedings},
  title =        {Learning Horizontal Connections in a Sparse Coding
                  Model of Natural Images},
  volume =       20,
  year =         2007
}

@inproceedings{gashler2007iterative,
  address =      {Vancouver, British Columbia, Canada},
  author =       {Gashler, Michael and Ventura, Dan and Martinez,
                  Tony},
  booktitle =    {Advances in Neural Information Processing Systems 20
                  (NIPS)},
  editor =       {Platt, J. and Koller, D. and Singer, Y. and Roweis,
                  S.},
  month =        {December},
  note =
                  {\url{https://proceedings.neurips.cc/paper_files/paper/2007/file/c06d06da9666a219db15cf575aff2824-Paper.pdf}},
  publisher =    {Curran Associates, Inc.},
  series =       {Conference Track Proceedings},
  title =        {Iterative Non-linear Dimensionality Reduction with
                  Manifold Sculpting},
  volume =       20,
  year =         2007
}

@inproceedings{gentile2007on,
  address =      {Vancouver, British Columbia, Canada},
  author =       {Gentile, Claudio and Vitale, Fabio and Brotto,
                  Cristian},
  booktitle =    {Advances in Neural Information Processing Systems 20
                  (NIPS)},
  editor =       {Platt, J. and Koller, D. and Singer, Y. and Roweis,
                  S.},
  month =        {December},
  note =
                  {\url{https://proceedings.neurips.cc/paper_files/paper/2007/file/ac1dd209cbcc5e5d1c6e28598e8cbbe8-Paper.pdf}},
  publisher =    {Curran Associates, Inc.},
  series =       {Conference Track Proceedings},
  title =        {On higher-order perceptron algorithms},
  volume =       20,
  year =         2007
}

@inproceedings{gerwinn2007bayesian,
  address =      {Vancouver, British Columbia, Canada},
  author =       {Gerwinn, Sebastian and Bethge, Matthias and Macke,
                  Jakob H and Seeger, Matthias},
  booktitle =    {Advances in Neural Information Processing Systems 20
                  (NIPS)},
  editor =       {Platt, J. and Koller, D. and Singer, Y. and Roweis,
                  S.},
  month =        {December},
  note =
                  {\url{https://proceedings.neurips.cc/paper_files/paper/2007/file/46ba9f2a6976570b0353203ec4474217-Paper.pdf}},
  publisher =    {Curran Associates, Inc.},
  series =       {Conference Track Proceedings},
  title =        {Bayesian Inference for Spiking Neuron Models with a
                  Sparsity Prior},
  volume =       20,
  year =         2007
}

@inproceedings{ghebreab2007predicting,
  address =      {Vancouver, British Columbia, Canada},
  author =       {Ghebreab, Sennay and Smeulders, Arnold and Adriaans,
                  Pieter},
  booktitle =    {Advances in Neural Information Processing Systems 20
                  (NIPS)},
  editor =       {Platt, J. and Koller, D. and Singer, Y. and Roweis,
                  S.},
  month =        {December},
  note =
                  {\url{https://proceedings.neurips.cc/paper_files/paper/2007/file/db8e1af0cb3aca1ae2d0018624204529-Paper.pdf}},
  publisher =    {Curran Associates, Inc.},
  series =       {Conference Track Proceedings},
  title =        {Predicting Brain States from fMRI Data: Incremental
                  Functional Principal Component Regression},
  volume =       20,
  year =         2007
}

@inproceedings{giulioni2007configurable,
  address =      {Vancouver, British Columbia, Canada},
  author =       {Giulioni, Massimiliano and Pannunzi, Mario and
                  Badoni, Davide and Dante, Vittorio and Giudice,
                  Paolo},
  booktitle =    {Advances in Neural Information Processing Systems 20
                  (NIPS)},
  editor =       {Platt, J. and Koller, D. and Singer, Y. and Roweis,
                  S.},
  month =        {December},
  note =
                  {\url{https://proceedings.neurips.cc/paper_files/paper/2007/file/500e75a036dc2d7d2fec5da1b71d36cc-Paper.pdf}},
  publisher =    {Curran Associates, Inc.},
  series =       {Conference Track Proceedings},
  title =        {A Configurable Analog VLSI Neural Network with
                  Spiking Neurons and Self-Regulating Plastic
                  Synapses},
  volume =       20,
  year =         2007
}

@inproceedings{globerson2007fixing,
  address =      {Vancouver, British Columbia, Canada},
  author =       {Globerson, Amir and Jaakkola, Tommi},
  booktitle =    {Advances in Neural Information Processing Systems 20
                  (NIPS)},
  editor =       {J. Platt and D. Koller and Y. Singer and S. Roweis},
  month =        {December},
  note =
                  {\url{https://proceedings.neurips.cc/paper_files/paper/2007/file/8d6dc35e506fc23349dd10ee68dabb64-Paper.pdf}},
  publisher =    {Curran Associates, Inc.},
  series =       {Conference Track Proceedings},
  title =        {Fixing Max-Product: Convergent Message Passing
                  Algorithms for MAP LP-Relaxations},
  volume =       20,
  year =         2007
}

@inproceedings{goldsmith2007competition,
  address =      {Vancouver, British Columbia, Canada},
  author =       {Goldsmith, Judy and Mundhenk, Martin},
  booktitle =    {Advances in Neural Information Processing Systems 20
                  (NIPS)},
  editor =       {Platt, J. and Koller, D. and Singer, Y. and Roweis,
                  S.},
  month =        {December},
  note =
                  {\url{https://proceedings.neurips.cc/paper_files/paper/2007/file/3435c378bb76d4357324dd7e69f3cd18-Paper.pdf}},
  publisher =    {Curran Associates, Inc.},
  series =       {Conference Track Proceedings},
  title =        {Competition Adds Complexity},
  volume =       20,
  year =         2007
}

@inproceedings{goodman2007bayesian,
  address =      {Vancouver, British Columbia, Canada},
  author =       {Goodman, Noah and Tenenbaum, Joshua and Black,
                  Michael},
  booktitle =    {Advances in Neural Information Processing Systems 20
                  (NIPS)},
  editor =       {Platt, J. and Koller, D. and Singer, Y. and Roweis,
                  S.},
  month =        {December},
  note =
                  {\url{https://proceedings.neurips.cc/paper_files/paper/2007/file/dd8eb9f23fbd362da0e3f4e70b878c16-Paper.pdf}},
  publisher =    {Curran Associates, Inc.},
  series =       {Conference Track Proceedings},
  title =        {A Bayesian Framework for Cross-Situational
                  Word-Learning},
  volume =       20,
  year =         2007
}

@inproceedings{graves2007unconstrained,
  address =      {Vancouver, British Columbia, Canada},
  author =       {Graves, Alex and Liwicki, Marcus and Bunke, Horst
                  and Schmidhuber, Jürgen and Fernández, Santiago},
  booktitle =    {Advances in Neural Information Processing Systems 20
                  (NIPS)},
  editor =       {Platt, J. and Koller, D. and Singer, Y. and Roweis,
                  S.},
  month =        {December},
  note =
                  {\url{https://proceedings.neurips.cc/paper_files/paper/2007/file/4b0250793549726d5c1ea3906726ebfe-Paper.pdf}},
  publisher =    {Curran Associates, Inc.},
  series =       {Conference Track Proceedings},
  title =        {Unconstrained On-line Handwriting Recognition with
                  Recurrent Neural Networks},
  volume =       20,
  year =         2007
}

@inproceedings{gretton2007kernel,
  address =      {Vancouver, British Columbia, Canada},
  author =       {Gretton, Arthur and Fukumizu, Kenji and Teo, Choon
                  and Song, Le and Schölkopf, Bernhard and Smola,
                  Alex},
  booktitle =    {Advances in Neural Information Processing Systems 20
                  (NIPS)},
  editor =       {Platt, J. and Koller, D. and Singer, Y. and Roweis,
                  S.},
  month =        {December},
  note =
                  {\url{https://proceedings.neurips.cc/paper_files/paper/2007/file/d5cfead94f5350c12c322b5b664544c1-Paper.pdf}},
  publisher =    {Curran Associates, Inc.},
  series =       {Conference Track Proceedings},
  title =        {A Kernel Statistical Test of Independence},
  volume =       20,
  year =         2007
}

@inproceedings{guo2007convex,
  address =      {Vancouver, British Columbia, Canada},
  author =       {Guo, Yuhong and Schuurmans, Dale},
  booktitle =    {Advances in Neural Information Processing Systems 20
                  (NIPS)},
  editor =       {Platt, J. and Koller, D. and Singer, Y. and Roweis,
                  S.},
  month =        {December},
  note =
                  {\url{https://proceedings.neurips.cc/paper_files/paper/2007/file/4ea83d951990d8bf07a68ec3e50f9156-Paper.pdf}},
  publisher =    {Curran Associates, Inc.},
  series =       {Conference Track Proceedings},
  title =        {Convex Relaxations of Latent Variable Training},
  volume =       20,
  year =         2007
}

@inproceedings{guo2007discriminative,
  address =      {Vancouver, British Columbia, Canada},
  author =       {Guo, Yuhong and Schuurmans, Dale},
  booktitle =    {Advances in Neural Information Processing Systems 20
                  (NIPS)},
  editor =       {Platt, J. and Koller, D. and Singer, Y. and Roweis,
                  S.},
  month =        {December},
  note =
                  {\url{https://proceedings.neurips.cc/paper_files/paper/2007/file/ccc0aa1b81bf81e16c676ddb977c5881-Paper.pdf}},
  publisher =    {Curran Associates, Inc.},
  series =       {Conference Track Proceedings},
  title =        {Discriminative Batch Mode Active Learning},
  volume =       20,
  year =         2007
}

@inproceedings{hazan2007adaptive,
  address =      {Vancouver, British Columbia, Canada},
  author =       {Hazan, Elad and Rakhlin, Alexander and Bartlett,
                  Peter},
  booktitle =    {Advances in Neural Information Processing Systems 20
                  (NIPS)},
  editor =       {Platt, J. and Koller, D. and Singer, Y. and Roweis,
                  S.},
  month =        {December},
  note =
                  {\url{https://proceedings.neurips.cc/paper_files/paper/2007/file/afd4836712c5e77550897e25711e1d96-Paper.pdf}},
  publisher =    {Curran Associates, Inc.},
  series =       {Conference Track Proceedings},
  title =        {Adaptive Online Gradient Descent},
  volume =       20,
  year =         2007
}

@inproceedings{hazan2007computational,
  address =      {Vancouver, British Columbia, Canada},
  author =       {Hazan, Elad and Kale, Satyen},
  booktitle =    {Advances in Neural Information Processing Systems 20
                  (NIPS)},
  editor =       {Platt, J. and Koller, D. and Singer, Y. and Roweis,
                  S.},
  month =        {December},
  note =
                  {\url{https://proceedings.neurips.cc/paper_files/paper/2007/file/e4bb4c5173c2ce17fd8fcd40041c068f-Paper.pdf}},
  publisher =    {Curran Associates, Inc.},
  series =       {Conference Track Proceedings},
  title =        {Computational Equivalence of Fixed Points and No
                  Regret Algorithms, and Convergence to Equilibria},
  volume =       20,
  year =         2007
}

@inproceedings{he2007nearest,
  address =      {Vancouver, British Columbia, Canada},
  author =       {He, Jingrui and Carbonell, Jaime},
  booktitle =    {Advances in Neural Information Processing Systems 20
                  (NIPS)},
  editor =       {Platt, J. and Koller, D. and Singer, Y. and Roweis,
                  S.},
  month =        {December},
  note =
                  {\url{https://proceedings.neurips.cc/paper_files/paper/2007/file/2838023a778dfaecdc212708f721b788-Paper.pdf}},
  publisher =    {Curran Associates, Inc.},
  series =       {Conference Track Proceedings},
  title =        {Nearest-Neighbor-Based Active Learning for Rare
                  Category Detection},
  volume =       20,
  year =         2007
}

@inproceedings{hegde2007random,
  address =      {Vancouver, British Columbia, Canada},
  author =       {Hegde, Chinmay and Wakin, Michael and Baraniuk,
                  Richard},
  booktitle =    {Advances in Neural Information Processing Systems 20
                  (NIPS)},
  editor =       {Platt, J. and Koller, D. and Singer, Y. and Roweis,
                  S.},
  month =        {December},
  note =
                  {\url{https://proceedings.neurips.cc/paper_files/paper/2007/file/1e6e0a04d20f50967c64dac2d639a577-Paper.pdf}},
  publisher =    {Curran Associates, Inc.},
  series =       {Conference Track Proceedings},
  title =        {Random Projections for Manifold Learning},
  volume =       20,
  year =         2007
}

@inproceedings{hernandez2007regulator,
  address =      {Vancouver, British Columbia, Canada},
  author =       {Hernández-Lobato, José and Dijkstra, Tjeerd and
                  Heskes, Tom},
  booktitle =    {Advances in Neural Information Processing Systems 20
                  (NIPS)},
  editor =       {Platt, J. and Koller, D. and Singer, Y. and Roweis,
                  S.},
  month =        {December},
  note =
                  {\url{https://proceedings.neurips.cc/paper_files/paper/2007/file/3e89ebdb49f712c7d90d1b39e348bbbf-Paper.pdf}},
  publisher =    {Curran Associates, Inc.},
  series =       {Conference Track Proceedings},
  title =        {Regulator Discovery from Gene Expression Time Series
                  of Malaria Parasites: a Hierarchical Approach},
  volume =       20,
  year =         2007
}

@inproceedings{hinton2007using,
  address =      {Vancouver, British Columbia, Canada},
  author =       {Hinton, Geoffrey E and Salakhutdinov, Russ R},
  booktitle =    {Advances in Neural Information Processing Systems 20
                  (NIPS)},
  editor =       {Platt, J. and Koller, D. and Singer, Y. and Roweis,
                  S.},
  month =        {December},
  note =
                  {\url{https://proceedings.neurips.cc/paper_files/paper/2007/file/4b6538a44a1dfdc2b83477cd76dee98e-Paper.pdf}},
  publisher =    {Curran Associates, Inc.},
  series =       {Conference Track Proceedings},
  title =        {Using Deep Belief Nets to Learn Covariance Kernels
                  for Gaussian Processes},
  volume =       20,
  year =         2007
}

@inproceedings{hoff2007modeling,
  address =      {Vancouver, British Columbia, Canada},
  author =       {Hoff, Peter},
  booktitle =    {Advances in Neural Information Processing Systems 20
                  (NIPS)},
  editor =       {Platt, J. and Koller, D. and Singer, Y. and Roweis,
                  S.},
  month =        {December},
  note =
                  {\url{https://proceedings.neurips.cc/paper_files/paper/2007/file/766ebcd59621e305170616ba3d3dac32-Paper.pdf}},
  publisher =    {Curran Associates, Inc.},
  series =       {Conference Track Proceedings},
  title =        {Modeling Homophily and Stochastic Equivalence in
                  Symmetric Relational Data},
  volume =       20,
  year =         2007
}

@inproceedings{hoffman2007bayesian,
  address =      {Vancouver, British Columbia, Canada},
  author =       {Hoffman, Matthew and Doucet, Arnaud and Freitas,
                  Nando and Jasra, Ajay},
  booktitle =    {Advances in Neural Information Processing Systems 20
                  (NIPS)},
  editor =       {Platt, J. and Koller, D. and Singer, Y. and Roweis,
                  S.},
  month =        {December},
  note =
                  {\url{https://proceedings.neurips.cc/paper_files/paper/2007/file/3a15c7d0bbe60300a39f76f8a5ba6896-Paper.pdf}},
  publisher =    {Curran Associates, Inc.},
  series =       {Conference Track Proceedings},
  title =        {Bayesian Policy Learning with Trans-Dimensional
                  MCMC},
  volume =       20,
  year =         2007
}

@inproceedings{howard2007learning,
  address =      {Vancouver, British Columbia, Canada},
  author =       {Howard, Andrew and Jebara, Tony},
  booktitle =    {Advances in Neural Information Processing Systems 20
                  (NIPS)},
  editor =       {J. Platt and D. Koller and Y. Singer and S. Roweis},
  month =        {December},
  note =
                  {\url{https://proceedings.neurips.cc/paper_files/paper/2007/file/a0e2a2c563d57df27213ede1ac4ac780-Paper.pdf}},
  publisher =    {Curran Associates, Inc.},
  series =       {Conference Track Proceedings},
  title =        {Learning Monotonic Transformations for
                  Classification},
  volume =       20,
  year =         2007
}

@inproceedings{huang2007efficient,
  address =      {Vancouver, British Columbia, Canada},
  author =       {Huang, Jonathan and Guestrin, Carlos and Guibas,
                  Leonidas J.},
  booktitle =    {Advances in Neural Information Processing Systems 20
                  (NIPS)},
  editor =       {Platt, J. and Koller, D. and Singer, Y. and Roweis,
                  S.},
  month =        {December},
  note =
                  {\url{https://proceedings.neurips.cc/paper_files/paper/2007/file/d9896106ca98d3d05b8cbdf4fd8b13a1-Paper.pdf}},
  publisher =    {Curran Associates, Inc.},
  series =       {Conference Track Proceedings},
  title =        {Efficient Inference for Distributions on
                  Permutations},
  volume =       20,
  year =         2007
}

@inproceedings{hutter2007temporal,
  address =      {Vancouver, British Columbia, Canada},
  author =       {Hutter, Marcus and Legg, Shane},
  booktitle =    {Advances in Neural Information Processing Systems 20
                  (NIPS)},
  editor =       {Platt, J. and Koller, D. and Singer, Y. and Roweis,
                  S.},
  month =        {December},
  note =
                  {\url{https://proceedings.neurips.cc/paper_files/paper/2007/file/3a30be93eb45566a90f4e95ee72a089a-Paper.pdf}},
  publisher =    {Curran Associates, Inc.},
  series =       {Conference Track Proceedings},
  title =        {Temporal Difference Updating without a Learning
                  Rate},
  volume =       20,
  year =         2007
}

@inproceedings{isbell2007ultrafast,
  address =      {Vancouver, British Columbia, Canada},
  author =       {Isbell, Charles and Holmes, Michael and Gray,
                  Alexander},
  booktitle =    {Advances in Neural Information Processing Systems 20
                  (NIPS)},
  editor =       {Platt, J. and Koller, D. and Singer, Y. and Roweis,
                  S.},
  month =        {December},
  note =
                  {\url{https://proceedings.neurips.cc/paper_files/paper/2007/file/5e6d27a7a8a8330df4b53240737ccc85-Paper.pdf}},
  publisher =    {Curran Associates, Inc.},
  series =       {Conference Track Proceedings},
  title =        {Ultrafast Monte Carlo for Statistical Summations},
  volume =       20,
  year =         2007
}

@inproceedings{jebara2007density,
  address =      {Vancouver, British Columbia, Canada},
  author =       {Jebara, Tony and Song, Yingbo and Thadani, Kapil},
  booktitle =    {Advances in Neural Information Processing Systems 20
                  (NIPS)},
  editor =       {Platt, J. and Koller, D. and Singer, Y. and Roweis,
                  S.},
  month =        {December},
  note =
                  {\url{https://proceedings.neurips.cc/paper_files/paper/2007/file/d8700cbd38cc9f30cecb34f0c195b137-Paper.pdf}},
  publisher =    {Curran Associates, Inc.},
  series =       {Conference Track Proceedings},
  title =        {Density Estimation under Independent Similarly
                  Distributed Sampling Assumptions},
  volume =       20,
  year =         2007
}

@inproceedings{johanson2007computing,
  address =      {Vancouver, British Columbia, Canada},
  author =       {Johanson, Michael and Zinkevich, Martin and Bowling,
                  Michael},
  booktitle =    {Advances in Neural Information Processing Systems 20
                  (NIPS)},
  editor =       {Platt, J. and Koller, D. and Singer, Y. and Roweis,
                  S.},
  month =        {December},
  note =
                  {\url{https://proceedings.neurips.cc/paper_files/paper/2007/file/6e7b33fdea3adc80ebd648fffb665bb8-Paper.pdf}},
  publisher =    {Curran Associates, Inc.},
  series =       {Conference Track Proceedings},
  title =        {Computing Robust Counter-Strategies},
  volume =       20,
  year =         2007
}

@inproceedings{jung2007local,
  address =      {Vancouver, British Columbia, Canada},
  author =       {Jung, Kyomin and Shah, Devavrat},
  booktitle =    {Advances in Neural Information Processing Systems 20
                  (NIPS)},
  editor =       {Platt, J. and Koller, D. and Singer, Y. and Roweis,
                  S.},
  month =        {December},
  note =
                  {\url{https://proceedings.neurips.cc/paper_files/paper/2007/file/7143d7fbadfa4693b9eec507d9d37443-Paper.pdf}},
  publisher =    {Curran Associates, Inc.},
  series =       {Conference Track Proceedings},
  title =        {Local Algorithms for Approximate Inference in
                  Minor-Excluded Graphs},
  volume =       20,
  year =         2007
}

@inproceedings{kato2007multi,
  address =      {Vancouver, British Columbia, Canada},
  author =       {Kato, Tsuyoshi and Kashima, Hisashi and Sugiyama,
                  Masashi and Asai, Kiyoshi},
  booktitle =    {Advances in Neural Information Processing Systems 20
                  (NIPS)},
  editor =       {Platt, J. and Koller, D. and Singer, Y. and Roweis,
                  S.},
  month =        {December},
  note =
                  {\url{https://proceedings.neurips.cc/paper_files/paper/2007/file/67f7fb873eaf29526a11a9b7ac33bfac-Paper.pdf}},
  publisher =    {Curran Associates, Inc.},
  series =       {Conference Track Proceedings},
  title =        {Multi-Task Learning via Conic Programming},
  volume =       20,
  year =         2007
}

@inproceedings{kearns2007privacy,
  address =      {Vancouver, British Columbia, Canada},
  author =       {Kearns, Michael and Tan, Jinsong and Wortman,
                  Jennifer},
  booktitle =    {Advances in Neural Information Processing Systems 20
                  (NIPS)},
  editor =       {Platt, J. and Koller, D. and Singer, Y. and Roweis,
                  S.},
  month =        {December},
  note =
                  {\url{https://proceedings.neurips.cc/paper_files/paper/2007/file/d516b13671a4179d9b7b458a6ebdeb92-Paper.pdf}},
  publisher =    {Curran Associates, Inc.},
  series =       {Conference Track Proceedings},
  title =        {Privacy-Preserving Belief Propagation and Sampling},
  volume =       20,
  year =         2007
}

@inproceedings{kemp2007learning,
  address =      {Vancouver, British Columbia, Canada},
  author =       {Kemp, Charles and Goodman, Noah and Tenenbaum,
                  Joshua},
  booktitle =    {Advances in Neural Information Processing Systems 20
                  (NIPS)},
  editor =       {Platt, J. and Koller, D. and Singer, Y. and Roweis,
                  S.},
  month =        {December},
  note =
                  {\url{https://proceedings.neurips.cc/paper_files/paper/2007/file/b0ab42fcb7133122b38521d13da7120b-Paper.pdf}},
  publisher =    {Curran Associates, Inc.},
  series =       {Conference Track Proceedings},
  title =        {Learning and using relational theories},
  volume =       20,
  year =         2007
}

@inproceedings{kiciman2007fast,
  address =      {Vancouver, British Columbia, Canada},
  author =       {Kiciman, Emre and Maltz, David and Platt, John},
  booktitle =    {Advances in Neural Information Processing Systems 20
                  (NIPS)},
  editor =       {Platt, J. and Koller, D. and Singer, Y. and Roweis,
                  S.},
  month =        {December},
  note =
                  {\url{https://proceedings.neurips.cc/paper_files/paper/2007/file/aff1621254f7c1be92f64550478c56e6-Paper.pdf}},
  publisher =    {Curran Associates, Inc.},
  series =       {Conference Track Proceedings},
  title =        {Fast Variational Inference for Large-scale Internet
                  Diagnosis},
  volume =       20,
  year =         2007
}

@inproceedings{kirshner2007learning,
  address =      {Vancouver, British Columbia, Canada},
  author =       {Kirshner, Sergey},
  booktitle =    {Advances in Neural Information Processing Systems 20
                  (NIPS)},
  editor =       {Platt, J. and Koller, D. and Singer, Y. and Roweis,
                  S.},
  month =        {December},
  note =
                  {\url{https://proceedings.neurips.cc/paper_files/paper/2007/file/731c83db8d2ff01bdc000083fd3c3740-Paper.pdf}},
  publisher =    {Curran Associates, Inc.},
  series =       {Conference Track Proceedings},
  title =        {Learning with Tree-Averaged Densities and
                  Distributions},
  volume =       20,
  year =         2007
}

@inproceedings{kolter2007hierarchical,
  address =      {Vancouver, British Columbia, Canada},
  author =       {Kolter, J. and Abbeel, Pieter and Ng, Andrew},
  booktitle =    {Advances in Neural Information Processing Systems 20
                  (NIPS)},
  editor =       {Platt, J. and Koller, D. and Singer, Y. and Roweis,
                  S.},
  month =        {December},
  note =
                  {\url{https://proceedings.neurips.cc/paper_files/paper/2007/file/54a367d629152b720749e187b3eaa11b-Paper.pdf}},
  publisher =    {Curran Associates, Inc.},
  series =       {Conference Track Proceedings},
  title =        {Hierarchical Apprenticeship Learning with
                  Application to Quadruped Locomotion},
  volume =       20,
  year =         2007
}

@inproceedings{krause2007selecting,
  address =      {Vancouver, British Columbia, Canada},
  author =       {Krause, Andreas and McMahan, Brendan and Guestrin,
                  Carlos and Gupta, Anupam},
  booktitle =    {Advances in Neural Information Processing Systems 20
                  (NIPS)},
  editor =       {Platt, J. and Koller, D. and Singer, Y. and Roweis,
                  S.},
  month =        {December},
  note =
                  {\url{https://proceedings.neurips.cc/paper_files/paper/2007/file/eae27d77ca20db309e056e3d2dcd7d69-Paper.pdf}},
  publisher =    {Curran Associates, Inc.},
  series =       {Conference Track Proceedings},
  title =        {Selecting Observations against Adversarial
                  Objectives},
  volume =       20,
  year =         2007
}

@inproceedings{kulesza2007structured,
  address =      {Vancouver, British Columbia, Canada},
  author =       {Kulesza, Alex and Pereira, Fernando},
  booktitle =    {Advances in Neural Information Processing Systems 20
                  (NIPS)},
  editor =       {Platt, J. and Koller, D. and Singer, Y. and Roweis,
                  S.},
  month =        {December},
  note =
                  {\url{https://proceedings.neurips.cc/paper_files/paper/2007/file/32b30a250abd6331e03a2a1f16466346-Paper.pdf}},
  publisher =    {Curran Associates, Inc.},
  series =       {Conference Track Proceedings},
  title =        {Structured Learning with Approximate Inference},
  volume =       20,
  year =         2007
}

@inproceedings{kumar2007randomized,
  address =      {Vancouver, British Columbia, Canada},
  author =       {Kumar, Krishnan and Bhattacharya, Chiru and
                  Hariharan, Ramesh},
  booktitle =    {Advances in Neural Information Processing Systems 20
                  (NIPS)},
  editor =       {Platt, J. and Koller, D. and Singer, Y. and Roweis,
                  S.},
  month =        {December},
  note =
                  {\url{https://proceedings.neurips.cc/paper_files/paper/2007/file/ba2fd310dcaa8781a9a652a31baf3c68-Paper.pdf}},
  publisher =    {Curran Associates, Inc.},
  series =       {Conference Track Proceedings},
  title =        {A Randomized Algorithm for Large Scale Support
                  Vector Learning},
  volume =       20,
  year =         2007
}

@inproceedings{lam2007extending,
  address =      {Vancouver, British Columbia, Canada},
  author =       {Lam, Yiu and Shi, Bertram},
  booktitle =    {Advances in Neural Information Processing Systems 20
                  (NIPS)},
  editor =       {Platt, J. and Koller, D. and Singer, Y. and Roweis,
                  S.},
  month =        {December},
  note =
                  {\url{https://proceedings.neurips.cc/paper_files/paper/2007/file/dc82d632c9fcecb0778afbc7924494a6-Paper.pdf}},
  publisher =    {Curran Associates, Inc.},
  series =       {Conference Track Proceedings},
  title =        {Extending position/phase-shift tuning to motion
                  energy neurons improves velocity discrimination},
  volume =       20,
  year =         2007
}

@inproceedings{langford2007epoch,
  address =      {Vancouver, British Columbia, Canada},
  author =       {Langford, John and Zhang, Tong},
  booktitle =    {Advances in Neural Information Processing Systems 20
                  (NIPS)},
  editor =       {Platt, J. and Koller, D. and Singer, Y. and Roweis,
                  S.},
  month =        {December},
  note =
                  {\url{https://proceedings.neurips.cc/paper_files/paper/2007/file/4b04a686b0ad13dce35fa99fa4161c65-Paper.pdf}},
  publisher =    {Curran Associates, Inc.},
  series =       {Conference Track Proceedings},
  title =        {The Epoch-Greedy Algorithm for Multi-armed Bandits
                  with Side Information},
  volume =       20,
  year =         2007
}

@inproceedings{lashkari2007convex,
  address =      {Vancouver, British Columbia, Canada},
  author =       {Lashkari, Danial and Golland, Polina},
  booktitle =    {Advances in Neural Information Processing Systems 20
                  (NIPS)},
  editor =       {Platt, J. and Koller, D. and Singer, Y. and Roweis,
                  S.},
  month =        {December},
  note =
                  {\url{https://proceedings.neurips.cc/paper_files/paper/2007/file/3fe94a002317b5f9259f82690aeea4cd-Paper.pdf}},
  publisher =    {Curran Associates, Inc.},
  series =       {Conference Track Proceedings},
  title =        {Convex Clustering with Exemplar-Based Models},
  volume =       20,
  year =         2007
}

@inproceedings{lazaric2007reinforcement,
  address =      {Vancouver, British Columbia, Canada},
  author =       {Lazaric, Alessandro and Restelli, Marcello and
                  Bonarini, Andrea},
  booktitle =    {Advances in Neural Information Processing Systems 20
                  (NIPS)},
  editor =       {Platt, J. and Koller, D. and Singer, Y. and Roweis,
                  S.},
  month =        {December},
  note =
                  {\url{https://proceedings.neurips.cc/paper_files/paper/2007/file/0f840be9b8db4d3fbd5ba2ce59211f55-Paper.pdf}},
  publisher =    {Curran Associates, Inc.},
  series =       {Conference Track Proceedings},
  title =        {Reinforcement Learning in Continuous Action Spaces
                  through Sequential Monte Carlo Methods},
  volume =       20,
  year =         2007
}

@inproceedings{le2007bundle,
  address =      {Vancouver, British Columbia, Canada},
  author =       {Le, Quoc and Smola, Alex and Vishwanathan, S.V.N.},
  booktitle =    {Advances in Neural Information Processing Systems 20
                  (NIPS)},
  editor =       {Platt, J. and Koller, D. and Singer, Y. and Roweis,
                  S.},
  month =        {December},
  note =
                  {\url{https://proceedings.neurips.cc/paper_files/paper/2007/file/26337353b7962f533d78c762373b3318-Paper.pdf}},
  publisher =    {Curran Associates, Inc.},
  series =       {Conference Track Proceedings},
  title =        {Bundle Methods for Machine Learning},
  volume =       20,
  year =         2007
}

@inproceedings{lebanon2007non,
  address =      {Vancouver, British Columbia, Canada},
  author =       {Lebanon, Guy and Mao, Yi},
  booktitle =    {Advances in Neural Information Processing Systems 20
                  (NIPS)},
  editor =       {Platt, J. and Koller, D. and Singer, Y. and Roweis,
                  S.},
  month =        {December},
  note =
                  {\url{https://proceedings.neurips.cc/paper_files/paper/2007/file/fe8c15fed5f808006ce95eddb7366e35-Paper.pdf}},
  publisher =    {Curran Associates, Inc.},
  series =       {Conference Track Proceedings},
  title =        {Non-parametric Modeling of Partially Ranked Data},
  volume =       20,
  year =         2007
}

@inproceedings{lecchinivisintini2007simulated,
  address =      {Vancouver, British Columbia, Canada},
  author =       {Lecchini-Visintini, Andrea and Lygeros, John and
                  Maciejowski, Jan},
  booktitle =    {Advances in Neural Information Processing Systems 20
                  (NIPS)},
  editor =       {Platt, J. and Koller, D. and Singer, Y. and Roweis,
                  S.},
  month =        {December},
  note =
                  {\url{https://proceedings.neurips.cc/paper_files/paper/2007/file/03afdbd66e7929b125f8597834fa83a4-Paper.pdf}},
  publisher =    {Curran Associates, Inc.},
  series =       {Conference Track Proceedings},
  title =        {Simulated Annealing: Rigorous finite-time guarantees
                  for optimization on continuous domains},
  volume =       20,
  year =         2007
}

@inproceedings{lee2007makes,
  address =      {Vancouver, British Columbia, Canada},
  author =       {Lee, Wee and Rong, Nan and Hsu, David},
  booktitle =    {Advances in Neural Information Processing Systems 20
                  (NIPS)},
  editor =       {Platt, J. and Koller, D. and Singer, Y. and Roweis,
                  S.},
  month =        {December},
  note =
                  {\url{https://proceedings.neurips.cc/paper_files/paper/2007/file/cfa0860e83a4c3a763a7e62d825349f7-Paper.pdf}},
  publisher =    {Curran Associates, Inc.},
  series =       {Conference Track Proceedings},
  title =        {What makes some POMDP problems easy to approximate?},
  volume =       20,
  year =         2007
}

@inproceedings{lee2007sparse,
  address =      {Vancouver, British Columbia, Canada},
  author =       {Lee, Honglak and Ekanadham, Chaitanya and Ng,
                  Andrew},
  booktitle =    {Advances in Neural Information Processing Systems 20
                  (NIPS)},
  editor =       {Platt, J. and Koller, D. and Singer, Y. and Roweis,
                  S.},
  month =        {December},
  note =
                  {\url{https://proceedings.neurips.cc/paper_files/paper/2007/file/4daa3db355ef2b0e64b472968cb70f0d-Paper.pdf}},
  publisher =    {Curran Associates, Inc.},
  series =       {Conference Track Proceedings},
  title =        {Sparse Deep Belief Net Model for Visual Area V2},
  volume =       20,
  year =         2007
}

@inproceedings{lengyel2007hippocampal,
  address =      {Vancouver, British Columbia, Canada},
  author =       {Lengyel, Máté and Dayan, Peter},
  booktitle =    {Advances in Neural Information Processing Systems 20
                  (NIPS)},
  editor =       {Platt, J. and Koller, D. and Singer, Y. and Roweis,
                  S.},
  month =        {December},
  note =
                  {\url{https://proceedings.neurips.cc/paper_files/paper/2007/file/1f4477bad7af3616c1f933a02bfabe4e-Paper.pdf}},
  publisher =    {Curran Associates, Inc.},
  series =       {Conference Track Proceedings},
  title =        {Hippocampal Contributions to Control: The Third Way},
  volume =       20,
  year =         2007
}

@inproceedings{levyleduc2007catching,
  address =      {Vancouver, British Columbia, Canada},
  author =       {Levy-leduc, Céline and Harchaoui, Zaïd},
  booktitle =    {Advances in Neural Information Processing Systems 20
                  (NIPS)},
  editor =       {Platt, J. and Koller, D. and Singer, Y. and Roweis,
                  S.},
  month =        {December},
  note =
                  {\url{https://proceedings.neurips.cc/paper_files/paper/2007/file/e5841df2166dd424a57127423d276bbe-Paper.pdf}},
  publisher =    {Curran Associates, Inc.},
  series =       {Conference Track Proceedings},
  title =        {Catching Change-points with Lasso},
  volume =       20,
  year =         2007
}

@inproceedings{li2007mcrank,
  address =      {Vancouver, British Columbia, Canada},
  author =       {Li, Ping and Wu, Qiang and Burges, Christopher},
  booktitle =    {Advances in Neural Information Processing Systems 20
                  (NIPS)},
  editor =       {Platt, J. and Koller, D. and Singer, Y. and Roweis,
                  S.},
  month =        {December},
  note =
                  {\url{https://proceedings.neurips.cc/paper_files/paper/2007/file/b86e8d03fe992d1b0e19656875ee557c-Paper.pdf}},
  publisher =    {Curran Associates, Inc.},
  series =       {Conference Track Proceedings},
  title =        {McRank: Learning to Rank Using Multiple
                  Classification and Gradient Boosting},
  volume =       20,
  year =         2007
}

@inproceedings{li2007unified,
  address =      {Vancouver, British Columbia, Canada},
  author =       {Li, Ping and Hastie, Trevor},
  booktitle =    {Advances in Neural Information Processing Systems 20
                  (NIPS)},
  editor =       {Platt, J. and Koller, D. and Singer, Y. and Roweis,
                  S.},
  month =        {December},
  note =
                  {\url{https://proceedings.neurips.cc/paper_files/paper/2007/file/6dfe08eda761bd321f8a9b239f6f4ec3-Paper.pdf}},
  publisher =    {Curran Associates, Inc.},
  series =       {Conference Track Proceedings},
  title =        {A Unified Near-Optimal Estimator for Dimension
                  Reduction in l_α(0 < α≤2) Using Stable Random
                  Projections},
  volume =       20,
  year =         2007
}

@inproceedings{liang2007agreement,
  address =      {Vancouver, British Columbia, Canada},
  author =       {Liang, Percy S. and Klein, Dan and Jordan, Michael},
  booktitle =    {Advances in Neural Information Processing Systems 20
                  (NIPS)},
  editor =       {Platt, J. and Koller, D. and Singer, Y. and Roweis,
                  S.},
  month =        {December},
  note =
                  {\url{https://proceedings.neurips.cc/paper_files/paper/2007/file/dbe272bab69f8e13f14b405e038deb64-Paper.pdf}},
  publisher =    {Curran Associates, Inc.},
  series =       {Conference Track Proceedings},
  title =        {Agreement-Based Learning},
  volume =       20,
  year =         2007
}

@inproceedings{lin2007blind,
  address =      {Vancouver, British Columbia, Canada},
  author =       {Lin, Yuanqing and Chen, Jingdong and Kim, Youngmoo
                  and Lee, Daniel},
  booktitle =    {Advances in Neural Information Processing Systems 20
                  (NIPS)},
  editor =       {Platt, J. and Koller, D. and Singer, Y. and Roweis,
                  S.},
  month =        {December},
  note =
                  {\url{https://proceedings.neurips.cc/paper_files/paper/2007/file/da8ce53cf0240070ce6c69c48cd588ee-Paper.pdf}},
  publisher =    {Curran Associates, Inc.},
  series =       {Conference Track Proceedings},
  title =        {Blind channel identification for speech
                  dereverberation using l1-norm sparse learning},
  volume =       20,
  year =         2007
}

@inproceedings{linstead2007mining,
  address =      {Vancouver, British Columbia, Canada},
  author =       {Linstead, Erik and Rigor, Paul and Bajracharya,
                  Sushil and Lopes, Cristina and Baldi, Pierre},
  booktitle =    {Advances in Neural Information Processing Systems 20
                  (NIPS)},
  editor =       {J. Platt and D. Koller and Y. Singer and S. Roweis},
  month =        {December},
  note =
                  {\url{https://proceedings.neurips.cc/paper_files/paper/2007/file/a532400ed62e772b9dc0b86f46e583ff-Paper.pdf}},
  publisher =    {Curran Associates, Inc.},
  series =       {Conference Track Proceedings},
  title =        {Mining Internet-Scale Software Repositories},
  volume =       20,
  year =         2007
}

@inproceedings{liu2007semi,
  address =      {Vancouver, British Columbia, Canada},
  author =       {Liu, Qiuhua and Liao, Xuejun and Carin, Lawrence},
  booktitle =    {Advances in Neural Information Processing Systems 20
                  (NIPS)},
  editor =       {J. Platt and D. Koller and Y. Singer and S. Roweis},
  month =        {December},
  note =
                  {\url{https://proceedings.neurips.cc/paper_files/paper/2007/file/a34bacf839b923770b2c360eefa26748-Paper.pdf}},
  publisher =    {Curran Associates, Inc.},
  series =       {Conference Track Proceedings},
  title =        {Semi-Supervised Multitask Learning},
  volume =       20,
  year =         2007
}

@inproceedings{liu2007spam,
  address =      {Vancouver, British Columbia, Canada},
  author =       {Liu, Han and Wasserman, Larry and Lafferty, John and
                  Ravikumar, Pradeep},
  booktitle =    {Advances in Neural Information Processing Systems 20
                  (NIPS)},
  editor =       {Platt, J. and Koller, D. and Singer, Y. and Roweis,
                  S.},
  month =        {December},
  note =
                  {\url{https://proceedings.neurips.cc/paper_files/paper/2007/file/42e7aaa88b48137a16a1acd04ed91125-Paper.pdf}},
  publisher =    {Curran Associates, Inc.},
  series =       {Conference Track Proceedings},
  title =        {SpAM: Sparse Additive Models},
  volume =       20,
  year =         2007
}

@inproceedings{long2007boosting,
  address =      {Vancouver, British Columbia, Canada},
  author =       {Long, Phil and Servedio, Rocco},
  booktitle =    {Advances in Neural Information Processing Systems 20
                  (NIPS)},
  editor =       {Platt, J. and Koller, D. and Singer, Y. and Roweis,
                  S.},
  month =        {December},
  note =
                  {\url{https://proceedings.neurips.cc/paper_files/paper/2007/file/c5ff2543b53f4cc0ad3819a36752467b-Paper.pdf}},
  publisher =    {Curran Associates, Inc.},
  series =       {Conference Track Proceedings},
  title =        {Boosting the Area under the ROC Curve},
  volume =       20,
  year =         2007
}

@inproceedings{lu2007people,
  address =      {Vancouver, British Columbia, Canada},
  author =       {Lu, Zhengdong and Sminchisescu, Cristian and
                  Carreira-Perpiñán, Miguel},
  booktitle =    {Advances in Neural Information Processing Systems 20
                  (NIPS)},
  editor =       {Platt, J. and Koller, D. and Singer, Y. and Roweis,
                  S.},
  month =        {December},
  note =
                  {\url{https://proceedings.neurips.cc/paper_files/paper/2007/file/5f93f983524def3dca464469d2cf9f3e-Paper.pdf}},
  publisher =    {Curran Associates, Inc.},
  series =       {Conference Track Proceedings},
  title =        {People Tracking with the Laplacian Eigenmaps Latent
                  Variable Model},
  volume =       20,
  year =         2007
}

@inproceedings{luss2007support,
  address =      {Vancouver, British Columbia, Canada},
  author =       {Luss, Ronny and D'aspremont, Alexandre},
  booktitle =    {Advances in Neural Information Processing Systems 20
                  (NIPS)},
  editor =       {Platt, J. and Koller, D. and Singer, Y. and Roweis,
                  S.},
  month =        {December},
  note =
                  {\url{https://proceedings.neurips.cc/paper_files/paper/2007/file/c0c7c76d30bd3dcaefc96f40275bdc0a-Paper.pdf}},
  publisher =    {Curran Associates, Inc.},
  series =       {Conference Track Proceedings},
  title =        {Support Vector Machine Classification with
                  Indefinite Kernels},
  volume =       20,
  year =         2007
}

@inproceedings{luxburg2007consistent,
  address =      {Vancouver, British Columbia, Canada},
  author =       {Luxburg, Ulrike and Jegelka, Stefanie and Kaufmann,
                  Michael and Bubeck, Sébastien},
  booktitle =    {Advances in Neural Information Processing Systems 20
                  (NIPS)},
  editor =       {Platt, J. and Koller, D. and Singer, Y. and Roweis,
                  S.},
  month =        {December},
  note =
                  {\url{https://proceedings.neurips.cc/paper_files/paper/2007/file/faa9afea49ef2ff029a833cccc778fd0-Paper.pdf}},
  publisher =    {Curran Associates, Inc.},
  series =       {Conference Track Proceedings},
  title =        {Consistent Minimization of Clustering Objective
                  Functions},
  volume =       20,
  year =         2007
}

@inproceedings{mahdaviani2007fast,
  address =      {Vancouver, British Columbia, Canada},
  author =       {Mahdaviani, Maryam and Choudhury, Tanzeem},
  booktitle =    {Advances in Neural Information Processing Systems 20
                  (NIPS)},
  editor =       {Platt, J. and Koller, D. and Singer, Y. and Roweis,
                  S.},
  month =        {December},
  note =
                  {\url{https://proceedings.neurips.cc/paper_files/paper/2007/file/19b650660b253761af189682e03501dd-Paper.pdf}},
  publisher =    {Curran Associates, Inc.},
  series =       {Conference Track Proceedings},
  title =        {Fast and Scalable Training of Semi-Supervised CRFs
                  with Application to Activity Recognition},
  volume =       20,
  year =         2007
}

@inproceedings{mahmud2007transfer,
  address =      {Vancouver, British Columbia, Canada},
  author =       {Mahmud, M. and Ray, Sylvian},
  booktitle =    {Advances in Neural Information Processing Systems 20
                  (NIPS)},
  editor =       {Platt, J. and Koller, D. and Singer, Y. and Roweis,
                  S.},
  month =        {December},
  note =
                  {\url{https://proceedings.neurips.cc/paper_files/paper/2007/file/b83aac23b9528732c23cc7352950e880-Paper.pdf}},
  publisher =    {Curran Associates, Inc.},
  series =       {Conference Track Proceedings},
  title =        {Transfer Learning using Kolmogorov Complexity: Basic
                  Theory and Empirical Evaluations},
  volume =       20,
  year =         2007
}

@inproceedings{manfredi2007scan,
  address =      {Vancouver, British Columbia, Canada},
  author =       {Manfredi, Victoria and Kurose, Jim},
  booktitle =    {Advances in Neural Information Processing Systems 20
                  (NIPS)},
  editor =       {Platt, J. and Koller, D. and Singer, Y. and Roweis,
                  S.},
  month =        {December},
  note =
                  {\url{https://proceedings.neurips.cc/paper_files/paper/2007/file/0bb4aec1710521c12ee76289d9440817-Paper.pdf}},
  publisher =    {Curran Associates, Inc.},
  series =       {Conference Track Proceedings},
  title =        {Scan Strategies for Meteorological Radars},
  volume =       20,
  year =         2007
}

@inproceedings{mcauliffe2007supervised,
  address =      {Vancouver, British Columbia, Canada},
  author =       {Mcauliffe, Jon and Blei, David},
  booktitle =    {Advances in Neural Information Processing Systems 20
                  (NIPS)},
  editor =       {Platt, J. and Koller, D. and Singer, Y. and Roweis,
                  S.},
  month =        {December},
  note =
                  {\url{https://proceedings.neurips.cc/paper_files/paper/2007/file/d56b9fc4b0f1be8871f5e1c40c0067e7-Paper.pdf}},
  publisher =    {Curran Associates, Inc.},
  series =       {Conference Track Proceedings},
  title =        {Supervised Topic Models},
  volume =       20,
  year =         2007
}

@inproceedings{meyer2007locality,
  address =      {Vancouver, British Columbia, Canada},
  author =       {Meyer, Francois and Stephens, Greg},
  booktitle =    {Advances in Neural Information Processing Systems 20
                  (NIPS)},
  editor =       {J. Platt and D. Koller and Y. Singer and S. Roweis},
  month =        {December},
  note =
                  {\url{https://proceedings.neurips.cc/paper_files/paper/2007/file/8b6dd7db9af49e67306feb59a8bdc52c-Paper.pdf}},
  publisher =    {Curran Associates, Inc.},
  series =       {Conference Track Proceedings},
  title =        {Locality and Low-Dimensions in the Prediction of
                  Natural Experience from fMRI},
  volume =       20,
  year =         2007
}

@inproceedings{mitra2007learning,
  address =      {Vancouver, British Columbia, Canada},
  author =       {Mitra, Srinjoy and Indiveri, Giacomo and Fusi,
                  Stefano},
  booktitle =    {Advances in Neural Information Processing Systems 20
                  (NIPS)},
  editor =       {Platt, J. and Koller, D. and Singer, Y. and Roweis,
                  S.},
  month =        {December},
  note =
                  {\url{https://proceedings.neurips.cc/paper_files/paper/2007/file/c3992e9a68c5ae12bd18488bc579b30d-Paper.pdf}},
  publisher =    {Curran Associates, Inc.},
  series =       {Conference Track Proceedings},
  title =        {Learning to classify complex patterns using a VLSI
                  network of spiking neurons},
  volume =       20,
  year =         2007
}

@inproceedings{mnih2007probabilistic,
  address =      {Vancouver, British Columbia, Canada},
  author =       {Mnih, Andriy and Salakhutdinov, Russ R.},
  booktitle =    {Advances in Neural Information Processing Systems 20
                  (NIPS)},
  editor =       {Platt, J. and Koller, D. and Singer, Y. and Roweis,
                  S.},
  month =        {December},
  note =
                  {\url{https://proceedings.neurips.cc/paper_files/paper/2007/file/d7322ed717dedf1eb4e6e52a37ea7bcd-Paper.pdf}},
  publisher =    {Curran Associates, Inc.},
  series =       {Conference Track Proceedings},
  title =        {Probabilistic Matrix Factorization},
  volume =       20,
  year =         2007
}

@inproceedings{mochihashi2007infinite,
  address =      {Vancouver, British Columbia, Canada},
  author =       {Mochihashi, Daichi and Sumita, Eiichiro},
  booktitle =    {Advances in Neural Information Processing Systems 20
                  (NIPS)},
  editor =       {Platt, J. and Koller, D. and Singer, Y. and Roweis,
                  S.},
  month =        {December},
  note =
                  {\url{https://proceedings.neurips.cc/paper_files/paper/2007/file/b0b183c207f46f0cca7dc63b2604f5cc-Paper.pdf}},
  publisher =    {Curran Associates, Inc.},
  series =       {Conference Track Proceedings},
  title =        {The Infinite Markov Model},
  volume =       20,
  year =         2007
}

@inproceedings{mohri2007stability,
  address =      {Vancouver, British Columbia, Canada},
  author =       {Mohri, Mehryar and Rostamizadeh, Afshin},
  booktitle =    {Advances in Neural Information Processing Systems 20
                  (NIPS)},
  editor =       {J. Platt and D. Koller and Y. Singer and S. Roweis},
  month =        {December},
  note =
                  {\url{https://proceedings.neurips.cc/paper_files/paper/2007/file/85d8ce590ad8981ca2c8286f79f59954-Paper.pdf}},
  publisher =    {Curran Associates, Inc.},
  series =       {Conference Track Proceedings},
  title =        {Stability Bounds for Non-i.i.d. Processes},
  volume =       20,
  year =         2007
}

@inproceedings{mudigonda2007analysis,
  address =      {Vancouver, British Columbia, Canada},
  author =       {Mudigonda, Pawan and Kolmogorov, Vladimir and Torr,
                  Philip},
  booktitle =    {Advances in Neural Information Processing Systems 20
                  (NIPS)},
  editor =       {Platt, J. and Koller, D. and Singer, Y. and Roweis,
                  S.},
  month =        {December},
  note =
                  {\url{https://proceedings.neurips.cc/paper_files/paper/2007/file/0084ae4bc24c0795d1e6a4f58444d39b-Paper.pdf}},
  publisher =    {Curran Associates, Inc.},
  series =       {Conference Track Proceedings},
  title =        {An Analysis of Convex Relaxations for MAP
                  Estimation},
  volume =       20,
  year =         2007
}

@inproceedings{murray2007continuous,
  address =      {Vancouver, British Columbia, Canada},
  author =       {Murray, Lawrence and Storkey, Amos J},
  booktitle =    {Advances in Neural Information Processing Systems 20
                  (NIPS)},
  editor =       {Platt, J. and Koller, D. and Singer, Y. and Roweis,
                  S.},
  month =        {December},
  note =
                  {\url{https://proceedings.neurips.cc/paper_files/paper/2007/file/6e2713a6efee97bacb63e52c54f0ada0-Paper.pdf}},
  publisher =    {Curran Associates, Inc.},
  series =       {Conference Track Proceedings},
  title =        {Continuous Time Particle Filtering for fMRI},
  volume =       20,
  year =         2007
}

@inproceedings{naishguzman2007generalized,
  address =      {Vancouver, British Columbia, Canada},
  author =       {Naish-Guzman, Andrew and Holden, Sean},
  booktitle =    {Advances in Neural Information Processing Systems 20
                  (NIPS)},
  editor =       {J. Platt and D. Koller and Y. Singer and S. Roweis},
  month =        {December},
  note =
                  {\url{https://proceedings.neurips.cc/paper_files/paper/2007/file/94c7bb58efc3b337800875b5d382a072-Paper.pdf}},
  publisher =    {Curran Associates, Inc.},
  series =       {Conference Track Proceedings},
  title =        {The Generalized FITC Approximation},
  volume =       20,
  year =         2007
}

@inproceedings{naishguzman2007robust,
  address =      {Vancouver, British Columbia, Canada},
  author =       {Naish-Guzman, Andrew and Holden, Sean},
  booktitle =    {Advances in Neural Information Processing Systems 20
                  (NIPS)},
  editor =       {Platt, J. and Koller, D. and Singer, Y. and Roweis,
                  S.},
  month =        {December},
  note =
                  {\url{https://proceedings.neurips.cc/paper_files/paper/2007/file/2ab56412b1163ee131e1246da0955bd1-Paper.pdf}},
  publisher =    {Curran Associates, Inc.},
  series =       {Conference Track Proceedings},
  title =        {Robust Regression with Twinned Gaussian Processes},
  volume =       20,
  year =         2007
}

@inproceedings{neftci2007contraction,
  address =      {Vancouver, British Columbia, Canada},
  author =       {Neftci, Emre and Chicca, Elisabetta and Indiveri,
                  Giacomo and Slotine, Jean-Jacques and Douglas,
                  Rodney},
  booktitle =    {Advances in Neural Information Processing Systems 20
                  (NIPS)},
  editor =       {J. Platt and D. Koller and Y. Singer and S. Roweis},
  month =        {December},
  note =
                  {\url{https://proceedings.neurips.cc/paper_files/paper/2007/file/a4f23670e1833f3fdb077ca70bbd5d66-Paper.pdf}},
  publisher =    {Curran Associates, Inc.},
  series =       {Conference Track Proceedings},
  title =        {Contraction Properties of VLSI Cooperative
                  Competitive Neural Networks of Spiking Neurons},
  volume =       20,
  year =         2007
}

@inproceedings{newman2007distributed,
  address =      {Vancouver, British Columbia, Canada},
  author =       {Newman, David and Smyth, Padhraic and Welling, Max
                  and Asuncion, Arthur},
  booktitle =    {Advances in Neural Information Processing Systems 20
                  (NIPS)},
  editor =       {Platt, J. and Koller, D. and Singer, Y. and Roweis,
                  S.},
  month =        {December},
  note =
                  {\url{https://proceedings.neurips.cc/paper_files/paper/2007/file/2dea61eed4bceec564a00115c4d21334-Paper.pdf}},
  publisher =    {Curran Associates, Inc.},
  series =       {Conference Track Proceedings},
  title =        {Distributed Inference for Latent Dirichlet
                  Allocation},
  volume =       20,
  year =         2007
}

@inproceedings{nguyen2007estimating,
  address =      {Vancouver, British Columbia, Canada},
  author =       {Nguyen, XuanLong and Wainwright, Martin J and
                  Jordan, Michael},
  booktitle =    {Advances in Neural Information Processing Systems 20
                  (NIPS)},
  editor =       {Platt, J. and Koller, D. and Singer, Y. and Roweis,
                  S.},
  month =        {December},
  note =
                  {\url{https://proceedings.neurips.cc/paper_files/paper/2007/file/72da7fd6d1302c0a159f6436d01e9eb0-Paper.pdf}},
  publisher =    {Curran Associates, Inc.},
  series =       {Conference Track Proceedings},
  title =        {Estimating Divergence Functionals and the Likelihood
                  Ratio by Penalized Convex Risk Minimization},
  volume =       20,
  year =         2007
}

@inproceedings{oba2007heterogeneous,
  address =      {Vancouver, British Columbia, Canada},
  author =       {Oba, Shigeyuki and Kawanabe, Motoaki and Müller,
                  Klaus-Robert and Ishii, Shin},
  booktitle =    {Advances in Neural Information Processing Systems 20
                  (NIPS)},
  editor =       {Platt, J. and Koller, D. and Singer, Y. and Roweis,
                  S.},
  month =        {December},
  note =
                  {\url{https://proceedings.neurips.cc/paper_files/paper/2007/file/a8abb4bb284b5b27aa7cb790dc20f80b-Paper.pdf}},
  publisher =    {Curran Associates, Inc.},
  series =       {Conference Track Proceedings},
  title =        {Heterogeneous Component Analysis},
  volume =       20,
  year =         2007
}

@inproceedings{opper2007variational,
  address =      {Vancouver, British Columbia, Canada},
  author =       {Opper, Manfred and Sanguinetti, Guido},
  booktitle =    {Advances in Neural Information Processing Systems 20
                  (NIPS)},
  editor =       {Platt, J. and Koller, D. and Singer, Y. and Roweis,
                  S.},
  month =        {December},
  note =
                  {\url{https://proceedings.neurips.cc/paper_files/paper/2007/file/735b90b4568125ed6c3f678819b6e058-Paper.pdf}},
  publisher =    {Curran Associates, Inc.},
  series =       {Conference Track Proceedings},
  title =        {Variational Inference for Markov Jump Processes},
  volume =       20,
  year =         2007
}

@inproceedings{ortiz2007cpr,
  address =      {Vancouver, British Columbia, Canada},
  author =       {Ortiz, Luis E.},
  booktitle =    {Advances in Neural Information Processing Systems 20
                  (NIPS)},
  editor =       {J. Platt and D. Koller and Y. Singer and S. Roweis},
  month =        {December},
  note =
                  {\url{https://proceedings.neurips.cc/paper_files/paper/2007/file/9908279ebbf1f9b250ba689db6a0222b-Paper.pdf}},
  publisher =    {Curran Associates, Inc.},
  series =       {Conference Track Proceedings},
  title =        {CPR for CSPs: A Probabilistic Relaxation of
                  Constraint Propagation},
  volume =       20,
  year =         2007
}

@inproceedings{osindero2007modeling,
  address =      {Vancouver, British Columbia, Canada},
  author =       {Osindero, Simon and Hinton, Geoffrey E.},
  booktitle =    {Advances in Neural Information Processing Systems 20
                  (NIPS)},
  editor =       {J. Platt and D. Koller and Y. Singer and S. Roweis},
  month =        {December},
  note =
                  {\url{https://proceedings.neurips.cc/paper_files/paper/2007/file/9232fe81225bcaef853ae32870a2b0fe-Paper.pdf}},
  publisher =    {Curran Associates, Inc.},
  series =       {Conference Track Proceedings},
  title =        {Modeling Image Patches with a Directed Hierarchy of
                  Markov Random Fields},
  volume =       20,
  year =         2007
}

@inproceedings{parsana2007kernels,
  address =      {Vancouver, British Columbia, Canada},
  author =       {Parsana, Mehul and Bhattacharya, Sourangshu and
                  Bhattacharya, Chiru and Ramakrishnan, K.},
  booktitle =    {Advances in Neural Information Processing Systems 20
                  (NIPS)},
  editor =       {Platt, J. and Koller, D. and Singer, Y. and Roweis,
                  S.},
  month =        {December},
  note =
                  {\url{https://proceedings.neurips.cc/paper_files/paper/2007/file/4c56ff4ce4aaf9573aa5dff913df997a-Paper.pdf}},
  publisher =    {Curran Associates, Inc.},
  series =       {Conference Track Proceedings},
  title =        {Kernels on Attributed Pointsets with Applications},
  volume =       20,
  year =         2007
}

@inproceedings{pecevski2007theoretical,
  address =      {Vancouver, British Columbia, Canada},
  author =       {Pecevski, Dejan and Maass, Wolfgang and Legenstein,
                  Robert},
  booktitle =    {Advances in Neural Information Processing Systems 20
                  (NIPS)},
  editor =       {J. Platt and D. Koller and Y. Singer and S. Roweis},
  month =        {December},
  note =
                  {\url{https://proceedings.neurips.cc/paper_files/paper/2007/file/9b698eb3105bd82528f23d0c92dedfc0-Paper.pdf}},
  publisher =    {Curran Associates, Inc.},
  series =       {Conference Track Proceedings},
  title =        {Theoretical Analysis of Learning with
                  Reward-Modulated Spike-Timing-Dependent Plasticity},
  volume =       20,
  year =         2007
}

@inproceedings{pelckmans2007risk,
  address =      {Vancouver, British Columbia, Canada},
  author =       {Pelckmans, Kristiaan and Suykens, Johan and Moor,
                  Bart},
  booktitle =    {Advances in Neural Information Processing Systems 20
                  (NIPS)},
  editor =       {Platt, J. and Koller, D. and Singer, Y. and Roweis,
                  S.},
  month =        {December},
  note =
                  {\url{https://proceedings.neurips.cc/paper_files/paper/2007/file/c6e19e830859f2cb9f7c8f8cacb8d2a6-Paper.pdf}},
  publisher =    {Curran Associates, Inc.},
  series =       {Conference Track Proceedings},
  title =        {A Risk Minimization Principle for a Class of Parzen
                  Estimators},
  volume =       20,
  year =         2007
}

@inproceedings{peters2007congruence,
  address =      {Vancouver, British Columbia, Canada},
  author =       {Peters, Robert and Itti, Laurent},
  booktitle =    {Advances in Neural Information Processing Systems 20
                  (NIPS)},
  editor =       {Platt, J. and Koller, D. and Singer, Y. and Roweis,
                  S.},
  month =        {December},
  note =
                  {\url{https://proceedings.neurips.cc/paper_files/paper/2007/file/621461af90cadfdaf0e8d4cc25129f91-Paper.pdf}},
  publisher =    {Curran Associates, Inc.},
  series =       {Conference Track Proceedings},
  title =        {Congruence between Model and Human Attention Reveals
                  Unique Signatures of Critical Visual Events},
  volume =       20,
  year =         2007
}

@inproceedings{petrov2007discriminative,
  address =      {Vancouver, British Columbia, Canada},
  author =       {Petrov, Slav and Klein, Dan},
  booktitle =    {Advances in Neural Information Processing Systems 20
                  (NIPS)},
  editor =       {J. Platt and D. Koller and Y. Singer and S. Roweis},
  month =        {December},
  note =
                  {\url{https://proceedings.neurips.cc/paper_files/paper/2007/file/9cc138f8dc04cbf16240daa92d8d50e2-Paper.pdf}},
  publisher =    {Curran Associates, Inc.},
  series =       {Conference Track Proceedings},
  title =        {Discriminative Log-Linear Grammars with Latent
                  Variables},
  volume =       20,
  year =         2007
}

@inproceedings{pillow2007neural,
  address =      {Vancouver, British Columbia, Canada},
  author =       {Pillow, Jonathan and Latham, Peter},
  booktitle =    {Advances in Neural Information Processing Systems 20
                  (NIPS)},
  editor =       {Platt, J. and Koller, D. and Singer, Y. and Roweis,
                  S.},
  month =        {December},
  note =
                  {\url{https://proceedings.neurips.cc/paper_files/paper/2007/file/2bcab9d935d219641434683dd9d18a03-Paper.pdf}},
  publisher =    {Curran Associates, Inc.},
  series =       {Conference Track Proceedings},
  title =        {Neural characterization in partially observed
                  populations of spiking neurons},
  volume =       20,
  year =         2007
}

@inproceedings{raetsch2007boosting,
  address =      {Vancouver, British Columbia, Canada},
  author =       {Rätsch, Gunnar and Warmuth, Manfred K. K and Glocer,
                  Karen},
  booktitle =    {Advances in Neural Information Processing Systems 20
                  (NIPS)},
  editor =       {Platt, J. and Koller, D. and Singer, Y. and Roweis,
                  S.},
  month =        {December},
  note =
                  {\url{https://proceedings.neurips.cc/paper_files/paper/2007/file/cfbce4c1d7c425baf21d6b6f2babe6be-Paper.pdf}},
  publisher =    {Curran Associates, Inc.},
  series =       {Conference Track Proceedings},
  title =        {Boosting Algorithms for Maximizing the Soft Margin},
  volume =       20,
  year =         2007
}

@inproceedings{rahimi2007random,
  address =      {Vancouver, British Columbia, Canada},
  author =       {Rahimi, Ali and Recht, Benjamin},
  booktitle =    {Advances in Neural Information Processing Systems 20
                  (NIPS)},
  editor =       {Platt, J. and Koller, D. and Singer, Y. and Roweis,
                  S.},
  month =        {December},
  note =
                  {\url{https://proceedings.neurips.cc/paper_files/paper/2007/file/013a006f03dbc5392effeb8f18fda755-Paper.pdf}},
  publisher =    {Curran Associates, Inc.},
  series =       {Conference Track Proceedings},
  title =        {Random Features for Large-Scale Kernel Machines},
  volume =       20,
  year =         2007
}

@inproceedings{ranzato2007sparse,
  address =      {Vancouver, British Columbia, Canada},
  author =       {Ranzato, Marc'Aurelio and Boureau, Y-Lan and Cun,
                  Yann},
  booktitle =    {Advances in Neural Information Processing Systems 20
                  (NIPS)},
  editor =       {Platt, J. and Koller, D. and Singer, Y. and Roweis,
                  S.},
  month =        {December},
  note =
                  {\url{https://proceedings.neurips.cc/paper_files/paper/2007/file/c60d060b946d6dd6145dcbad5c4ccf6f-Paper.pdf}},
  publisher =    {Curran Associates, Inc.},
  series =       {Conference Track Proceedings},
  title =        {Sparse Feature Learning for Deep Belief Networks},
  volume =       20,
  year =         2007
}

@inproceedings{rao2007retrieved,
  address =      {Vancouver, British Columbia, Canada},
  author =       {Rao, Vinayak and Howard, Marc},
  booktitle =    {Advances in Neural Information Processing Systems 20
                  (NIPS)},
  editor =       {Platt, J. and Koller, D. and Singer, Y. and Roweis,
                  S.},
  month =        {December},
  note =
                  {\url{https://proceedings.neurips.cc/paper_files/paper/2007/file/b3967a0e938dc2a6340e258630febd5a-Paper.pdf}},
  publisher =    {Curran Associates, Inc.},
  series =       {Conference Track Proceedings},
  title =        {Retrieved context and the discovery of semantic
                  structure},
  volume =       20,
  year =         2007
}

@inproceedings{richardson2007discriminative,
  address =      {Vancouver, British Columbia, Canada},
  author =       {Richardson, Fred and Campbell, William},
  booktitle =    {Advances in Neural Information Processing Systems 20
                  (NIPS)},
  editor =       {Platt, J. and Koller, D. and Singer, Y. and Roweis,
                  S.},
  month =        {December},
  note =
                  {\url{https://proceedings.neurips.cc/paper_files/paper/2007/file/d6c651ddcd97183b2e40bc464231c962-Paper.pdf}},
  publisher =    {Curran Associates, Inc.},
  series =       {Conference Track Proceedings},
  title =        {Discriminative Keyword Selection Using Support
                  Vector Machines},
  volume =       20,
  year =         2007
}

@inproceedings{ross2007bayes,
  address =      {Vancouver, British Columbia, Canada},
  author =       {Ross, Stéphane and Chaib-Draa, Brahim and Pineau,
                  Joëlle},
  booktitle =    {Advances in Neural Information Processing Systems 20
                  (NIPS)},
  editor =       {Platt, J. and Koller, D. and Singer, Y. and Roweis,
                  S.},
  month =        {December},
  note =
                  {\url{https://proceedings.neurips.cc/paper_files/paper/2007/file/3b3dbaf68507998acd6a5a5254ab2d76-Paper.pdf}},
  publisher =    {Curran Associates, Inc.},
  series =       {Conference Track Proceedings},
  title =        {Bayes-Adaptive POMDPs},
  volume =       20,
  year =         2007
}

@inproceedings{ross2007grift,
  address =      {Vancouver, British Columbia, Canada},
  author =       {Ross, Michael and Cohen, Andrew},
  booktitle =    {Advances in Neural Information Processing Systems 20
                  (NIPS)},
  editor =       {J. Platt and D. Koller and Y. Singer and S. Roweis},
  month =        {December},
  note =
                  {\url{https://proceedings.neurips.cc/paper_files/paper/2007/file/8e6b42f1644ecb1327dc03ab345e618b-Paper.pdf}},
  publisher =    {Curran Associates, Inc.},
  series =       {Conference Track Proceedings},
  title =        {GRIFT: A Graphical Model for Inferring Visual
                  Classification Features from Human Data},
  volume =       20,
  year =         2007
}

@inproceedings{ross2007theoretical,
  address =      {Vancouver, British Columbia, Canada},
  author =       {Ross, Stephane and Pineau, Joelle and Chaib-Draa,
                  Brahim},
  booktitle =    {Advances in Neural Information Processing Systems 20
                  (NIPS)},
  editor =       {Platt, J. and Koller, D. and Singer, Y. and Roweis,
                  S.},
  month =        {December},
  note =
                  {\url{https://proceedings.neurips.cc/paper_files/paper/2007/file/138bb0696595b338afbab333c555292a-Paper.pdf}},
  publisher =    {Curran Associates, Inc.},
  series =       {Conference Track Proceedings},
  title =        {Theoretical Analysis of Heuristic Search Methods for
                  Online POMDPs},
  volume =       20,
  year =         2007
}

@inproceedings{roux2007learning,
  address =      {Vancouver, British Columbia, Canada},
  author =       {Roux, Nicolas and Bengio, Yoshua and Lamblin, Pascal
                  and Joliveau, Marc and Kégl, Balázs},
  booktitle =    {Advances in Neural Information Processing Systems 20
                  (NIPS)},
  editor =       {J. Platt and D. Koller and Y. Singer and S. Roweis},
  month =        {December},
  note =
                  {\url{https://proceedings.neurips.cc/paper_files/paper/2007/file/7fa732b517cbed14a48843d74526c11a-Paper.pdf}},
  publisher =    {Curran Associates, Inc.},
  series =       {Conference Track Proceedings},
  title =        {Learning the 2-D Topology of Images},
  volume =       20,
  year =         2007
}

@inproceedings{roux2007topmoumoute,
  address =      {Vancouver, British Columbia, Canada},
  author =       {Roux, Nicolas and Manzagol, Pierre-Antoine and
                  Bengio, Yoshua},
  booktitle =    {Advances in Neural Information Processing Systems 20
                  (NIPS)},
  editor =       {J. Platt and D. Koller and Y. Singer and S. Roweis},
  month =        {December},
  note =
                  {\url{https://proceedings.neurips.cc/paper_files/paper/2007/file/9f61408e3afb633e50cdf1b20de6f466-Paper.pdf}},
  publisher =    {Curran Associates, Inc.},
  series =       {Conference Track Proceedings},
  title =        {Topmoumoute Online Natural Gradient Algorithm},
  volume =       20,
  year =         2007
}

@inproceedings{russell2007object,
  address =      {Vancouver, British Columbia, Canada},
  author =       {Russell, Bryan and Torralba, Antonio and Liu, Ce and
                  Fergus, Rob and Freeman, William},
  booktitle =    {Advances in Neural Information Processing Systems 20
                  (NIPS)},
  editor =       {Platt, J. and Koller, D. and Singer, Y. and Roweis,
                  S.},
  month =        {December},
  note =
                  {\url{https://proceedings.neurips.cc/paper_files/paper/2007/file/e07413354875be01a996dc560274708e-Paper.pdf}},
  publisher =    {Curran Associates, Inc.},
  series =       {Conference Track Proceedings},
  title =        {Object Recognition by Scene Alignment},
  volume =       20,
  year =         2007
}

@inproceedings{sanborn2007markov,
  address =      {Vancouver, British Columbia, Canada},
  author =       {Sanborn, Adam and Griffiths, Thomas},
  booktitle =    {Advances in Neural Information Processing Systems 20
                  (NIPS)},
  editor =       {J. Platt and D. Koller and Y. Singer and S. Roweis},
  month =        {December},
  note =
                  {\url{https://proceedings.neurips.cc/paper_files/paper/2007/file/89d4402dc03d3b7318bbac10203034ab-Paper.pdf}},
  publisher =    {Curran Associates, Inc.},
  series =       {Conference Track Proceedings},
  title =        {Markov Chain Monte Carlo with People},
  volume =       20,
  year =         2007
}

@inproceedings{sanghavi2007linear,
  address =      {Vancouver, British Columbia, Canada},
  author =       {Sanghavi, Sujay and Malioutov, Dmitry and Willsky,
                  Alan},
  booktitle =    {Advances in Neural Information Processing Systems 20
                  (NIPS)},
  editor =       {Platt, J. and Koller, D. and Singer, Y. and Roweis,
                  S.},
  month =        {December},
  note =
                  {\url{https://proceedings.neurips.cc/paper_files/paper/2007/file/f57a2f557b098c43f11ab969efe1504b-Paper.pdf}},
  publisher =    {Curran Associates, Inc.},
  series =       {Conference Track Proceedings},
  title =        {Linear programming analysis of loopy belief
                  propagation for weighted matching},
  volume =       20,
  year =         2007
}

@inproceedings{sanghavi2007message,
  address =      {Vancouver, British Columbia, Canada},
  author =       {Sanghavi, Sujay and Shah, Devavrat and Willsky,
                  Alan},
  booktitle =    {Advances in Neural Information Processing Systems 20
                  (NIPS)},
  editor =       {Platt, J. and Koller, D. and Singer, Y. and Roweis,
                  S.},
  month =        {December},
  note =
                  {\url{https://proceedings.neurips.cc/paper_files/paper/2007/file/c4015b7f368e6b4871809f49debe0579-Paper.pdf}},
  publisher =    {Curran Associates, Inc.},
  series =       {Conference Track Proceedings},
  title =        {Message Passing for Max-weight Independent Set},
  volume =       20,
  year =         2007
}

@inproceedings{settles2007multiple,
  address =      {Vancouver, British Columbia, Canada},
  author =       {Settles, Burr and Craven, Mark and Ray, Soumya},
  booktitle =    {Advances in Neural Information Processing Systems 20
                  (NIPS)},
  editor =       {J. Platt and D. Koller and Y. Singer and S. Roweis},
  month =        {December},
  note =
                  {\url{https://proceedings.neurips.cc/paper_files/paper/2007/file/a1519de5b5d44b31a01de013b9b51a80-Paper.pdf}},
  publisher =    {Curran Associates, Inc.},
  series =       {Conference Track Proceedings},
  title =        {Multiple-Instance Active Learning},
  volume =       20,
  year =         2007
}

@inproceedings{shamir2007cluster,
  address =      {Vancouver, British Columbia, Canada},
  author =       {Shamir, Ohad and Tishby, Naftali},
  booktitle =    {Advances in Neural Information Processing Systems 20
                  (NIPS)},
  editor =       {J. Platt and D. Koller and Y. Singer and S. Roweis},
  month =        {December},
  note =
                  {\url{https://proceedings.neurips.cc/paper_files/paper/2007/file/812b4ba287f5ee0bc9d43bbf5bbe87fb-Paper.pdf}},
  publisher =    {Curran Associates, Inc.},
  series =       {Conference Track Proceedings},
  title =        {Cluster Stability for Finite Samples},
  volume =       20,
  year =         2007
}

@inproceedings{sharpee2007better,
  address =      {Vancouver, British Columbia, Canada},
  author =       {Sharpee, Tatyana},
  booktitle =    {Advances in Neural Information Processing Systems 20
                  (NIPS)},
  editor =       {Platt, J. and Koller, D. and Singer, Y. and Roweis,
                  S.},
  month =        {December},
  note =
                  {\url{https://proceedings.neurips.cc/paper_files/paper/2007/file/2f2b265625d76a6704b08093c652fd79-Paper.pdf}},
  publisher =    {Curran Associates, Inc.},
  series =       {Conference Track Proceedings},
  title =        {Better than least squares: comparison of objective
                  functions for estimating linear-nonlinear models},
  volume =       20,
  year =         2007
}

@inproceedings{shashanka2007sparse,
  address =      {Vancouver, British Columbia, Canada},
  author =       {Shashanka, Madhusudana and Raj, Bhiksha and
                  Smaragdis, Paris},
  booktitle =    {Advances in Neural Information Processing Systems 20
                  (NIPS)},
  editor =       {J. Platt and D. Koller and Y. Singer and S. Roweis},
  month =        {December},
  note =
                  {\url{https://proceedings.neurips.cc/paper_files/paper/2007/file/83fa5a432ae55c253d0e60dbfa716723-Paper.pdf}},
  publisher =    {Curran Associates, Inc.},
  series =       {Conference Track Proceedings},
  title =        {Sparse Overcomplete Latent Variable Decomposition of
                  Counts Data},
  volume =       20,
  year =         2007
}

@inproceedings{sigal2007combined,
  address =      {Vancouver, British Columbia, Canada},
  author =       {Sigal, Leonid and Balan, Alexandru and Black,
                  Michael},
  booktitle =    {Advances in Neural Information Processing Systems 20
                  (NIPS)},
  editor =       {J. Platt and D. Koller and Y. Singer and S. Roweis},
  month =        {December},
  note =
                  {\url{https://proceedings.neurips.cc/paper_files/paper/2007/file/a1140a3d0df1c81e24ae954d935e8926-Paper.pdf}},
  publisher =    {Curran Associates, Inc.},
  series =       {Conference Track Proceedings},
  title =        {Combined Discriminative and Generative Articulated
                  Pose and Non-Rigid Shape Estimation},
  volume =       20,
  year =         2007
}

@inproceedings{silva2007hidden,
  address =      {Vancouver, British Columbia, Canada},
  author =       {Silva, Ricardo and Chu, Wei and Ghahramani, Zoubin},
  booktitle =    {Advances in Neural Information Processing Systems 20
                  (NIPS)},
  editor =       {J. Platt and D. Koller and Y. Singer and S. Roweis},
  month =        {December},
  note =
                  {\url{https://proceedings.neurips.cc/paper_files/paper/2007/file/912d2b1c7b2826caf99687388d2e8f7c-Paper.pdf}},
  publisher =    {Curran Associates, Inc.},
  series =       {Conference Track Proceedings},
  title =        {Hidden Common Cause Relations in Relational
                  Learning},
  volume =       20,
  year =         2007
}

@inproceedings{singh2007ensemble,
  address =      {Vancouver, British Columbia, Canada},
  author =       {Singh, Vikas and Mukherjee, Lopamudra and Peng,
                  Jiming and Xu, Jinhui},
  booktitle =    {Advances in Neural Information Processing Systems 20
                  (NIPS)},
  editor =       {Platt, J. and Koller, D. and Singer, Y. and Roweis,
                  S.},
  month =        {December},
  note =
                  {\url{https://proceedings.neurips.cc/paper_files/paper/2007/file/1385974ed5904a438616ff7bdb3f7439-Paper.pdf}},
  publisher =    {Curran Associates, Inc.},
  series =       {Conference Track Proceedings},
  title =        {Ensemble Clustering using Semidefinite Programming},
  volume =       20,
  year =         2007
}

@inproceedings{sinha2007value,
  address =      {Vancouver, British Columbia, Canada},
  author =       {Sinha, Kaushik and Belkin, Mikhail},
  booktitle =    {Advances in Neural Information Processing Systems 20
                  (NIPS)},
  editor =       {Platt, J. and Koller, D. and Singer, Y. and Roweis,
                  S.},
  month =        {December},
  note =
                  {\url{https://proceedings.neurips.cc/paper_files/paper/2007/file/aa68c75c4a77c87f97fb686b2f068676-Paper.pdf}},
  publisher =    {Curran Associates, Inc.},
  series =       {Conference Track Proceedings},
  title =        {The Value of Labeled and Unlabeled Examples when the
                  Model is Imperfect},
  volume =       20,
  year =         2007
}

@inproceedings{song2007colored,
  address =      {Vancouver, British Columbia, Canada},
  author =       {Song, Le and Gretton, Arthur and Borgwardt, Karsten
                  and Smola, Alex},
  booktitle =    {Advances in Neural Information Processing Systems 20
                  (NIPS)},
  editor =       {Platt, J. and Koller, D. and Singer, Y. and Roweis,
                  S.},
  month =        {December},
  note =
                  {\url{https://proceedings.neurips.cc/paper_files/paper/2007/file/55a7cf9c71f1c9c495413f934dd1a158-Paper.pdf}},
  publisher =    {Curran Associates, Inc.},
  series =       {Conference Track Proceedings},
  title =        {Colored Maximum Variance Unfolding},
  volume =       20,
  year =         2007
}

@inproceedings{sontag2007new,
  address =      {Vancouver, British Columbia, Canada},
  author =       {Sontag, David and Jaakkola, Tommi},
  booktitle =    {Advances in Neural Information Processing Systems 20
                  (NIPS)},
  editor =       {Platt, J. and Koller, D. and Singer, Y. and Roweis,
                  S.},
  month =        {December},
  note =
                  {\url{https://proceedings.neurips.cc/paper_files/paper/2007/file/2b323d6eb28422cef49b266557dd31ad-Paper.pdf}},
  publisher =    {Curran Associates, Inc.},
  series =       {Conference Track Proceedings},
  title =        {New Outer Bounds on the Marginal Polytope},
  volume =       20,
  year =         2007
}

@inproceedings{sridharan2007in,
  address =      {Vancouver, British Columbia, Canada},
  author =       {Sridharan, Devarajan and Percival, Brian and Arthur,
                  John and Boahen, Kwabena A.},
  booktitle =    {Advances in Neural Information Processing Systems 20
                  (NIPS)},
  editor =       {J. Platt and D. Koller and Y. Singer and S. Roweis},
  month =        {December},
  note =
                  {\url{https://proceedings.neurips.cc/paper_files/paper/2007/file/8f1d43620bc6bb580df6e80b0dc05c48-Paper.pdf}},
  publisher =    {Curran Associates, Inc.},
  series =       {Conference Track Proceedings},
  title =        {An In-silico Neural Model of Dynamic Routing through
                  Neuronal Coherence},
  volume =       20,
  year =         2007
}

@inproceedings{steck2007on,
  address =      {Vancouver, British Columbia, Canada},
  author =       {Steck, Harald and Krishnapuram, Balaji and
                  Dehing-Oberije, Cary and Lambin, Philippe and
                  Raykar, Vikas C},
  booktitle =    {Advances in Neural Information Processing Systems 20
                  (NIPS)},
  editor =       {Platt, J. and Koller, D. and Singer, Y. and Roweis,
                  S.},
  month =        {December},
  note =
                  {\url{https://proceedings.neurips.cc/paper_files/paper/2007/file/33e8075e9970de0cfea955afd4644bb2-Paper.pdf}},
  publisher =    {Curran Associates, Inc.},
  series =       {Conference Track Proceedings},
  title =        {On Ranking in Survival Analysis: Bounds on the
                  Concordance Index},
  volume =       20,
  year =         2007
}

@inproceedings{stocker2007bayesian,
  address =      {Vancouver, British Columbia, Canada},
  author =       {Stocker, Alan A and Simoncelli, Eero},
  booktitle =    {Advances in Neural Information Processing Systems 20
                  (NIPS)},
  editor =       {Platt, J. and Koller, D. and Singer, Y. and Roweis,
                  S.},
  month =        {December},
  note =
                  {\url{https://proceedings.neurips.cc/paper_files/paper/2007/file/08fe2621d8e716b02ec0da35256a998d-Paper.pdf}},
  publisher =    {Curran Associates, Inc.},
  series =       {Conference Track Proceedings},
  title =        {A Bayesian Model of Conditioned Perception},
  volume =       20,
  year =         2007
}

@inproceedings{strehl2007online,
  address =      {Vancouver, British Columbia, Canada},
  author =       {Strehl, Alexander and Littman, Michael},
  booktitle =    {Advances in Neural Information Processing Systems 20
                  (NIPS)},
  editor =       {Platt, J. and Koller, D. and Singer, Y. and Roweis,
                  S.},
  month =        {December},
  note =
                  {\url{https://proceedings.neurips.cc/paper_files/paper/2007/file/b7bb35b9c6ca2aee2df08cf09d7016c2-Paper.pdf}},
  publisher =    {Curran Associates, Inc.},
  series =       {Conference Track Proceedings},
  title =        {Online Linear Regression and Its Application to
                  Model-Based Reinforcement Learning},
  volume =       20,
  year =         2007
}

@inproceedings{sugiyama2007direct,
  address =      {Vancouver, British Columbia, Canada},
  author =       {Sugiyama, Masashi and Nakajima, Shinichi and
                  Kashima, Hisashi and Buenau, Paul and Kawanabe,
                  Motoaki},
  booktitle =    {Advances in Neural Information Processing Systems 20
                  (NIPS)},
  editor =       {Platt, J. and Koller, D. and Singer, Y. and Roweis,
                  S.},
  month =        {December},
  note =
                  {\url{https://proceedings.neurips.cc/paper_files/paper/2007/file/be83ab3ecd0db773eb2dc1b0a17836a1-Paper.pdf}},
  publisher =    {Curran Associates, Inc.},
  series =       {Conference Track Proceedings},
  title =        {Direct Importance Estimation with Model Selection
                  and Its Application to Covariate Shift Adaptation},
  volume =       20,
  year =         2007
}

@inproceedings{sumer2007efficient,
  address =      {Vancouver, British Columbia, Canada},
  author =       {Sumer, Ozgur and Acar, Umut and Ihler, Alexander and
                  Mettu, Ramgopal},
  booktitle =    {Advances in Neural Information Processing Systems 20
                  (NIPS)},
  editor =       {J. Platt and D. Koller and Y. Singer and S. Roweis},
  month =        {December},
  note =
                  {\url{https://proceedings.neurips.cc/paper_files/paper/2007/file/8757150decbd89b0f5442ca3db4d0e0e-Paper.pdf}},
  publisher =    {Curran Associates, Inc.},
  series =       {Conference Track Proceedings},
  title =        {Efficient Bayesian Inference for Dynamically
                  Changing Graphs},
  volume =       20,
  year =         2007
}

@inproceedings{syed2007game,
  address =      {Vancouver, British Columbia, Canada},
  author =       {Syed, Umar and Schapire, Robert E.},
  booktitle =    {Advances in Neural Information Processing Systems 20
                  (NIPS)},
  editor =       {Platt, J. and Koller, D. and Singer, Y. and Roweis,
                  S.},
  month =        {December},
  note =
                  {\url{https://proceedings.neurips.cc/paper_files/paper/2007/file/ca3ec598002d2e7662e2ef4bdd58278b-Paper.pdf}},
  publisher =    {Curran Associates, Inc.},
  series =       {Conference Track Proceedings},
  title =        {A Game-Theoretic Approach to Apprenticeship
                  Learning},
  volume =       20,
  year =         2007
}

@inproceedings{szafranski2007hierarchical,
  address =      {Vancouver, British Columbia, Canada},
  author =       {Szafranski, Marie and Grandvalet, Yves and
                  Morizet-Mahoudeaux, Pierre},
  booktitle =    {Advances in Neural Information Processing Systems 20
                  (NIPS)},
  editor =       {Platt, J. and Koller, D. and Singer, Y. and Roweis,
                  S.},
  month =        {December},
  note =
                  {\url{https://proceedings.neurips.cc/paper_files/paper/2007/file/f29c21d4897f78948b91f03172341b7b-Paper.pdf}},
  publisher =    {Curran Associates, Inc.},
  series =       {Conference Track Proceedings},
  title =        {Hierarchical Penalization},
  volume =       20,
  year =         2007
}

@inproceedings{tassa2007receding,
  address =      {Vancouver, British Columbia, Canada},
  author =       {Tassa, Yuval and Erez, Tom and Smart, William},
  booktitle =    {Advances in Neural Information Processing Systems 20
                  (NIPS)},
  editor =       {Platt, J. and Koller, D. and Singer, Y. and Roweis,
                  S.},
  month =        {December},
  note =
                  {\url{https://proceedings.neurips.cc/paper_files/paper/2007/file/c6bff625bdb0393992c9d4db0c6bbe45-Paper.pdf}},
  publisher =    {Curran Associates, Inc.},
  series =       {Conference Track Proceedings},
  title =        {Receding Horizon Differential Dynamic Programming},
  volume =       20,
  year =         2007
}

@inproceedings{teh2007bayesian,
  address =      {Vancouver, British Columbia, Canada},
  author =       {Teh, Yee and Daumé III, Hal and Roy, Daniel M},
  booktitle =    {Advances in Neural Information Processing Systems 20
                  (NIPS)},
  editor =       {Platt, J. and Koller, D. and Singer, Y. and Roweis,
                  S.},
  month =        {December},
  note =
                  {\url{https://proceedings.neurips.cc/paper_files/paper/2007/file/2ca65f58e35d9ad45bf7f3ae5cfd08f1-Paper.pdf}},
  publisher =    {Curran Associates, Inc.},
  series =       {Conference Track Proceedings},
  title =        {Bayesian Agglomerative Clustering with Coalescents},
  volume =       20,
  year =         2007
}

@inproceedings{teh2007collapsed,
  address =      {Vancouver, British Columbia, Canada},
  author =       {Teh, Yee and Kurihara, Kenichi and Welling, Max},
  booktitle =    {Advances in Neural Information Processing Systems 20
                  (NIPS)},
  editor =       {Platt, J. and Koller, D. and Singer, Y. and Roweis,
                  S.},
  month =        {December},
  note =
                  {\url{https://proceedings.neurips.cc/paper_files/paper/2007/file/eefc9e10ebdc4a2333b42b2dbb8f27b6-Paper.pdf}},
  publisher =    {Curran Associates, Inc.},
  series =       {Conference Track Proceedings},
  title =        {Collapsed Variational Inference for HDP},
  volume =       20,
  year =         2007
}

@inproceedings{teo2007convex,
  address =      {Vancouver, British Columbia, Canada},
  author =       {Teo, Choon and Globerson, Amir and Roweis, Sam and
                  Smola, Alex},
  booktitle =    {Advances in Neural Information Processing Systems 20
                  (NIPS)},
  editor =       {Platt, J. and Koller, D. and Singer, Y. and Roweis,
                  S.},
  month =        {December},
  note =
                  {\url{https://proceedings.neurips.cc/paper_files/paper/2007/file/20b5e1cf8694af7a3c1ba4a87f073021-Paper.pdf}},
  publisher =    {Curran Associates, Inc.},
  series =       {Conference Track Proceedings},
  title =        {Convex Learning with Invariances},
  volume =       20,
  year =         2007
}

@inproceedings{tesauro2007managing,
  address =      {Vancouver, British Columbia, Canada},
  author =       {Tesauro, Gerald and Das, Rajarshi and Chan, Hoi and
                  Kephart, Jeffrey and Levine, David and Rawson,
                  Freeman and Lefurgy, Charles},
  booktitle =    {Advances in Neural Information Processing Systems 20
                  (NIPS)},
  editor =       {Platt, J. and Koller, D. and Singer, Y. and Roweis,
                  S.},
  month =        {December},
  note =
                  {\url{https://proceedings.neurips.cc/paper_files/paper/2007/file/c8fbbc86abe8bd6a5eb6a3b4d0411301-Paper.pdf}},
  publisher =    {Curran Associates, Inc.},
  series =       {Conference Track Proceedings},
  title =        {Managing Power Consumption and Performance of
                  Computing Systems Using Reinforcement Learning},
  volume =       20,
  year =         2007
}

@inproceedings{tewari2007optimistic,
  address =      {Vancouver, British Columbia, Canada},
  author =       {Tewari, Ambuj and Bartlett, Peter},
  booktitle =    {Advances in Neural Information Processing Systems 20
                  (NIPS)},
  editor =       {J. Platt and D. Koller and Y. Singer and S. Roweis},
  month =        {December},
  note =
                  {\url{https://proceedings.neurips.cc/paper_files/paper/2007/file/9f396fe44e7c05c16873b05ec425cbad-Paper.pdf}},
  publisher =    {Curran Associates, Inc.},
  series =       {Conference Track Proceedings},
  title =        {Optimistic Linear Programming Gives Logarithmic
                  Regret for Irreducible MDPs},
  volume =       20,
  year =         2007
}

@inproceedings{titsias2007infinite,
  address =      {Vancouver, British Columbia, Canada},
  author =       {Titsias, Michalis},
  booktitle =    {Advances in Neural Information Processing Systems 20
                  (NIPS)},
  editor =       {Platt, J. and Koller, D. and Singer, Y. and Roweis,
                  S.},
  month =        {December},
  note =
                  {\url{https://proceedings.neurips.cc/paper_files/paper/2007/file/6da37dd3139aa4d9aa55b8d237ec5d4a-Paper.pdf}},
  publisher =    {Curran Associates, Inc.},
  series =       {Conference Track Proceedings},
  title =        {The Infinite Gamma-Poisson Feature Model},
  volume =       20,
  year =         2007
}

@inproceedings{toutanova2007bayesian,
  address =      {Vancouver, British Columbia, Canada},
  author =       {Toutanova, Kristina and Johnson, Mark},
  booktitle =    {Advances in Neural Information Processing Systems 20
                  (NIPS)},
  editor =       {J. Platt and D. Koller and Y. Singer and S. Roweis},
  month =        {December},
  note =
                  {\url{https://proceedings.neurips.cc/paper_files/paper/2007/file/8065d07da4a77621450aa84fee5656d9-Paper.pdf}},
  publisher =    {Curran Associates, Inc.},
  series =       {Conference Track Proceedings},
  title =        {A Bayesian LDA-based Model for Semi-supervised
                  Part-of-Speech Tagging},
  volume =       20,
  year =         2007
}

@inproceedings{tran2007configuration,
  address =      {Vancouver, British Columbia, Canada},
  author =       {Tran, Duan and Forsyth, David},
  booktitle =    {Advances in Neural Information Processing Systems 20
                  (NIPS)},
  editor =       {J. Platt and D. Koller and Y. Singer and S. Roweis},
  month =        {December},
  note =
                  {\url{https://proceedings.neurips.cc/paper_files/paper/2007/file/8c7bbbba95c1025975e548cee86dfadc-Paper.pdf}},
  publisher =    {Curran Associates, Inc.},
  series =       {Conference Track Proceedings},
  title =        {Configuration Estimates Improve Pedestrian Finding},
  volume =       20,
  year =         2007
}

@inproceedings{triggs2007scene,
  address =      {Vancouver, British Columbia, Canada},
  author =       {Triggs, Bill and Verbeek, Jakob},
  booktitle =    {Advances in Neural Information Processing Systems 20
                  (NIPS)},
  editor =       {Platt, J. and Koller, D. and Singer, Y. and Roweis,
                  S.},
  month =        {December},
  note =
                  {\url{https://proceedings.neurips.cc/paper_files/paper/2007/file/cb70ab375662576bd1ac5aaf16b3fca4-Paper.pdf}},
  publisher =    {Curran Associates, Inc.},
  series =       {Conference Track Proceedings},
  title =        {Scene Segmentation with CRFs Learned from Partially
                  Labeled Images},
  volume =       20,
  year =         2007
}

@inproceedings{tsang2007estimating,
  address =      {Vancouver, British Columbia, Canada},
  author =       {Tsang, Eric and Shi, Bertram},
  booktitle =    {Advances in Neural Information Processing Systems 20
                  (NIPS)},
  editor =       {J. Platt and D. Koller and Y. Singer and S. Roweis},
  month =        {December},
  note =
                  {\url{https://proceedings.neurips.cc/paper_files/paper/2007/file/8a1e808b55fde9455cb3d8857ed88389-Paper.pdf}},
  publisher =    {Curran Associates, Inc.},
  series =       {Conference Track Proceedings},
  title =        {Estimating Disparity with Confidence from Energy
                  Neurons},
  volume =       20,
  year =         2007
}

@inproceedings{turner2007modeling,
  address =      {Vancouver, British Columbia, Canada},
  author =       {Turner, Richard and Sahani, Maneesh},
  booktitle =    {Advances in Neural Information Processing Systems 20
                  (NIPS)},
  editor =       {Platt, J. and Koller, D. and Singer, Y. and Roweis,
                  S.},
  month =        {December},
  note =
                  {\url{https://proceedings.neurips.cc/paper_files/paper/2007/file/1595af6435015c77a7149e92a551338e-Paper.pdf}},
  publisher =    {Curran Associates, Inc.},
  series =       {Conference Track Proceedings},
  title =        {Modeling Natural Sounds with Modulation Cascade
                  Processes},
  volume =       20,
  year =         2007
}

@inproceedings{walder2007learning,
  address =      {Vancouver, British Columbia, Canada},
  author =       {Walder, Christian and Chapelle, Olivier},
  booktitle =    {Advances in Neural Information Processing Systems 20
                  (NIPS)},
  editor =       {Platt, J. and Koller, D. and Singer, Y. and Roweis,
                  S.},
  month =        {December},
  note =
                  {\url{https://proceedings.neurips.cc/paper_files/paper/2007/file/c0e190d8267e36708f955d7ab048990d-Paper.pdf}},
  publisher =    {Curran Associates, Inc.},
  series =       {Conference Track Proceedings},
  title =        {Learning with Transformation Invariant Kernels},
  volume =       20,
  year =         2007
}

@inproceedings{wang2007spatial,
  address =      {Vancouver, British Columbia, Canada},
  author =       {Wang, Xiaogang and Grimson, Eric},
  booktitle =    {Advances in Neural Information Processing Systems 20
                  (NIPS)},
  editor =       {Platt, J. and Koller, D. and Singer, Y. and Roweis,
                  S.},
  month =        {December},
  note =
                  {\url{https://proceedings.neurips.cc/paper_files/paper/2007/file/ec8956637a99787bd197eacd77acce5e-Paper.pdf}},
  publisher =    {Curran Associates, Inc.},
  series =       {Conference Track Proceedings},
  title =        {Spatial Latent Dirichlet Allocation},
  volume =       20,
  year =         2007
}

@inproceedings{wang2007stable,
  address =      {Vancouver, British Columbia, Canada},
  author =       {Wang, Tao and Bowling, Michael and Schuurmans, Dale
                  and Lizotte, Daniel},
  booktitle =    {Advances in Neural Information Processing Systems 20
                  (NIPS)},
  editor =       {Platt, J. and Koller, D. and Singer, Y. and Roweis,
                  S.},
  month =        {December},
  note =
                  {\url{https://proceedings.neurips.cc/paper_files/paper/2007/file/069d3bb002acd8d7dd095917f9efe4cb-Paper.pdf}},
  publisher =    {Curran Associates, Inc.},
  series =       {Conference Track Proceedings},
  title =        {Stable Dual Dynamic Programming},
  volume =       20,
  year =         2007
}

@inproceedings{wasserman2007statistical,
  address =      {Vancouver, British Columbia, Canada},
  author =       {Wasserman, Larry and Lafferty, John},
  booktitle =    {Advances in Neural Information Processing Systems 20
                  (NIPS)},
  editor =       {Platt, J. and Koller, D. and Singer, Y. and Roweis,
                  S.},
  month =        {December},
  note =
                  {\url{https://proceedings.neurips.cc/paper_files/paper/2007/file/53c3bce66e43be4f209556518c2fcb54-Paper.pdf}},
  publisher =    {Curran Associates, Inc.},
  series =       {Conference Track Proceedings},
  title =        {Statistical Analysis of Semi-Supervised Regression},
  volume =       20,
  year =         2007
}

@inproceedings{weimer2007cofi,
  address =      {Vancouver, British Columbia, Canada},
  author =       {Weimer, Markus and Karatzoglou, Alexandros and Le,
                  Quoc and Smola, Alex},
  booktitle =    {Advances in Neural Information Processing Systems 20
                  (NIPS)},
  editor =       {Platt, J. and Koller, D. and Singer, Y. and Roweis,
                  S.},
  month =        {December},
  note =
                  {\url{https://proceedings.neurips.cc/paper_files/paper/2007/file/f76a89f0cb91bc419542ce9fa43902dc-Paper.pdf}},
  publisher =    {Curran Associates, Inc.},
  series =       {Conference Track Proceedings},
  title =        {COFI RANK - Maximum Margin Matrix Factorization for
                  Collaborative Ranking},
  volume =       20,
  year =         2007
}

@inproceedings{welling2007infinite,
  address =      {Vancouver, British Columbia, Canada},
  author =       {Welling, Max and Porteous, Ian and Bart, Evgeniy},
  booktitle =    {Advances in Neural Information Processing Systems 20
                  (NIPS)},
  editor =       {Platt, J. and Koller, D. and Singer, Y. and Roweis,
                  S.},
  month =        {December},
  note =
                  {\url{https://proceedings.neurips.cc/paper_files/paper/2007/file/f899139df5e1059396431415e770c6dd-Paper.pdf}},
  publisher =    {Curran Associates, Inc.},
  series =       {Conference Track Proceedings},
  title =        {Infinite State Bayes-Nets for Structured Domains},
  volume =       20,
  year =         2007
}

@inproceedings{williams2007modelling,
  address =      {Vancouver, British Columbia, Canada},
  author =       {Williams, Ben and Toussaint, Marc and Storkey, Amos
                  J.},
  booktitle =    {Advances in Neural Information Processing Systems 20
                  (NIPS)},
  editor =       {J. Platt and D. Koller and Y. Singer and S. Roweis},
  month =        {December},
  note =
                  {\url{https://proceedings.neurips.cc/paper_files/paper/2007/file/84117275be999ff55a987b9381e01f96-Paper.pdf}},
  publisher =    {Curran Associates, Inc.},
  series =       {Conference Track Proceedings},
  title =        {Modelling Motion Primitives and Their Timing in
                  Biologically Executed Movements},
  volume =       20,
  year =         2007
}

@inproceedings{willsky2007loop,
  address =      {Vancouver, British Columbia, Canada},
  author =       {Willsky, Alan and Sudderth, Erik and Wainwright,
                  Martin J.},
  booktitle =    {Advances in Neural Information Processing Systems 20
                  (NIPS)},
  editor =       {Platt, J. and Koller, D. and Singer, Y. and Roweis,
                  S.},
  month =        {December},
  note =
                  {\url{https://proceedings.neurips.cc/paper_files/paper/2007/file/062ddb6c727310e76b6200b7c71f63b5-Paper.pdf}},
  publisher =    {Curran Associates, Inc.},
  series =       {Conference Track Proceedings},
  title =        {Loop Series and Bethe Variational Bounds in
                  Attractive Graphical Models},
  volume =       20,
  year =         2007
}

@inproceedings{wingate2007exponential,
  address =      {Vancouver, British Columbia, Canada},
  author =       {Wingate, David and Baveja, Satinder},
  booktitle =    {Advances in Neural Information Processing Systems 20
                  (NIPS)},
  editor =       {Platt, J. and Koller, D. and Singer, Y. and Roweis,
                  S.},
  month =        {December},
  note =
                  {\url{https://proceedings.neurips.cc/paper_files/paper/2007/file/a9a1d5317a33ae8cef33961c34144f84-Paper.pdf}},
  publisher =    {Curran Associates, Inc.},
  series =       {Conference Track Proceedings},
  title =        {Exponential Family Predictive Representations of
                  State},
  volume =       20,
  year =         2007
}

@inproceedings{wipf2007new,
  address =      {Vancouver, British Columbia, Canada},
  author =       {Wipf, David and Nagarajan, Srikantan},
  booktitle =    {Advances in Neural Information Processing Systems 20
                  (NIPS)},
  editor =       {J. Platt and D. Koller and Y. Singer and S. Roweis},
  month =        {December},
  note =
                  {\url{https://proceedings.neurips.cc/paper_files/paper/2007/file/9c01802ddb981e6bcfbec0f0516b8e35-Paper.pdf}},
  publisher =    {Curran Associates, Inc.},
  series =       {Conference Track Proceedings},
  title =        {A New View of Automatic Relevance Determination},
  volume =       20,
  year =         2007
}

@inproceedings{wright2007classification,
  address =      {Vancouver, British Columbia, Canada},
  author =       {Wright, John and Tao, Yangyu and Lin, Zhouchen and
                  Ma, Yi and Shum, Heung-Yeung},
  booktitle =    {Advances in Neural Information Processing Systems 20
                  (NIPS)},
  editor =       {Platt, J. and Koller, D. and Singer, Y. and Roweis,
                  S.},
  month =        {December},
  note =
                  {\url{https://proceedings.neurips.cc/paper_files/paper/2007/file/37693cfc748049e45d87b8c7d8b9aacd-Paper.pdf}},
  publisher =    {Curran Associates, Inc.},
  series =       {Conference Track Proceedings},
  title =        {Classification via Minimum Incremental Coding Length
                  (MICL)},
  volume =       20,
  year =         2007
}

@inproceedings{xu2007efficient,
  address =      {Vancouver, British Columbia, Canada},
  author =       {Xu, Zenglin and Jin, Rong and Zhu, Jianke and King,
                  Irwin and Lyu, Michael},
  booktitle =    {Advances in Neural Information Processing Systems 20
                  (NIPS)},
  editor =       {Platt, J. and Koller, D. and Singer, Y. and Roweis,
                  S.},
  month =        {December},
  note =
                  {\url{https://proceedings.neurips.cc/paper_files/paper/2007/file/c399862d3b9d6b76c8436e924a68c45b-Paper.pdf}},
  publisher =    {Curran Associates, Inc.},
  series =       {Conference Track Proceedings},
  title =        {Efficient Convex Relaxation for Transductive Support
                  Vector Machine},
  volume =       20,
  year =         2007
}

@inproceedings{ye2007discriminative,
  address =      {Vancouver, British Columbia, Canada},
  author =       {Ye, Jieping and Zhao, Zheng and Wu, Mingrui},
  booktitle =    {Advances in Neural Information Processing Systems 20
                  (NIPS)},
  editor =       {J. Platt and D. Koller and Y. Singer and S. Roweis},
  month =        {December},
  note =
                  {\url{https://proceedings.neurips.cc/paper_files/paper/2007/file/a5cdd4aa0048b187f7182f1b9ce7a6a7-Paper.pdf}},
  publisher =    {Curran Associates, Inc.},
  series =       {Conference Track Proceedings},
  title =        {Discriminative K-means for Clustering},
  volume =       20,
  year =         2007
}

@inproceedings{yu2007bayesian,
  address =      {Vancouver, British Columbia, Canada},
  author =       {Yu, Shipeng and Krishnapuram, Balaji and Steck,
                  Harald and Rao, R. and Rosales, Rómer},
  booktitle =    {Advances in Neural Information Processing Systems 20
                  (NIPS)},
  editor =       {Platt, J. and Koller, D. and Singer, Y. and Roweis,
                  S.},
  month =        {December},
  note =
                  {\url{https://proceedings.neurips.cc/paper_files/paper/2007/file/d54ce9de9df77c579775a7b6b1a4bdc0-Paper.pdf}},
  publisher =    {Curran Associates, Inc.},
  series =       {Conference Track Proceedings},
  title =        {Bayesian Co-Training},
  volume =       20,
  year =         2007
}

@inproceedings{yu2007gaussian,
  address =      {Vancouver, British Columbia, Canada},
  author =       {Yu, Kai and Chu, Wei},
  booktitle =    {Advances in Neural Information Processing Systems 20
                  (NIPS)},
  editor =       {Platt, J. and Koller, D. and Singer, Y. and Roweis,
                  S.},
  month =        {December},
  note =
                  {\url{https://proceedings.neurips.cc/paper_files/paper/2007/file/d045c59a90d7587d8d671b5f5aec4e7c-Paper.pdf}},
  publisher =    {Curran Associates, Inc.},
  series =       {Conference Track Proceedings},
  title =        {Gaussian Process Models for Link Analysis and
                  Transfer Learning},
  volume =       20,
  year =         2007
}

@inproceedings{yuille2007noisy,
  address =      {Vancouver, British Columbia, Canada},
  author =       {Yuille, Alan L and Lu, Hongjing},
  booktitle =    {Advances in Neural Information Processing Systems 20
                  (NIPS)},
  editor =       {Platt, J. and Koller, D. and Singer, Y. and Roweis,
                  S.},
  month =        {December},
  note =
                  {\url{https://proceedings.neurips.cc/paper_files/paper/2007/file/2291d2ec3b3048d1a6f86c2c4591b7e0-Paper.pdf}},
  publisher =    {Curran Associates, Inc.},
  series =       {Conference Track Proceedings},
  title =        {The Noisy-Logical Distribution and its Application
                  to Causal Inference},
  volume =       20,
  year =         2007
}

@inproceedings{zeck2007receptive,
  address =      {Vancouver, British Columbia, Canada},
  author =       {Zeck, Guenther and Bethge, Matthias and Macke, Jakob
                  H},
  booktitle =    {Advances in Neural Information Processing Systems 20
                  (NIPS)},
  editor =       {Platt, J. and Koller, D. and Singer, Y. and Roweis,
                  S.},
  month =        {December},
  note =
                  {\url{https://proceedings.neurips.cc/paper_files/paper/2007/file/289dff07669d7a23de0ef88d2f7129e7-Paper.pdf}},
  publisher =    {Curran Associates, Inc.},
  series =       {Conference Track Proceedings},
  title =        {Receptive Fields without Spike-Triggering},
  volume =       20,
  year =         2007
}

@inproceedings{zhang2007multiple,
  address =      {Vancouver, British Columbia, Canada},
  author =       {Zhang, Cha and Viola, Paul},
  booktitle =    {Advances in Neural Information Processing Systems 20
                  (NIPS)},
  editor =       {Platt, J. and Koller, D. and Singer, Y. and Roweis,
                  S.},
  month =        {December},
  note =
                  {\url{https://proceedings.neurips.cc/paper_files/paper/2007/file/ffeabd223de0d4eacb9a3e6e53e5448d-Paper.pdf}},
  publisher =    {Curran Associates, Inc.},
  series =       {Conference Track Proceedings},
  title =        {Multiple-Instance Pruning For Learning Efficient
                  Cascade Detectors},
  volume =       20,
  year =         2007
}

@inproceedings{zhao2007hm,
  address =      {Vancouver, British Columbia, Canada},
  author =       {Zhao, Bing and Xing, Eric},
  booktitle =    {Advances in Neural Information Processing Systems 20
                  (NIPS)},
  editor =       {J. Platt and D. Koller and Y. Singer and S. Roweis},
  month =        {December},
  note =
                  {\url{https://proceedings.neurips.cc/paper_files/paper/2007/file/9dcb88e0137649590b755372b040afad-Paper.pdf}},
  publisher =    {Curran Associates, Inc.},
  series =       {Conference Track Proceedings},
  title =        {HM-BiTAM: Bilingual Topic Exploration, Word
                  Alignment, and Translation},
  volume =       20,
  year =         2007
}

@inproceedings{zheng2007general,
  address =      {Vancouver, British Columbia, Canada},
  author =       {Zheng, Zhaohui and Zha, Hongyuan and Zhang, Tong and
                  Chapelle, Olivier and Chen, Keke and Sun, Gordon},
  booktitle =    {Advances in Neural Information Processing Systems 20
                  (NIPS)},
  editor =       {J. Platt and D. Koller and Y. Singer and S. Roweis},
  month =        {December},
  note =
                  {\url{https://proceedings.neurips.cc/paper_files/paper/2007/file/8d317bdcf4aafcfc22149d77babee96d-Paper.pdf}},
  publisher =    {Curran Associates, Inc.},
  series =       {Conference Track Proceedings},
  title =        {A General Boosting Method and Its Application to
                  Learning Ranking Functions for Web Search},
  volume =       20,
  year =         2007
}

@inproceedings{zhou2007compressed,
  address =      {Vancouver, British Columbia, Canada},
  author =       {Zhou, Shuheng and Wasserman, Larry and Lafferty,
                  John},
  booktitle =    {Advances in Neural Information Processing Systems 20
                  (NIPS)},
  editor =       {Platt, J. and Koller, D. and Singer, Y. and Roweis,
                  S.},
  month =        {December},
  note =
                  {\url{https://proceedings.neurips.cc/paper_files/paper/2007/file/0336dcbab05b9d5ad24f4333c7658a0e-Paper.pdf}},
  publisher =    {Curran Associates, Inc.},
  series =       {Conference Track Proceedings},
  title =        {Compressed Regression},
  volume =       20,
  year =         2007
}

@inproceedings{zhu2007parallelizing,
  address =      {Vancouver, British Columbia, Canada},
  author =       {Zhu, Kaihua and Wang, Hao and Bai, Hongjie and Li,
                  Jian and Qiu, Zhihuan and Cui, Hang and Chang,
                  Edward},
  booktitle =    {Advances in Neural Information Processing Systems 20
                  (NIPS)},
  editor =       {Platt, J. and Koller, D. and Singer, Y. and Roweis,
                  S.},
  month =        {December},
  note =
                  {\url{https://proceedings.neurips.cc/paper_files/paper/2007/file/ddb30680a691d157187ee1cf9e896d03-Paper.pdf}},
  publisher =    {Curran Associates, Inc.},
  series =       {Conference Track Proceedings},
  title =        {Parallelizing Support Vector Machines on Distributed
                  Computers},
  volume =       20,
  year =         2007
}

@inproceedings{zhu2007predictive,
  address =      {Vancouver, British Columbia, Canada},
  author =       {Zhu, Shenghuo and Yu, Kai and Gong, Yihong},
  booktitle =    {Advances in Neural Information Processing Systems 20
                  (NIPS)},
  editor =       {Platt, J. and Koller, D. and Singer, Y. and Roweis,
                  S.},
  month =        {December},
  note =
                  {\url{https://proceedings.neurips.cc/paper_files/paper/2007/file/061412e4a03c02f9902576ec55ebbe77-Paper.pdf}},
  publisher =    {Curran Associates, Inc.},
  series =       {Conference Track Proceedings},
  title =        {Predictive Matrix-Variate t Models},
  volume =       20,
  year =         2007
}

@inproceedings{zinkevich2007regret,
  address =      {Vancouver, British Columbia, Canada},
  author =       {Zinkevich, Martin and Johanson, Michael and Bowling,
                  Michael and Piccione, Carmelo},
  booktitle =    {Advances in Neural Information Processing Systems 20
                  (NIPS)},
  editor =       {Platt, J. and Koller, D. and Singer, Y. and Roweis,
                  S.},
  month =        {December},
  note =
                  {\url{https://proceedings.neurips.cc/paper_files/paper/2007/file/08d98638c6fcd194a4b1e6992063e944-Paper.pdf}},
  publisher =    {Curran Associates, Inc.},
  series =       {Conference Track Proceedings},
  title =        {Regret Minimization in Games with Incomplete
                  Information},
  volume =       20,
  year =         2007
}
