@inproceedings{acuna2008structure,
 address = {Vancouver, British Columbia, Canada},
 author = {Acuna, Daniel and Schrater, Paul R.},
 booktitle = {Advances in Neural Information Processing Systems 21 (NIPS)},
 editor = {Koller, Daphne and Schuurmans, Dale and Bengio, Yoshua and Bottou, Léon},
 month = {December},
 note = {\url{https://proceedings.neurips.cc/paper_files/paper/2008/file/bf62768ca46b6c3b5bea9515d1a1fc45-Paper.pdf}},
 publisher = {Curran Associates, Inc.},
 series = {Conference Track Proceedings},
 title = {Structure Learning in Human Sequential Decision-Making},
 volume = {21},
 year = {2008}
}

@inproceedings{agarwal2008online,
 address = {Vancouver, British Columbia, Canada},
 author = {Agarwal, Deepak and Chen, Bee-chung and Elango, Pradheep and Motgi, Nitin and Park, Seung-taek and Ramakrishnan, Raghu and Roy, Scott and Zachariah, Joe},
 booktitle = {Advances in Neural Information Processing Systems 21 (NIPS)},
 editor = {D. Koller and D. Schuurmans and Y. Bengio and L. Bottou},
 month = {December},
 note = {\url{https://proceedings.neurips.cc/paper_files/paper/2008/file/23ce1851341ec1fa9e0c259de10bf87c-Paper.pdf}},
 publisher = {Curran Associates, Inc.},
 series = {Conference Track Proceedings},
 title = {Online Models for Content Optimization},
 volume = {21},
 year = {2008}
}

@inproceedings{ailon2008reconciling,
 address = {Vancouver, British Columbia, Canada},
 author = {Ailon, Nir},
 booktitle = {Advances in Neural Information Processing Systems 21 (NIPS)},
 month = {December},
 note = {\url{https://proceedings.neurips.cc/paper_files/paper/2008/file/73c03186765e199c116224b68adc5fa0-Paper.pdf}},
 publisher = {Curran Associates, Inc.},
 series = {Conference Track Proceedings},
 title = {Reconciling Real Scores with Binary Comparisons: A New Logistic Based Model for Ranking},
 volume = {21},
 year = {2008}
}

@inproceedings{airoldi2008mixed,
 address = {Vancouver, British Columbia, Canada},
 author = {Airoldi, Edo M and Blei, David and Fienberg, Stephen and Xing, Eric},
 booktitle = {Advances in Neural Information Processing Systems 21 (NIPS)},
 month = {December},
 note = {\url{https://proceedings.neurips.cc/paper_files/paper/2008/file/8613985ec49eb8f757ae6439e879bb2a-Paper.pdf}},
 publisher = {Curran Associates, Inc.},
 series = {Conference Track Proceedings},
 title = {Mixed Membership Stochastic Blockmodels},
 volume = {21},
 year = {2008}
}

@inproceedings{akhter2008nonrigid,
 address = {Vancouver, British Columbia, Canada},
 author = {Akhter, Ijaz and Sheikh, Yaser and Khan, Sohaib and Kanade, Takeo},
 booktitle = {Advances in Neural Information Processing Systems 21 (NIPS)},
 editor = {Koller, Daphne and Schuurmans, Dale and Bengio, Yoshua and Bottou, Léon},
 month = {December},
 note = {\url{https://proceedings.neurips.cc/paper_files/paper/2008/file/dc82d632c9fcecb0778afbc7924494a6-Paper.pdf}},
 publisher = {Curran Associates, Inc.},
 series = {Conference Track Proceedings},
 title = {Nonrigid Structure from Motion in Trajectory Space},
 volume = {21},
 year = {2008}
}

@inproceedings{aleks2008probabilisticdetection,
 address = {Vancouver, British Columbia, Canada},
 author = {Aleks, Norm and Russell, Stuart J and Madden, Michael and Morabito, Diane and Staudenmayer, Kristan and Cohen, Mitchell and Manley, Geoffrey},
 booktitle = {Advances in Neural Information Processing Systems 21 (NIPS)},
 editor = {D. Koller and D. Schuurmans and Y. Bengio and L. Bottou},
 month = {December},
 note = {\url{https://proceedings.neurips.cc/paper_files/paper/2008/file/170c944978496731ba71f34c25826a34-Paper.pdf}},
 publisher = {Curran Associates, Inc.},
 series = {Conference Track Proceedings},
 title = {Probabilistic detection of short events, with application to critical care monitoring},
 volume = {21},
 year = {2008}
}

@inproceedings{alvarez2008sparse,
 address = {Vancouver, British Columbia, Canada},
 author = {Alvarez, Mauricio and Lawrence, Neil},
 booktitle = {Advances in Neural Information Processing Systems 21 (NIPS)},
 editor = {D. Koller and D. Schuurmans and Y. Bengio and L. Bottou},
 month = {December},
 note = {\url{https://proceedings.neurips.cc/paper_files/paper/2008/file/149e9677a5989fd342ae44213df68868-Paper.pdf}},
 publisher = {Curran Associates, Inc.},
 series = {Conference Track Proceedings},
 title = {Sparse Convolved Gaussian Processes for Multi-output Regression},
 volume = {21},
 year = {2008}
}

@inproceedings{amini2008transductive,
 address = {Vancouver, British Columbia, Canada},
 author = {Amini, Massih R. and Usunier, Nicolas and Laviolette, François},
 booktitle = {Advances in Neural Information Processing Systems 21 (NIPS)},
 editor = {Koller, Daphne and Schuurmans, Dale and Bengio, Yoshua and Bottou, Léon},
 month = {December},
 note = {\url{https://proceedings.neurips.cc/paper_files/paper/2008/file/dc6a70712a252123c40d2adba6a11d84-Paper.pdf}},
 publisher = {Curran Associates, Inc.},
 series = {Conference Track Proceedings},
 title = {A Transductive Bound for the Voted Classifier with an Application to Semi-supervised Learning},
 volume = {21},
 year = {2008}
}

@inproceedings{archambeau2008sparse,
 address = {Vancouver, British Columbia, Canada},
 author = {Archambeau, Cédric and Bach, Francis},
 booktitle = {Advances in Neural Information Processing Systems 21 (NIPS)},
 editor = {Koller, Daphne and Schuurmans, Dale and Bengio, Yoshua and Bottou, Léon},
 month = {December},
 note = {\url{https://proceedings.neurips.cc/paper_files/paper/2008/file/d93ed5b6db83be78efb0d05ae420158e-Paper.pdf}},
 publisher = {Curran Associates, Inc.},
 series = {Conference Track Proceedings},
 title = {Sparse probabilistic projections},
 volume = {21},
 year = {2008}
}

@inproceedings{auer2008near,
 address = {Vancouver, British Columbia, Canada},
 author = {Auer, Peter and Jaksch, Thomas and Ortner, Ronald},
 booktitle = {Advances in Neural Information Processing Systems 21 (NIPS)},
 editor = {Koller, Daphne and Schuurmans, Dale and Bengio, Yoshua and Bottou, Léon},
 month = {December},
 note = {\url{https://proceedings.neurips.cc/paper_files/paper/2008/file/e4a6222cdb5b34375400904f03d8e6a5-Paper.pdf}},
 publisher = {Curran Associates, Inc.},
 series = {Conference Track Proceedings},
 title = {Near-optimal Regret Bounds for Reinforcement Learning},
 volume = {21},
 year = {2008}
}

@inproceedings{bach2008exploring,
 address = {Vancouver, British Columbia, Canada},
 author = {Bach, Francis},
 booktitle = {Advances in Neural Information Processing Systems 21 (NIPS)},
 editor = {D. Koller and D. Schuurmans and Y. Bengio and L. Bottou},
 month = {December},
 note = {\url{https://proceedings.neurips.cc/paper_files/paper/2008/file/a4a042cf4fd6bfb47701cbc8a1653ada-Paper.pdf}},
 publisher = {Curran Associates, Inc.},
 series = {Conference Track Proceedings},
 title = {Exploring Large Feature Spaces with Hierarchical Multiple Kernel Learning},
 volume = {21},
 year = {2008}
}

@inproceedings{bagnell2008differentiable,
 address = {Vancouver, British Columbia, Canada},
 author = {Bagnell, J. and Bradley, David},
 booktitle = {Advances in Neural Information Processing Systems 21 (NIPS)},
 editor = {D. Koller and D. Schuurmans and Y. Bengio and L. Bottou},
 month = {December},
 note = {\url{https://proceedings.neurips.cc/paper_files/paper/2008/file/1458e7509aa5f47ecfb92536e7dd1dc7-Paper.pdf}},
 publisher = {Curran Associates, Inc.},
 series = {Conference Track Proceedings},
 title = {Differentiable Sparse Coding},
 volume = {21},
 year = {2008}
}

@inproceedings{bendavid2008measures,
 address = {Vancouver, British Columbia, Canada},
 author = {Ben-David, Shai and Ackerman, Margareta},
 booktitle = {Advances in Neural Information Processing Systems 21 (NIPS)},
 editor = {D. Koller and D. Schuurmans and Y. Bengio and L. Bottou},
 month = {December},
 note = {\url{https://proceedings.neurips.cc/paper_files/paper/2008/file/beed13602b9b0e6ecb5b568ff5058f07-Paper.pdf}},
 publisher = {Curran Associates, Inc.},
 series = {Conference Track Proceedings},
 title = {Measures of Clustering Quality: A Working Set of Axioms for Clustering},
 volume = {21},
 year = {2008}
}

@inproceedings{berkes2008characterizing,
 address = {Vancouver, British Columbia, Canada},
 author = {Berkes, Pietro and Wood, Frank and Pillow, Jonathan},
 booktitle = {Advances in Neural Information Processing Systems 21 (NIPS)},
 month = {December},
 note = {\url{https://proceedings.neurips.cc/paper_files/paper/2008/file/8c235f89a8143a28a1d6067e959dd858-Paper.pdf}},
 publisher = {Curran Associates, Inc.},
 series = {Conference Track Proceedings},
 title = {Characterizing neural dependencies with copula models},
 volume = {21},
 year = {2008}
}

@inproceedings{bertail2008on,
 address = {Vancouver, British Columbia, Canada},
 author = {Bertail, Patrice and Clémençcon, Stéphan and Vayatis, Nicolas},
 booktitle = {Advances in Neural Information Processing Systems 21 (NIPS)},
 editor = {D. Koller and D. Schuurmans and Y. Bengio and L. Bottou},
 month = {December},
 note = {\url{https://proceedings.neurips.cc/paper_files/paper/2008/file/30bb3825e8f631cc6075c0f87bb4978c-Paper.pdf}},
 publisher = {Curran Associates, Inc.},
 series = {Conference Track Proceedings},
 title = {On Bootstrapping the ROC Curve},
 volume = {21},
 year = {2008}
}

@inproceedings{bickel2008transfer,
 address = {Vancouver, British Columbia, Canada},
 author = {Bickel, Steffen and Sawade, Christoph and Scheffer, Tobias},
 booktitle = {Advances in Neural Information Processing Systems 21 (NIPS)},
 editor = {Koller, Daphne and Schuurmans, Dale and Bengio, Yoshua and Bottou, Léon},
 month = {December},
 note = {\url{https://proceedings.neurips.cc/paper_files/paper/2008/file/df263d996281d984952c07998dc54358-Paper.pdf}},
 publisher = {Curran Associates, Inc.},
 series = {Conference Track Proceedings},
 title = {Transfer Learning by Distribution Matching for Targeted Advertising},
 volume = {21},
 year = {2008}
}

@inproceedings{blaschko2008learning,
 address = {Vancouver, British Columbia, Canada},
 author = {Blaschko, Matthew and Gretton, Arthur},
 booktitle = {Advances in Neural Information Processing Systems 21 (NIPS)},
 editor = {Koller, Daphne and Schuurmans, Dale and Bengio, Yoshua and Bottou, Léon},
 month = {December},
 note = {\url{https://proceedings.neurips.cc/paper_files/paper/2008/file/e0ec453e28e061cc58ac43f91dc2f3f0-Paper.pdf}},
 publisher = {Curran Associates, Inc.},
 series = {Conference Track Proceedings},
 title = {Learning Taxonomies by Dependence Maximization},
 volume = {21},
 year = {2008}
}

@inproceedings{blunsom2008bayesian,
 address = {Vancouver, British Columbia, Canada},
 author = {Blunsom, Phil and Cohn, Trevor and Osborne, Miles},
 booktitle = {Advances in Neural Information Processing Systems 21 (NIPS)},
 editor = {D. Koller and D. Schuurmans and Y. Bengio and L. Bottou},
 month = {December},
 note = {\url{https://proceedings.neurips.cc/paper_files/paper/2008/file/ac1dd209cbcc5e5d1c6e28598e8cbbe8-Paper.pdf}},
 publisher = {Curran Associates, Inc.},
 series = {Conference Track Proceedings},
 title = {Bayesian Synchronous Grammar Induction},
 volume = {21},
 year = {2008}
}

@inproceedings{botvinick2008goal,
 address = {Vancouver, British Columbia, Canada},
 author = {Botvinick, Matthew and An, James},
 booktitle = {Advances in Neural Information Processing Systems 21 (NIPS)},
 editor = {Koller, Daphne and Schuurmans, Dale and Bengio, Yoshua and Bottou, Léon},
 month = {December},
 note = {\url{https://proceedings.neurips.cc/paper_files/paper/2008/file/e369853df766fa44e1ed0ff613f563bd-Paper.pdf}},
 publisher = {Curran Associates, Inc.},
 series = {Conference Track Proceedings},
 title = {Goal-directed decision making in prefrontal cortex: a computational framework},
 volume = {21},
 year = {2008}
}

@inproceedings{bouchardcote2008efficient,
 address = {Vancouver, British Columbia, Canada},
 author = {Bouchard-Côté, Alexandre and Klein, Dan and Jordan, Michael},
 booktitle = {Advances in Neural Information Processing Systems 21 (NIPS)},
 editor = {D. Koller and D. Schuurmans and Y. Bengio and L. Bottou},
 month = {December},
 note = {\url{https://proceedings.neurips.cc/paper_files/paper/2008/file/1651cf0d2f737d7adeab84d339dbabd3-Paper.pdf}},
 publisher = {Curran Associates, Inc.},
 series = {Conference Track Proceedings},
 title = {Efficient Inference in Phylogenetic InDel Trees},
 volume = {21},
 year = {2008}
}

@inproceedings{boydgraber2008syntactic,
 address = {Vancouver, British Columbia, Canada},
 author = {Boyd-Graber, Jordan and Blei, David},
 booktitle = {Advances in Neural Information Processing Systems 21 (NIPS)},
 month = {December},
 note = {\url{https://proceedings.neurips.cc/paper_files/paper/2008/file/8d3bba7425e7c98c50f52ca1b52d3735-Paper.pdf}},
 publisher = {Curran Associates, Inc.},
 series = {Conference Track Proceedings},
 title = {Syntactic Topic Models},
 volume = {21},
 year = {2008}
}

@inproceedings{braunstein2008spatially,
 address = {Vancouver, British Columbia, Canada},
 author = {Braunstein, Alexander and Wei, Zhi and Jensen, Shane and McAuliffe, Jon},
 booktitle = {Advances in Neural Information Processing Systems 21 (NIPS)},
 editor = {D. Koller and D. Schuurmans and Y. Bengio and L. Bottou},
 month = {December},
 note = {\url{https://proceedings.neurips.cc/paper_files/paper/2008/file/be3159ad04564bfb90db9e32851ebf9c-Paper.pdf}},
 publisher = {Curran Associates, Inc.},
 series = {Conference Track Proceedings},
 title = {A Spatially Varying Two-Sample Recombinant Coalescent, with Applications to HIV Escape Response},
 volume = {21},
 year = {2008}
}

@inproceedings{bubeck2008online,
 address = {Vancouver, British Columbia, Canada},
 author = {Bubeck, Sébastien and Stoltz, Gilles and Szepesvári, Csaba and Munos, Rémi},
 booktitle = {Advances in Neural Information Processing Systems 21 (NIPS)},
 editor = {Koller, Daphne and Schuurmans, Dale and Bengio, Yoshua and Bottou, Léon},
 month = {December},
 note = {\url{https://proceedings.neurips.cc/paper_files/paper/2008/file/f387624df552cea2f369918c5e1e12bc-Paper.pdf}},
 publisher = {Curran Associates, Inc.},
 series = {Conference Track Proceedings},
 title = {Online Optimization in X-Armed Bandits},
 volume = {21},
 year = {2008}
}

@inproceedings{cadieu2008learning,
 address = {Vancouver, British Columbia, Canada},
 author = {Cadieu, Charles and Olshausen, Bruno},
 booktitle = {Advances in Neural Information Processing Systems 21 (NIPS)},
 editor = {D. Koller and D. Schuurmans and Y. Bengio and L. Bottou},
 month = {December},
 note = {\url{https://proceedings.neurips.cc/paper_files/paper/2008/file/2e2c080d5490760af59d0baf5acbb84e-Paper.pdf}},
 publisher = {Curran Associates, Inc.},
 series = {Conference Track Proceedings},
 title = {Learning Transformational Invariants from Natural Movies},
 volume = {21},
 year = {2008}
}

@inproceedings{calderhead2008accelerating,
 address = {Vancouver, British Columbia, Canada},
 author = {Calderhead, Ben and Girolami, Mark and Lawrence, Neil},
 booktitle = {Advances in Neural Information Processing Systems 21 (NIPS)},
 editor = {D. Koller and D. Schuurmans and Y. Bengio and L. Bottou},
 month = {December},
 note = {\url{https://proceedings.neurips.cc/paper_files/paper/2008/file/07563a3fe3bbe7e3ba84431ad9d055af-Paper.pdf}},
 publisher = {Curran Associates, Inc.},
 series = {Conference Track Proceedings},
 title = {Accelerating Bayesian Inference over Nonlinear Differential Equations with Gaussian Processes},
 volume = {21},
 year = {2008}
}

@inproceedings{cao2008covariance,
 address = {Vancouver, British Columbia, Canada},
 author = {Cao, Guangzhi and Bouman, Charles},
 booktitle = {Advances in Neural Information Processing Systems 21 (NIPS)},
 month = {December},
 note = {\url{https://proceedings.neurips.cc/paper_files/paper/2008/file/8b16ebc056e613024c057be590b542eb-Paper.pdf}},
 publisher = {Curran Associates, Inc.},
 series = {Conference Track Proceedings},
 title = {Covariance Estimation for High Dimensional Data Vectors Using the Sparse Matrix Transform},
 volume = {21},
 year = {2008}
}

@inproceedings{carbonetto2008interior,
 address = {Vancouver, British Columbia, Canada},
 author = {Carbonetto, Peter and Schmidt, Mark and Freitas, Nando},
 booktitle = {Advances in Neural Information Processing Systems 21 (NIPS)},
 editor = {D. Koller and D. Schuurmans and Y. Bengio and L. Bottou},
 month = {December},
 note = {\url{https://proceedings.neurips.cc/paper_files/paper/2008/file/a87ff679a2f3e71d9181a67b7542122c-Paper.pdf}},
 publisher = {Curran Associates, Inc.},
 series = {Conference Track Proceedings},
 title = {An Interior-Point Stochastic Approximation Method and an L1-Regularized Delta Rule},
 volume = {21},
 year = {2008}
}

@inproceedings{castro2008human,
 address = {Vancouver, British Columbia, Canada},
 author = {Castro, Rui and Kalish, Charles and Nowak, Robert and Qian, Ruichen and Rogers, Tim and Zhu, Jerry},
 booktitle = {Advances in Neural Information Processing Systems 21 (NIPS)},
 editor = {Koller, Daphne and Schuurmans, Dale and Bengio, Yoshua and Bottou, Léon},
 month = {December},
 note = {\url{https://proceedings.neurips.cc/paper_files/paper/2008/file/fc49306d97602c8ed1be1dfbf0835ead-Paper.pdf}},
 publisher = {Curran Associates, Inc.},
 series = {Conference Track Proceedings},
 title = {Human Active Learning},
 volume = {21},
 year = {2008}
}

@inproceedings{castro2008temporal,
 address = {Vancouver, British Columbia, Canada},
 author = {Castro, Dotan and Volkinshtein, Dmitry and Meir, Ron},
 booktitle = {Advances in Neural Information Processing Systems 21 (NIPS)},
 editor = {Koller, Daphne and Schuurmans, Dale and Bengio, Yoshua and Bottou, Léon},
 month = {December},
 note = {\url{https://proceedings.neurips.cc/paper_files/paper/2008/file/fccb60fb512d13df5083790d64c4d5dd-Paper.pdf}},
 publisher = {Curran Associates, Inc.},
 series = {Conference Track Proceedings},
 title = {Temporal Difference Based Actor Critic Learning - Convergence and Neural Implementation},
 volume = {21},
 year = {2008}
}

@inproceedings{cavallanti2008linear,
 address = {Vancouver, British Columbia, Canada},
 author = {Cavallanti, Giovanni and Cesa-Bianchi, Nicolò and Gentile, Claudio},
 booktitle = {Advances in Neural Information Processing Systems 21 (NIPS)},
 editor = {D. Koller and D. Schuurmans and Y. Bengio and L. Bottou},
 month = {December},
 note = {\url{https://proceedings.neurips.cc/paper_files/paper/2008/file/0777d5c17d4066b82ab86dff8a46af6f-Paper.pdf}},
 publisher = {Curran Associates, Inc.},
 series = {Conference Track Proceedings},
 title = {Linear Classification and Selective Sampling Under Low Noise Conditions},
 volume = {21},
 year = {2008}
}

@inproceedings{cevher2008sparse,
 address = {Vancouver, British Columbia, Canada},
 author = {Cevher, Volkan and Duarte, Marco and Hegde, Chinmay and Baraniuk, Richard},
 booktitle = {Advances in Neural Information Processing Systems 21 (NIPS)},
 editor = {D. Koller and D. Schuurmans and Y. Bengio and L. Bottou},
 month = {December},
 note = {\url{https://proceedings.neurips.cc/paper_files/paper/2008/file/287e03db1d99e0ec2edb90d079e142f3-Paper.pdf}},
 publisher = {Curran Associates, Inc.},
 series = {Conference Track Proceedings},
 title = {Sparse Signal Recovery Using Markov Random Fields},
 volume = {21},
 year = {2008}
}

@inproceedings{chakrabarti2008mortal,
 address = {Vancouver, British Columbia, Canada},
 author = {Chakrabarti, Deepayan and Kumar, Ravi and Radlinski, Filip and Upfal, Eli},
 booktitle = {Advances in Neural Information Processing Systems 21 (NIPS)},
 month = {December},
 note = {\url{https://proceedings.neurips.cc/paper_files/paper/2008/file/788d986905533aba051261497ecffcbb-Paper.pdf}},
 publisher = {Curran Associates, Inc.},
 series = {Conference Track Proceedings},
 title = {Mortal Multi-Armed Bandits},
 volume = {21},
 year = {2008}
}

@inproceedings{chapelle2008tighter,
 address = {Vancouver, British Columbia, Canada},
 author = {Chapelle, Olivier and B., Chuong and Teo, Choon and Le, Quoc and Smola, Alex},
 booktitle = {Advances in Neural Information Processing Systems 21 (NIPS)},
 month = {December},
 note = {\url{https://proceedings.neurips.cc/paper_files/paper/2008/file/6bc24fc1ab650b25b4114e93a98f1eba-Paper.pdf}},
 publisher = {Curran Associates, Inc.},
 series = {Conference Track Proceedings},
 title = {Tighter Bounds for Structured Estimation},
 volume = {21},
 year = {2008}
}

@inproceedings{chaudhuri2008privacy,
 address = {Vancouver, British Columbia, Canada},
 author = {Chaudhuri, Kamalika and Monteleoni, Claire},
 booktitle = {Advances in Neural Information Processing Systems 21 (NIPS)},
 month = {December},
 note = {\url{https://proceedings.neurips.cc/paper_files/paper/2008/file/8065d07da4a77621450aa84fee5656d9-Paper.pdf}},
 publisher = {Curran Associates, Inc.},
 series = {Conference Track Proceedings},
 title = {Privacy-preserving logistic regression},
 volume = {21},
 year = {2008}
}

@inproceedings{chiappa2008using,
 address = {Vancouver, British Columbia, Canada},
 author = {Chiappa, Silvia and Kober, Jens and Peters, Jan},
 booktitle = {Advances in Neural Information Processing Systems 21 (NIPS)},
 month = {December},
 note = {\url{https://proceedings.neurips.cc/paper_files/paper/2008/file/65658fde58ab3c2b6e5132a39fae7cb9-Paper.pdf}},
 publisher = {Curran Associates, Inc.},
 series = {Conference Track Proceedings},
 title = {Using Bayesian Dynamical Systems for Motion Template Libraries},
 volume = {21},
 year = {2008}
}

@inproceedings{clemencon2008empirical,
 address = {Vancouver, British Columbia, Canada},
 author = {Clémençon, Stéphan and Vayatis, Nicolas},
 booktitle = {Advances in Neural Information Processing Systems 21 (NIPS)},
 month = {December},
 note = {\url{https://proceedings.neurips.cc/paper_files/paper/2008/file/7f24d240521d99071c93af3917215ef7-Paper.pdf}},
 publisher = {Curran Associates, Inc.},
 series = {Conference Track Proceedings},
 title = {Empirical performance maximization for linear rank statistics},
 volume = {21},
 year = {2008}
}

@inproceedings{clemencon2008overlaying,
 address = {Vancouver, British Columbia, Canada},
 author = {Clémençon, Stéphane and Vayatis, Nicolas},
 booktitle = {Advances in Neural Information Processing Systems 21 (NIPS)},
 editor = {Koller, Daphne and Schuurmans, Dale and Bengio, Yoshua and Bottou, Léon},
 month = {December},
 note = {\url{https://proceedings.neurips.cc/paper_files/paper/2008/file/c6e19e830859f2cb9f7c8f8cacb8d2a6-Paper.pdf}},
 publisher = {Curran Associates, Inc.},
 series = {Conference Track Proceedings},
 title = {Overlaying classifiers: a practical approach for optimal ranking},
 volume = {21},
 year = {2008}
}

@inproceedings{cohen2008logistic,
 address = {Vancouver, British Columbia, Canada},
 author = {Cohen, Shay and Gimpel, Kevin and Smith, Noah A},
 booktitle = {Advances in Neural Information Processing Systems 21 (NIPS)},
 editor = {Koller, Daphne and Schuurmans, Dale and Bengio, Yoshua and Bottou, Léon},
 month = {December},
 note = {\url{https://proceedings.neurips.cc/paper_files/paper/2008/file/f11bec1411101c743f64df596773d0b2-Paper.pdf}},
 publisher = {Curran Associates, Inc.},
 series = {Conference Track Proceedings},
 title = {Logistic Normal Priors for Unsupervised Probabilistic Grammar Induction},
 volume = {21},
 year = {2008}
}

@inproceedings{collinsthompson2008estimating,
 address = {Vancouver, British Columbia, Canada},
 author = {Collins-Thompson, Kevyn},
 booktitle = {Advances in Neural Information Processing Systems 21 (NIPS)},
 editor = {Koller, Daphne and Schuurmans, Dale and Bengio, Yoshua and Bottou, Léon},
 month = {December},
 note = {\url{https://proceedings.neurips.cc/paper_files/paper/2008/file/e0cf1f47118daebc5b16269099ad7347-Paper.pdf}},
 publisher = {Curran Associates, Inc.},
 series = {Conference Track Proceedings},
 title = {Estimating Robust Query Models with Convex Optimization},
 volume = {21},
 year = {2008}
}

@inproceedings{coquelin2008particle,
 address = {Vancouver, British Columbia, Canada},
 author = {Coquelin, Pierre-arnaud and Deguest, Romain and Munos, Rémi},
 booktitle = {Advances in Neural Information Processing Systems 21 (NIPS)},
 editor = {D. Koller and D. Schuurmans and Y. Bengio and L. Bottou},
 month = {December},
 note = {\url{https://proceedings.neurips.cc/paper_files/paper/2008/file/42e77b63637ab381e8be5f8318cc28a2-Paper.pdf}},
 publisher = {Curran Associates, Inc.},
 series = {Conference Track Proceedings},
 title = {Particle Filter-Based Policy Gradient in POMDPs},
 volume = {21},
 year = {2008}
}

@inproceedings{crammer2008exact,
 address = {Vancouver, British Columbia, Canada},
 author = {Crammer, Koby and Dredze, Mark and Pereira, Fernando},
 booktitle = {Advances in Neural Information Processing Systems 21 (NIPS)},
 month = {December},
 note = {\url{https://proceedings.neurips.cc/paper_files/paper/2008/file/68ce199ec2c5517597ce0a4d89620f55-Paper.pdf}},
 publisher = {Curran Associates, Inc.},
 series = {Conference Track Proceedings},
 title = {Exact Convex Confidence-Weighted Learning},
 volume = {21},
 year = {2008}
}

@inproceedings{dai2008translatedlearning,
 address = {Vancouver, British Columbia, Canada},
 author = {Dai, Wenyuan and Chen, Yuqiang and Xue, Gui-Rong and Yang, Qiang and Yu, Yong},
 booktitle = {Advances in Neural Information Processing Systems 21 (NIPS)},
 editor = {D. Koller and D. Schuurmans and Y. Bengio and L. Bottou},
 month = {December},
 note = {\url{https://proceedings.neurips.cc/paper_files/paper/2008/file/0060ef47b12160b9198302ebdb144dcf-Paper.pdf}},
 publisher = {Curran Associates, Inc.},
 series = {Conference Track Proceedings},
 title = {Translated Learning: Transfer Learning across Different Feature Spaces},
 volume = {21},
 year = {2008}
}

@inproceedings{danks2008integrating,
 address = {Vancouver, British Columbia, Canada},
 author = {Danks, David and Glymour, Clark and Tillman, Robert},
 booktitle = {Advances in Neural Information Processing Systems 21 (NIPS)},
 editor = {D. Koller and D. Schuurmans and Y. Bengio and L. Bottou},
 month = {December},
 note = {\url{https://proceedings.neurips.cc/paper_files/paper/2008/file/37bc2f75bf1bcfe8450a1a41c200364c-Paper.pdf}},
 publisher = {Curran Associates, Inc.},
 series = {Conference Track Proceedings},
 title = {Integrating Locally Learned Causal Structures with Overlapping Variables},
 volume = {21},
 year = {2008}
}

@inproceedings{das2008adapting,
 address = {Vancouver, British Columbia, Canada},
 author = {Das, Sanmay and Magdon-Ismail, Malik},
 booktitle = {Advances in Neural Information Processing Systems 21 (NIPS)},
 month = {December},
 note = {\url{https://proceedings.neurips.cc/paper_files/paper/2008/file/7a614fd06c325499f1680b9896beedeb-Paper.pdf}},
 publisher = {Curran Associates, Inc.},
 series = {Conference Track Proceedings},
 title = {Adapting to a Market Shock: Optimal Sequential Market-Making},
 volume = {21},
 year = {2008}
}

@inproceedings{dayan2008load,
 address = {Vancouver, British Columbia, Canada},
 author = {Dayan, Peter},
 booktitle = {Advances in Neural Information Processing Systems 21 (NIPS)},
 editor = {D. Koller and D. Schuurmans and Y. Bengio and L. Bottou},
 month = {December},
 note = {\url{https://proceedings.neurips.cc/paper_files/paper/2008/file/a5771bce93e200c36f7cd9dfd0e5deaa-Paper.pdf}},
 publisher = {Curran Associates, Inc.},
 series = {Conference Track Proceedings},
 title = {Load and Attentional Bayes},
 volume = {21},
 year = {2008}
}

@inproceedings{dekel2008fromonline,
 address = {Vancouver, British Columbia, Canada},
 author = {Dekel, Ofer},
 booktitle = {Advances in Neural Information Processing Systems 21 (NIPS)},
 editor = {D. Koller and D. Schuurmans and Y. Bengio and L. Bottou},
 month = {December},
 note = {\url{https://proceedings.neurips.cc/paper_files/paper/2008/file/0336dcbab05b9d5ad24f4333c7658a0e-Paper.pdf}},
 publisher = {Curran Associates, Inc.},
 series = {Conference Track Proceedings},
 title = {From Online to Batch Learning with Cutoff-Averaging},
 volume = {21},
 year = {2008}
}

@inproceedings{downey2008look,
 address = {Vancouver, British Columbia, Canada},
 author = {Downey, Doug and Etzioni, Oren},
 booktitle = {Advances in Neural Information Processing Systems 21 (NIPS)},
 month = {December},
 note = {\url{https://proceedings.neurips.cc/paper_files/paper/2008/file/6e16656a6ee1de7232164767ccfa7920-Paper.pdf}},
 publisher = {Curran Associates, Inc.},
 series = {Conference Track Proceedings},
 title = {Look Ma, No Hands: Analyzing the Monotonic Feature Abstraction for Text Classification},
 volume = {21},
 year = {2008}
}

@inproceedings{elidan2008learningbounded,
 address = {Vancouver, British Columbia, Canada},
 author = {Elidan, Gal and Gould, Stephen},
 booktitle = {Advances in Neural Information Processing Systems 21 (NIPS)},
 editor = {D. Koller and D. Schuurmans and Y. Bengio and L. Bottou},
 month = {December},
 note = {\url{https://proceedings.neurips.cc/paper_files/paper/2008/file/006f52e9102a8d3be2fe5614f42ba989-Paper.pdf}},
 publisher = {Curran Associates, Inc.},
 series = {Conference Track Proceedings},
 title = {Learning Bounded Treewidth Bayesian Networks},
 volume = {21},
 year = {2008}
}

@inproceedings{endres2008interpreting,
 address = {Vancouver, British Columbia, Canada},
 author = {Endres, Dominik and Foldiak, Peter},
 booktitle = {Advances in Neural Information Processing Systems 21 (NIPS)},
 editor = {Koller, Daphne and Schuurmans, Dale and Bengio, Yoshua and Bottou, Léon},
 month = {December},
 note = {\url{https://proceedings.neurips.cc/paper_files/paper/2008/file/eb160de1de89d9058fcb0b968dbbbd68-Paper.pdf}},
 publisher = {Curran Associates, Inc.},
 series = {Conference Track Proceedings},
 title = {Interpreting the neural code with Formal Concept Analysis},
 volume = {21},
 year = {2008}
}

@inproceedings{faivishevsky2008ica,
 address = {Vancouver, British Columbia, Canada},
 author = {Faivishevsky, Lev and Goldberger, Jacob},
 booktitle = {Advances in Neural Information Processing Systems 21 (NIPS)},
 editor = {D. Koller and D. Schuurmans and Y. Bengio and L. Bottou},
 month = {December},
 note = {\url{https://proceedings.neurips.cc/paper_files/paper/2008/file/3dc4876f3f08201c7c76cb71fa1da439-Paper.pdf}},
 publisher = {Curran Associates, Inc.},
 series = {Conference Track Proceedings},
 title = {ICA Based on a Smooth Estimation of the Differential Entropy},
 volume = {21},
 year = {2008}
}

@inproceedings{farahmand2008regularized,
 address = {Vancouver, British Columbia, Canada},
 author = {Farahmand, Amir and Ghavamzadeh, Mohammad and Mannor, Shie and Szepesvári, Csaba},
 booktitle = {Advances in Neural Information Processing Systems 21 (NIPS)},
 editor = {D. Koller and D. Schuurmans and Y. Bengio and L. Bottou},
 month = {December},
 note = {\url{https://proceedings.neurips.cc/paper_files/paper/2008/file/aeb3135b436aa55373822c010763dd54-Paper.pdf}},
 publisher = {Curran Associates, Inc.},
 series = {Conference Track Proceedings},
 title = {Regularized Policy Iteration},
 volume = {21},
 year = {2008}
}

@inproceedings{fard2008mdps,
 address = {Vancouver, British Columbia, Canada},
 author = {Fard, M. and Pineau, Joelle},
 booktitle = {Advances in Neural Information Processing Systems 21 (NIPS)},
 editor = {D. Koller and D. Schuurmans and Y. Bengio and L. Bottou},
 month = {December},
 note = {\url{https://proceedings.neurips.cc/paper_files/paper/2008/file/0c74b7f78409a4022a2c4c5a5ca3ee19-Paper.pdf}},
 publisher = {Curran Associates, Inc.},
 series = {Conference Track Proceedings},
 title = {MDPs with Non-Deterministic Policies},
 volume = {21},
 year = {2008}
}

@inproceedings{fox2008nonparametric,
 address = {Vancouver, British Columbia, Canada},
 author = {Fox, Emily and Sudderth, Erik and Jordan, Michael and Willsky, Alan},
 booktitle = {Advances in Neural Information Processing Systems 21 (NIPS)},
 editor = {D. Koller and D. Schuurmans and Y. Bengio and L. Bottou},
 month = {December},
 note = {\url{https://proceedings.neurips.cc/paper_files/paper/2008/file/950a4152c2b4aa3ad78bdd6b366cc179-Paper.pdf}},
 publisher = {Curran Associates, Inc.},
 series = {Conference Track Proceedings},
 title = {Nonparametric Bayesian Learning of Switching Linear Dynamical Systems},
 volume = {21},
 year = {2008}
}

@inproceedings{frasconi2008predicting,
 address = {Vancouver, British Columbia, Canada},
 author = {Frasconi, Paolo and Passerini, Andrea},
 booktitle = {Advances in Neural Information Processing Systems 21 (NIPS)},
 month = {December},
 note = {\url{https://proceedings.neurips.cc/paper_files/paper/2008/file/704afe073992cbe4813cae2f7715336f-Paper.pdf}},
 publisher = {Curran Associates, Inc.},
 series = {Conference Track Proceedings},
 title = {Predicting the Geometry of Metal Binding Sites from Protein Sequence},
 volume = {21},
 year = {2008}
}

@inproceedings{fukumizu2008characteristic,
 address = {Vancouver, British Columbia, Canada},
 author = {Fukumizu, Kenji and Gretton, Arthur and Schölkopf, Bernhard and Sriperumbudur, Bharath K.},
 booktitle = {Advances in Neural Information Processing Systems 21 (NIPS)},
 editor = {Koller, Daphne and Schuurmans, Dale and Bengio, Yoshua and Bottou, Léon},
 month = {December},
 note = {\url{https://proceedings.neurips.cc/paper_files/paper/2008/file/d07e70efcfab08731a97e7b91be644de-Paper.pdf}},
 publisher = {Curran Associates, Inc.},
 series = {Conference Track Proceedings},
 title = {Characteristic Kernels on Groups and Semigroups},
 volume = {21},
 year = {2008}
}

@inproceedings{gael2008infinite,
 address = {Vancouver, British Columbia, Canada},
 author = {Gael, Jurgen and Teh, Yee and Ghahramani, Zoubin},
 booktitle = {Advances in Neural Information Processing Systems 21 (NIPS)},
 editor = {D. Koller and D. Schuurmans and Y. Bengio and L. Bottou},
 month = {December},
 note = {\url{https://proceedings.neurips.cc/paper_files/paper/2008/file/2723d092b63885e0d7c260cc007e8b9d-Paper.pdf}},
 publisher = {Curran Associates, Inc.},
 series = {Conference Track Proceedings},
 title = {The Infinite Factorial Hidden Markov Model},
 volume = {21},
 year = {2008}
}

@inproceedings{garrigues2008homotopy,
 address = {Vancouver, British Columbia, Canada},
 author = {Garrigues, Pierre and Ghaoui, Laurent},
 booktitle = {Advances in Neural Information Processing Systems 21 (NIPS)},
 editor = {D. Koller and D. Schuurmans and Y. Bengio and L. Bottou},
 month = {December},
 note = {\url{https://proceedings.neurips.cc/paper_files/paper/2008/file/38af86134b65d0f10fe33d30dd76442e-Paper.pdf}},
 publisher = {Curran Associates, Inc.},
 series = {Conference Track Proceedings},
 title = {An Homotopy Algorithm for the Lasso with Online Observations},
 volume = {21},
 year = {2008}
}

@inproceedings{gasthaus2008dependent,
 address = {Vancouver, British Columbia, Canada},
 author = {Gasthaus, Jan and Wood, Frank and Gorur, Dilan and Teh, Yee},
 booktitle = {Advances in Neural Information Processing Systems 21 (NIPS)},
 editor = {D. Koller and D. Schuurmans and Y. Bengio and L. Bottou},
 month = {December},
 note = {\url{https://proceedings.neurips.cc/paper_files/paper/2008/file/9ab0d88431732957a618d4a469a0d4c3-Paper.pdf}},
 publisher = {Curran Associates, Inc.},
 series = {Conference Track Proceedings},
 title = {Dependent Dirichlet Process Spike Sorting},
 volume = {21},
 year = {2008}
}

@inproceedings{ghaoui2008convex,
 address = {Vancouver, British Columbia, Canada},
 author = {Ghaoui, Laurent and Gueye, Assane},
 booktitle = {Advances in Neural Information Processing Systems 21 (NIPS)},
 month = {December},
 note = {\url{https://proceedings.neurips.cc/paper_files/paper/2008/file/73640de25b7d656733ce2f808a330f18-Paper.pdf}},
 publisher = {Curran Associates, Inc.},
 series = {Conference Track Proceedings},
 title = {A Convex Upper Bound on the Log-Partition Function for Binary Distributions},
 volume = {21},
 year = {2008}
}

@inproceedings{goel2008predictive,
 address = {Vancouver, British Columbia, Canada},
 author = {Goel, Sharad and Langford, John and Strehl, Alexander},
 booktitle = {Advances in Neural Information Processing Systems 21 (NIPS)},
 editor = {Koller, Daphne and Schuurmans, Dale and Bengio, Yoshua and Bottou, Léon},
 month = {December},
 note = {\url{https://proceedings.neurips.cc/paper_files/paper/2008/file/fa83a11a198d5a7f0bf77a1987bcd006-Paper.pdf}},
 publisher = {Curran Associates, Inc.},
 series = {Conference Track Proceedings},
 title = {Predictive Indexing for Fast Search},
 volume = {21},
 year = {2008}
}

@inproceedings{gomez2008self,
 address = {Vancouver, British Columbia, Canada},
 author = {Gómez, Vicenç and Kaltenbrunner, Andreas and López, Vicente and Kappen, Hilbert},
 booktitle = {Advances in Neural Information Processing Systems 21 (NIPS)},
 editor = {Koller, Daphne and Schuurmans, Dale and Bengio, Yoshua and Bottou, Léon},
 month = {December},
 note = {\url{https://proceedings.neurips.cc/paper_files/paper/2008/file/e8a642ed6a9ad20fb159472950db3d65-Paper.pdf}},
 publisher = {Curran Associates, Inc.},
 series = {Conference Track Proceedings},
 title = {Self-organization using synaptic plasticity},
 volume = {21},
 year = {2008}
}

@inproceedings{gorur2008efficient,
 address = {Vancouver, British Columbia, Canada},
 author = {Gorur, Dilan and Teh, Yee},
 booktitle = {Advances in Neural Information Processing Systems 21 (NIPS)},
 month = {December},
 note = {\url{https://proceedings.neurips.cc/paper_files/paper/2008/file/65cc2c8205a05d7379fa3a6386f710e1-Paper.pdf}},
 publisher = {Curran Associates, Inc.},
 series = {Conference Track Proceedings},
 title = {An Efficient Sequential Monte Carlo Algorithm for Coalescent Clustering},
 volume = {21},
 year = {2008}
}

@inproceedings{graf2008massively,
 address = {Vancouver, British Columbia, Canada},
 author = {Graf, Hans and Cadambi, Srihari and Jakkula, Venkata and Sankaradass, Murugan and Cosatto, Eric and Chakradhar, Srimat and Dourdanovic, Igor},
 booktitle = {Advances in Neural Information Processing Systems 21 (NIPS)},
 editor = {D. Koller and D. Schuurmans and Y. Bengio and L. Bottou},
 month = {December},
 note = {\url{https://proceedings.neurips.cc/paper_files/paper/2008/file/31fefc0e570cb3860f2a6d4b38c6490d-Paper.pdf}},
 publisher = {Curran Associates, Inc.},
 series = {Conference Track Proceedings},
 title = {A Massively Parallel Digital Learning Processor},
 volume = {21},
 year = {2008}
}

@inproceedings{grandvalet2008support,
 address = {Vancouver, British Columbia, Canada},
 author = {Grandvalet, Yves and Rakotomamonjy, Alain and Keshet, Joseph and Canu, Stéphane},
 booktitle = {Advances in Neural Information Processing Systems 21 (NIPS)},
 editor = {D. Koller and D. Schuurmans and Y. Bengio and L. Bottou},
 month = {December},
 note = {\url{https://proceedings.neurips.cc/paper_files/paper/2008/file/3df1d4b96d8976ff5986393e8767f5b2-Paper.pdf}},
 publisher = {Curran Associates, Inc.},
 series = {Conference Track Proceedings},
 title = {Support Vector Machines with a Reject Option},
 volume = {21},
 year = {2008}
}

@inproceedings{graves2008offline,
 address = {Vancouver, British Columbia, Canada},
 author = {Graves, Alex and Schmidhuber, Jürgen},
 booktitle = {Advances in Neural Information Processing Systems 21 (NIPS)},
 month = {December},
 note = {\url{https://proceedings.neurips.cc/paper_files/paper/2008/file/66368270ffd51418ec58bd793f2d9b1b-Paper.pdf}},
 publisher = {Curran Associates, Inc.},
 series = {Conference Track Proceedings},
 title = {Offline Handwriting Recognition with Multidimensional Recurrent Neural Networks},
 volume = {21},
 year = {2008}
}

@inproceedings{griffiths2008analyzinghuman,
 address = {Vancouver, British Columbia, Canada},
 author = {Griffiths, Thomas and Austerweil, Joseph},
 booktitle = {Advances in Neural Information Processing Systems 21 (NIPS)},
 editor = {D. Koller and D. Schuurmans and Y. Bengio and L. Bottou},
 month = {December},
 note = {\url{https://proceedings.neurips.cc/paper_files/paper/2008/file/02a32ad2669e6fe298e607fe7cc0e1a0-Paper.pdf}},
 publisher = {Curran Associates, Inc.},
 series = {Conference Track Proceedings},
 title = {Analyzing human feature learning as nonparametric Bayesian inference},
 volume = {21},
 year = {2008}
}

@inproceedings{griffiths2008modelinghuman,
 address = {Vancouver, British Columbia, Canada},
 author = {Griffiths, Thomas and Lucas, Chris and Williams, Joseph and Kalish, Michael},
 booktitle = {Advances in Neural Information Processing Systems 21 (NIPS)},
 editor = {D. Koller and D. Schuurmans and Y. Bengio and L. Bottou},
 month = {December},
 note = {\url{https://proceedings.neurips.cc/paper_files/paper/2008/file/07c5807d0d927dcd0980f86024e5208b-Paper.pdf}},
 publisher = {Curran Associates, Inc.},
 series = {Conference Track Proceedings},
 title = {Modeling human function learning with Gaussian processes},
 volume = {21},
 year = {2008}
}

@inproceedings{grossewentrup2008understanding,
 address = {Vancouver, British Columbia, Canada},
 author = {Grosse-Wentrup, Moritz},
 booktitle = {Advances in Neural Information Processing Systems 21 (NIPS)},
 month = {December},
 note = {\url{https://proceedings.neurips.cc/paper_files/paper/2008/file/7d04bbbe5494ae9d2f5a76aa1c00fa2f-Paper.pdf}},
 publisher = {Curran Associates, Inc.},
 series = {Conference Track Proceedings},
 title = {Understanding Brain Connectivity Patterns during Motor Imagery for Brain-Computer Interfacing},
 volume = {21},
 year = {2008}
}

@inproceedings{guo2008supervised,
 address = {Vancouver, British Columbia, Canada},
 author = {Guo, Yuhong},
 booktitle = {Advances in Neural Information Processing Systems 21 (NIPS)},
 editor = {D. Koller and D. Schuurmans and Y. Bengio and L. Bottou},
 month = {December},
 note = {\url{https://proceedings.neurips.cc/paper_files/paper/2008/file/1fc214004c9481e4c8073e85323bfd4b-Paper.pdf}},
 publisher = {Curran Associates, Inc.},
 series = {Conference Track Proceedings},
 title = {Supervised Exponential Family Principal Component Analysis via Convex Optimization},
 volume = {21},
 year = {2008}
}

@inproceedings{gupta2008shapeaware,
 address = {Vancouver, British Columbia, Canada},
 author = {Gupta, Abhinav and Shi, Jianbo and Davis, Larry S},
 booktitle = {Advances in Neural Information Processing Systems 21 (NIPS)},
 editor = {D. Koller and D. Schuurmans and Y. Bengio and L. Bottou},
 month = {December},
 note = {\url{https://proceedings.neurips.cc/paper_files/paper/2008/file/1595af6435015c77a7149e92a551338e-Paper.pdf}},
 publisher = {Curran Associates, Inc.},
 series = {Conference Track Proceedings},
 title = {A 'Shape Aware' Model for Semi-supervised Learning of Objects and its Context},
 volume = {21},
 year = {2008}
}

@inproceedings{haefner2008improved,
 address = {Vancouver, British Columbia, Canada},
 author = {Haefner, Ralf and Cumming, Bruce},
 booktitle = {Advances in Neural Information Processing Systems 21 (NIPS)},
 editor = {D. Koller and D. Schuurmans and Y. Bengio and L. Bottou},
 month = {December},
 note = {\url{https://proceedings.neurips.cc/paper_files/paper/2008/file/2ab56412b1163ee131e1246da0955bd1-Paper.pdf}},
 publisher = {Curran Associates, Inc.},
 series = {Conference Track Proceedings},
 title = {An Improved Estimator of Variance Explained in the Presence of Noise},
 volume = {21},
 year = {2008}
}

@inproceedings{haith2008unifying,
 address = {Vancouver, British Columbia, Canada},
 author = {Haith, Adrian and Jackson, Carl and Miall, R. and Vijayakumar, Sethu},
 booktitle = {Advances in Neural Information Processing Systems 21 (NIPS)},
 editor = {D. Koller and D. Schuurmans and Y. Bengio and L. Bottou},
 month = {December},
 note = {\url{https://proceedings.neurips.cc/paper_files/paper/2008/file/07a96b1f61097ccb54be14d6a47439b0-Paper.pdf}},
 publisher = {Curran Associates, Inc.},
 series = {Conference Track Proceedings},
 title = {Unifying the Sensory and Motor Components of Sensorimotor Adaptation},
 volume = {21},
 year = {2008}
}

@inproceedings{hamm2008extended,
 address = {Vancouver, British Columbia, Canada},
 author = {Hamm, Jihun and Lee, Daniel},
 booktitle = {Advances in Neural Information Processing Systems 21 (NIPS)},
 editor = {Koller, Daphne and Schuurmans, Dale and Bengio, Yoshua and Bottou, Léon},
 month = {December},
 note = {\url{https://proceedings.neurips.cc/paper_files/paper/2008/file/e7f8a7fb0b77bcb3b283af5be021448f-Paper.pdf}},
 publisher = {Curran Associates, Inc.},
 series = {Conference Track Proceedings},
 title = {Extended Grassmann Kernels for Subspace-Based Learning},
 volume = {21},
 year = {2008}
}

@inproceedings{harchaoui2008kernel,
 address = {Vancouver, British Columbia, Canada},
 author = {Harchaoui, Zaïd and Moulines, Eric and Bach, Francis},
 booktitle = {Advances in Neural Information Processing Systems 21 (NIPS)},
 editor = {D. Koller and D. Schuurmans and Y. Bengio and L. Bottou},
 month = {December},
 note = {\url{https://proceedings.neurips.cc/paper_files/paper/2008/file/08b255a5d42b89b0585260b6f2360bdd-Paper.pdf}},
 publisher = {Curran Associates, Inc.},
 series = {Conference Track Proceedings},
 title = {Kernel Change-point Analysis},
 volume = {21},
 year = {2008}
}

@inproceedings{haufe2008estimating,
 address = {Vancouver, British Columbia, Canada},
 author = {Haufe, Stefan and Nikulin, Vadim and Ziehe, Andreas and Müller, Klaus-Robert and Nolte, Guido},
 booktitle = {Advances in Neural Information Processing Systems 21 (NIPS)},
 editor = {D. Koller and D. Schuurmans and Y. Bengio and L. Bottou},
 month = {December},
 note = {\url{https://proceedings.neurips.cc/paper_files/paper/2008/file/1679091c5a880faf6fb5e6087eb1b2dc-Paper.pdf}},
 publisher = {Curran Associates, Inc.},
 series = {Conference Track Proceedings},
 title = {Estimating vector fields using sparse basis field expansions},
 volume = {21},
 year = {2008}
}

@inproceedings{he2008learning,
 address = {Vancouver, British Columbia, Canada},
 author = {He, Xuming and Zemel, Richard},
 booktitle = {Advances in Neural Information Processing Systems 21 (NIPS)},
 editor = {D. Koller and D. Schuurmans and Y. Bengio and L. Bottou},
 month = {December},
 note = {\url{https://proceedings.neurips.cc/paper_files/paper/2008/file/53e3a7161e428b65688f14b84d61c610-Paper.pdf}},
 publisher = {Curran Associates, Inc.},
 series = {Conference Track Proceedings},
 title = {Learning Hybrid Models for Image Annotation with Partially Labeled Data},
 volume = {21},
 year = {2008}
}

@inproceedings{heitz2008cascadedclassification,
 address = {Vancouver, British Columbia, Canada},
 author = {Heitz, Geremy and Gould, Stephen and Saxena, Ashutosh and Koller, Daphne},
 booktitle = {Advances in Neural Information Processing Systems 21 (NIPS)},
 editor = {D. Koller and D. Schuurmans and Y. Bengio and L. Bottou},
 month = {December},
 note = {\url{https://proceedings.neurips.cc/paper_files/paper/2008/file/072b030ba126b2f4b2374f342be9ed44-Paper.pdf}},
 publisher = {Curran Associates, Inc.},
 series = {Conference Track Proceedings},
 title = {Cascaded Classification Models: Combining Models for Holistic Scene Understanding},
 volume = {21},
 year = {2008}
}

@inproceedings{heitz2008shape,
 address = {Vancouver, British Columbia, Canada},
 author = {Heitz, Geremy and Elidan, Gal and Packer, Benjamin and Koller, Daphne},
 booktitle = {Advances in Neural Information Processing Systems 21 (NIPS)},
 month = {December},
 note = {\url{https://proceedings.neurips.cc/paper_files/paper/2008/file/8844c5f00372df2c3c4ee857c2451b45-Paper.pdf}},
 publisher = {Curran Associates, Inc.},
 series = {Conference Track Proceedings},
 title = {Shape-Based Object Localization for Descriptive Classification},
 volume = {21},
 year = {2008}
}

@inproceedings{herbster2008fast,
 address = {Vancouver, British Columbia, Canada},
 author = {Herbster, Mark and Pontil, Massimiliano and Galeano, Sergio},
 booktitle = {Advances in Neural Information Processing Systems 21 (NIPS)},
 month = {December},
 note = {\url{https://proceedings.neurips.cc/paper_files/paper/2008/file/677e09724f0e2df9b6c000b75b5da10d-Paper.pdf}},
 publisher = {Curran Associates, Inc.},
 series = {Conference Track Proceedings},
 title = {Fast Prediction on a Tree},
 volume = {21},
 year = {2008}
}

@inproceedings{herbster2008online,
 address = {Vancouver, British Columbia, Canada},
 author = {Herbster, Mark and Lever, Guy and Pontil, Massimiliano},
 booktitle = {Advances in Neural Information Processing Systems 21 (NIPS)},
 editor = {Koller, Daphne and Schuurmans, Dale and Bengio, Yoshua and Bottou, Léon},
 month = {December},
 note = {\url{https://proceedings.neurips.cc/paper_files/paper/2008/file/d736bb10d83a904aefc1d6ce93dc54b8-Paper.pdf}},
 publisher = {Curran Associates, Inc.},
 series = {Conference Track Proceedings},
 title = {Online Prediction on Large Diameter Graphs},
 volume = {21},
 year = {2008}
}

@inproceedings{hill2008effects,
 address = {Vancouver, British Columbia, Canada},
 author = {Hill, Jeremy and Farquhar, Jason and Martens, Suzanna and Biessmann, Felix and Schölkopf, Bernhard},
 booktitle = {Advances in Neural Information Processing Systems 21 (NIPS)},
 editor = {Koller, Daphne and Schuurmans, Dale and Bengio, Yoshua and Bottou, Léon},
 month = {December},
 note = {\url{https://proceedings.neurips.cc/paper_files/paper/2008/file/c058f544c737782deacefa532d9add4c-Paper.pdf}},
 publisher = {Curran Associates, Inc.},
 series = {Conference Track Proceedings},
 title = {Effects of Stimulus Type and of Error-Correcting Code Design on BCI Speller Performance},
 volume = {21},
 year = {2008}
}

@inproceedings{holmes2008quic,
 address = {Vancouver, British Columbia, Canada},
 author = {Holmes, Michael and Isbell, Jr. and Lee, Charles and Gray, Alexander},
 booktitle = {Advances in Neural Information Processing Systems 21 (NIPS)},
 editor = {D. Koller and D. Schuurmans and Y. Bengio and L. Bottou},
 month = {December},
 note = {\url{https://proceedings.neurips.cc/paper_files/paper/2008/file/31b3b31a1c2f8a370206f111127c0dbd-Paper.pdf}},
 publisher = {Curran Associates, Inc.},
 series = {Conference Track Proceedings},
 title = {QUIC-SVD: Fast SVD Using Cosine Trees},
 volume = {21},
 year = {2008}
}

@inproceedings{hou2008dynamic,
 address = {Vancouver, British Columbia, Canada},
 author = {Hou, Xiaodi and Zhang, Liqing},
 booktitle = {Advances in Neural Information Processing Systems 21 (NIPS)},
 editor = {D. Koller and D. Schuurmans and Y. Bengio and L. Bottou},
 month = {December},
 note = {\url{https://proceedings.neurips.cc/paper_files/paper/2008/file/a8baa56554f96369ab93e4f3bb068c22-Paper.pdf}},
 publisher = {Curran Associates, Inc.},
 series = {Conference Track Proceedings},
 title = {Dynamic Visual Attention: Searching for Coding Length Increments},
 volume = {21},
 year = {2008}
}

@inproceedings{hoyer2008nonlinear,
 address = {Vancouver, British Columbia, Canada},
 author = {Hoyer, Patrik and Janzing, Dominik and Mooij, Joris M and Peters, Jonas and Scholkopf, Bernhard},
 booktitle = {Advances in Neural Information Processing Systems 21 (NIPS)},
 editor = {Koller, Daphne and Schuurmans, Dale and Bengio, Yoshua and Bottou, Léon},
 month = {December},
 note = {\url{https://proceedings.neurips.cc/paper_files/paper/2008/file/f7664060cc52bc6f3d620bcedc94a4b6-Paper.pdf}},
 publisher = {Curran Associates, Inc.},
 series = {Conference Track Proceedings},
 title = {Nonlinear causal discovery with additive noise models},
 volume = {21},
 year = {2008}
}

@inproceedings{huang2008spectralclustering,
 address = {Vancouver, British Columbia, Canada},
 author = {Huang, Ling and Yan, Donghui and Taft, Nina and Jordan, Michael},
 booktitle = {Advances in Neural Information Processing Systems 21 (NIPS)},
 editor = {D. Koller and D. Schuurmans and Y. Bengio and L. Bottou},
 month = {December},
 note = {\url{https://proceedings.neurips.cc/paper_files/paper/2008/file/185e65bc40581880c4f2c82958de8cfe-Paper.pdf}},
 publisher = {Curran Associates, Inc.},
 series = {Conference Track Proceedings},
 title = {Spectral Clustering with Perturbed Data},
 volume = {21},
 year = {2008}
}

@inproceedings{huang2008structuredranking,
 address = {Vancouver, British Columbia, Canada},
 author = {Huang, Jim and Frey, Brendan J},
 booktitle = {Advances in Neural Information Processing Systems 21 (NIPS)},
 editor = {D. Koller and D. Schuurmans and Y. Bengio and L. Bottou},
 month = {December},
 note = {\url{https://proceedings.neurips.cc/paper_files/paper/2008/file/03c6b06952c750899bb03d998e631860-Paper.pdf}},
 publisher = {Curran Associates, Inc.},
 series = {Conference Track Proceedings},
 title = {Structured ranking learning using cumulative distribution networks},
 volume = {21},
 year = {2008}
}

@inproceedings{huo2008bio,
 address = {Vancouver, British Columbia, Canada},
 author = {Huo, Juan and Yang, Zhijun and Murray, Alan},
 booktitle = {Advances in Neural Information Processing Systems 21 (NIPS)},
 editor = {Koller, Daphne and Schuurmans, Dale and Bengio, Yoshua and Bottou, Léon},
 month = {December},
 note = {\url{https://proceedings.neurips.cc/paper_files/paper/2008/file/d56b9fc4b0f1be8871f5e1c40c0067e7-Paper.pdf}},
 publisher = {Curran Associates, Inc.},
 series = {Conference Track Proceedings},
 title = {Bio-inspired Real Time Sensory Map Realignment in a Robotic Barn Owl},
 volume = {21},
 year = {2008}
}

@inproceedings{hussain2008theory,
 address = {Vancouver, British Columbia, Canada},
 author = {Hussain, Zakria and Shawe-Taylor, John},
 booktitle = {Advances in Neural Information Processing Systems 21 (NIPS)},
 month = {December},
 note = {\url{https://proceedings.neurips.cc/paper_files/paper/2008/file/758874998f5bd0c393da094e1967a72b-Paper.pdf}},
 publisher = {Curran Associates, Inc.},
 series = {Conference Track Proceedings},
 title = {Theory of matching pursuit},
 volume = {21},
 year = {2008}
}

@inproceedings{huys2008psychiatry,
 address = {Vancouver, British Columbia, Canada},
 author = {Huys, Quentin and Vogelstein, Joshua and Dayan, Peter},
 booktitle = {Advances in Neural Information Processing Systems 21 (NIPS)},
 editor = {Koller, Daphne and Schuurmans, Dale and Bengio, Yoshua and Bottou, Léon},
 month = {December},
 note = {\url{https://proceedings.neurips.cc/paper_files/paper/2008/file/d04d42cdf14579cd294e5079e0745411-Paper.pdf}},
 publisher = {Curran Associates, Inc.},
 series = {Conference Track Proceedings},
 title = {Psychiatry: Insights into depression through normative decision-making models},
 volume = {21},
 year = {2008}
}

@inproceedings{isard2008continuously,
 address = {Vancouver, British Columbia, Canada},
 author = {Isard, Michael and MacCormick, John and Achan, Kannan},
 booktitle = {Advances in Neural Information Processing Systems 21 (NIPS)},
 editor = {D. Koller and D. Schuurmans and Y. Bengio and L. Bottou},
 month = {December},
 note = {\url{https://proceedings.neurips.cc/paper_files/paper/2008/file/b73ce398c39f506af761d2277d853a92-Paper.pdf}},
 publisher = {Curran Associates, Inc.},
 series = {Conference Track Proceedings},
 title = {Continuously-Adaptive Discretization for Message-Passing Algorithms},
 volume = {21},
 year = {2008}
}

@inproceedings{jacob2008clustered,
 address = {Vancouver, British Columbia, Canada},
 author = {Jacob, Laurent and Vert, Jean-Philippe and Bach, Francis},
 booktitle = {Advances in Neural Information Processing Systems 21 (NIPS)},
 editor = {Koller, Daphne and Schuurmans, Dale and Bengio, Yoshua and Bottou, Léon},
 month = {December},
 note = {\url{https://proceedings.neurips.cc/paper_files/paper/2008/file/fccb3cdc9acc14a6e70a12f74560c026-Paper.pdf}},
 publisher = {Curran Associates, Inc.},
 series = {Conference Track Proceedings},
 title = {Clustered Multi-Task Learning: A Convex Formulation},
 volume = {21},
 year = {2008}
}

@inproceedings{jagabathula2008inferring,
 address = {Vancouver, British Columbia, Canada},
 author = {Jagabathula, Srikanth and Shah, Devavrat},
 booktitle = {Advances in Neural Information Processing Systems 21 (NIPS)},
 editor = {D. Koller and D. Schuurmans and Y. Bengio and L. Bottou},
 month = {December},
 note = {\url{https://proceedings.neurips.cc/paper_files/paper/2008/file/147ebe637038ca50a1265abac8dea181-Paper.pdf}},
 publisher = {Curran Associates, Inc.},
 series = {Conference Track Proceedings},
 title = {Inferring rankings under constrained sensing},
 volume = {21},
 year = {2008}
}

@inproceedings{jain2008natural,
 address = {Vancouver, British Columbia, Canada},
 author = {Jain, Viren and Seung, Sebastian},
 booktitle = {Advances in Neural Information Processing Systems 21 (NIPS)},
 editor = {Koller, Daphne and Schuurmans, Dale and Bengio, Yoshua and Bottou, Léon},
 month = {December},
 note = {\url{https://proceedings.neurips.cc/paper_files/paper/2008/file/c16a5320fa475530d9583c34fd356ef5-Paper.pdf}},
 publisher = {Curran Associates, Inc.},
 series = {Conference Track Proceedings},
 title = {Natural Image Denoising with Convolutional Networks},
 volume = {21},
 year = {2008}
}

@inproceedings{jain2008online,
 address = {Vancouver, British Columbia, Canada},
 author = {Jain, Prateek and Kulis, Brian and Dhillon, Inderjit and Grauman, Kristen},
 booktitle = {Advances in Neural Information Processing Systems 21 (NIPS)},
 editor = {D. Koller and D. Schuurmans and Y. Bengio and L. Bottou},
 month = {December},
 note = {\url{https://proceedings.neurips.cc/paper_files/paper/2008/file/aa68c75c4a77c87f97fb686b2f068676-Paper.pdf}},
 publisher = {Curran Associates, Inc.},
 series = {Conference Track Proceedings},
 title = {Online Metric Learning and Fast Similarity Search},
 volume = {21},
 year = {2008}
}

@inproceedings{jebara2008relative,
 address = {Vancouver, British Columbia, Canada},
 author = {Jebara, Tony and Shivaswamy, Pannagadatta},
 booktitle = {Advances in Neural Information Processing Systems 21 (NIPS)},
 editor = {D. Koller and D. Schuurmans and Y. Bengio and L. Bottou},
 month = {December},
 note = {\url{https://proceedings.neurips.cc/paper_files/paper/2008/file/8f7d807e1f53eff5f9efbe5cb81090fb-Paper.pdf}},
 publisher = {Curran Associates, Inc.},
 series = {Conference Track Proceedings},
 title = {Relative Margin Machines},
 volume = {21},
 year = {2008}
}

@inproceedings{ji2008multi,
 address = {Vancouver, British Columbia, Canada},
 author = {Ji, Shuiwang and Sun, Liang and Jin, Rong and Ye, Jieping},
 booktitle = {Advances in Neural Information Processing Systems 21 (NIPS)},
 editor = {Koller, Daphne and Schuurmans, Dale and Bengio, Yoshua and Bottou, Léon},
 month = {December},
 note = {\url{https://proceedings.neurips.cc/paper_files/paper/2008/file/d1f491a404d6854880943e5c3cd9ca25-Paper.pdf}},
 publisher = {Curran Associates, Inc.},
 series = {Conference Track Proceedings},
 title = {Multi-label Multiple Kernel Learning},
 volume = {21},
 year = {2008}
}

@inproceedings{jones2008optimal,
 address = {Vancouver, British Columbia, Canada},
 author = {Jones, Matt and Kinoshita, Sachiko and Mozer, Michael C.},
 booktitle = {Advances in Neural Information Processing Systems 21 (NIPS)},
 editor = {Koller, Daphne and Schuurmans, Dale and Bengio, Yoshua and Bottou, Léon},
 month = {December},
 note = {\url{https://proceedings.neurips.cc/paper_files/paper/2008/file/c24cd76e1ce41366a4bbe8a49b02a028-Paper.pdf}},
 publisher = {Curran Associates, Inc.},
 series = {Conference Track Proceedings},
 title = {Optimal Response Initiation: Why Recent Experience Matters},
 volume = {21},
 year = {2008}
}

@inproceedings{kakade2008ona,
 address = {Vancouver, British Columbia, Canada},
 author = {Kakade, Sham M and Sridharan, Karthik and Tewari, Ambuj},
 booktitle = {Advances in Neural Information Processing Systems 21 (NIPS)},
 editor = {D. Koller and D. Schuurmans and Y. Bengio and L. Bottou},
 month = {December},
 note = {\url{https://proceedings.neurips.cc/paper_files/paper/2008/file/5b69b9cb83065d403869739ae7f0995e-Paper.pdf}},
 publisher = {Curran Associates, Inc.},
 series = {Conference Track Proceedings},
 title = {On the Complexity of Linear Prediction: Risk Bounds, Margin Bounds, and Regularization},
 volume = {21},
 year = {2008}
}

@inproceedings{kakade2008onb,
 address = {Vancouver, British Columbia, Canada},
 author = {Kakade, Sham M and Tewari, Ambuj},
 booktitle = {Advances in Neural Information Processing Systems 21 (NIPS)},
 editor = {Koller, Daphne and Schuurmans, Dale and Bengio, Yoshua and Bottou, Léon},
 month = {December},
 note = {\url{https://proceedings.neurips.cc/paper_files/paper/2008/file/f90f2aca5c640289d0a29417bcb63a37-Paper.pdf}},
 publisher = {Curran Associates, Inc.},
 series = {Conference Track Proceedings},
 title = {On the Generalization Ability of Online Strongly Convex Programming Algorithms},
 volume = {21},
 year = {2008}
}

@inproceedings{kanamori2008efficientdensity,
 address = {Vancouver, British Columbia, Canada},
 author = {Kanamori, Takafumi and Hido, Shohei and Sugiyama, Masashi},
 booktitle = {Advances in Neural Information Processing Systems 21 (NIPS)},
 editor = {D. Koller and D. Schuurmans and Y. Bengio and L. Bottou},
 month = {December},
 note = {\url{https://proceedings.neurips.cc/paper_files/paper/2008/file/1385974ed5904a438616ff7bdb3f7439-Paper.pdf}},
 publisher = {Curran Associates, Inc.},
 series = {Conference Track Proceedings},
 title = {Efficient Direct Density Ratio Estimation for Non-stationarity Adaptation and Outlier Detection},
 volume = {21},
 year = {2008}
}

@inproceedings{katahira2008extracting,
 address = {Vancouver, British Columbia, Canada},
 author = {Katahira, Kentaro and Nishikawa, Jun and Okanoya, Kazuo and Okada, Masato},
 booktitle = {Advances in Neural Information Processing Systems 21 (NIPS)},
 editor = {Koller, Daphne and Schuurmans, Dale and Bengio, Yoshua and Bottou, Léon},
 month = {December},
 note = {\url{https://proceedings.neurips.cc/paper_files/paper/2008/file/ee14c41e92ec5c97b54cf9b74e25bd99-Paper.pdf}},
 publisher = {Curran Associates, Inc.},
 series = {Conference Track Proceedings},
 title = {Extracting State Transition Dynamics from Multiple Spike Trains with Correlated Poisson HMM},
 volume = {21},
 year = {2008}
}

@inproceedings{kemp2008ideal,
 address = {Vancouver, British Columbia, Canada},
 author = {Kemp, Charles and Xu, Fei},
 booktitle = {Advances in Neural Information Processing Systems 21 (NIPS)},
 month = {December},
 note = {\url{https://proceedings.neurips.cc/paper_files/paper/2008/file/7f1de29e6da19d22b51c68001e7e0e54-Paper.pdf}},
 publisher = {Curran Associates, Inc.},
 series = {Conference Track Proceedings},
 title = {An ideal observer model of infant object perception},
 volume = {21},
 year = {2008}
}

@inproceedings{kim2008mcboost,
 address = {Vancouver, British Columbia, Canada},
 author = {Kim, Tae-kyun and Cipolla, Roberto},
 booktitle = {Advances in Neural Information Processing Systems 21 (NIPS)},
 editor = {D. Koller and D. Schuurmans and Y. Bengio and L. Bottou},
 month = {December},
 note = {\url{https://proceedings.neurips.cc/paper_files/paper/2008/file/a532400ed62e772b9dc0b86f46e583ff-Paper.pdf}},
 publisher = {Curran Associates, Inc.},
 series = {Conference Track Proceedings},
 title = {MCBoost: Multiple Classifier Boosting for Perceptual Co-clustering of Images and Visual Features},
 volume = {21},
 year = {2008}
}

@inproceedings{kim2008performance,
 address = {Vancouver, British Columbia, Canada},
 author = {Kim, Jooseuk and Scott, Clayton},
 booktitle = {Advances in Neural Information Processing Systems 21 (NIPS)},
 editor = {D. Koller and D. Schuurmans and Y. Bengio and L. Bottou},
 month = {December},
 note = {\url{https://proceedings.neurips.cc/paper_files/paper/2008/file/0a113ef6b61820daa5611c870ed8d5ee-Paper.pdf}},
 publisher = {Curran Associates, Inc.},
 series = {Conference Track Proceedings},
 title = {Performance analysis for L\_2 kernel classification},
 volume = {21},
 year = {2008}
}

@inproceedings{kober2008policy,
 address = {Vancouver, British Columbia, Canada},
 author = {Kober, Jens and Peters, Jan},
 booktitle = {Advances in Neural Information Processing Systems 21 (NIPS)},
 month = {December},
 note = {\url{https://proceedings.neurips.cc/paper_files/paper/2008/file/7647966b7343c29048673252e490f736-Paper.pdf}},
 publisher = {Curran Associates, Inc.},
 series = {Conference Track Proceedings},
 title = {Policy Search for Motor Primitives in Robotics},
 volume = {21},
 year = {2008}
}

@inproceedings{kolodziejski2008on,
 address = {Vancouver, British Columbia, Canada},
 author = {Kolodziejski, Christoph and Porr, Bernd and Tamosiunaite, Minija and Wörgoetter, Florentin},
 booktitle = {Advances in Neural Information Processing Systems 21 (NIPS)},
 editor = {D. Koller and D. Schuurmans and Y. Bengio and L. Bottou},
 month = {December},
 note = {\url{https://proceedings.neurips.cc/paper_files/paper/2008/file/4a533591763dfa743a13affab1a85793-Paper.pdf}},
 publisher = {Curran Associates, Inc.},
 series = {Conference Track Proceedings},
 title = {On the Asymptotic Equivalence Between Differential Hebbian and Temporal Difference Learning Using a Local Third Factor},
 volume = {21},
 year = {2008}
}

@inproceedings{komodakis2008clustering,
 address = {Vancouver, British Columbia, Canada},
 author = {Komodakis, Nikos and Paragios, Nikos and Tziritas, Georgios},
 booktitle = {Advances in Neural Information Processing Systems 21 (NIPS)},
 editor = {D. Koller and D. Schuurmans and Y. Bengio and L. Bottou},
 month = {December},
 note = {\url{https://proceedings.neurips.cc/paper_files/paper/2008/file/288cc0ff022877bd3df94bc9360b9c5d-Paper.pdf}},
 publisher = {Curran Associates, Inc.},
 series = {Conference Track Proceedings},
 title = {Clustering via LP-based Stabilities},
 volume = {21},
 year = {2008}
}

@inproceedings{krauledat2008playing,
 address = {Vancouver, British Columbia, Canada},
 author = {Krauledat, Matthias and Grzeska, Konrad and Sagebaum, Max and Blankertz, Benjamin and Vidaurre, Carmen and Müller, Klaus-Robert and Schröder, Michael},
 booktitle = {Advances in Neural Information Processing Systems 21 (NIPS)},
 editor = {Koller, Daphne and Schuurmans, Dale and Bengio, Yoshua and Bottou, Léon},
 month = {December},
 note = {\url{https://proceedings.neurips.cc/paper_files/paper/2008/file/f0e52b27a7a5d6a1a87373dffa53dbe5-Paper.pdf}},
 publisher = {Curran Associates, Inc.},
 series = {Conference Track Proceedings},
 title = {Playing Pinball with non-invasive BCI},
 volume = {21},
 year = {2008}
}

@inproceedings{kroc2008counting,
 address = {Vancouver, British Columbia, Canada},
 author = {Kroc, Lukas and Sabharwal, Ashish and Selman, Bart},
 booktitle = {Advances in Neural Information Processing Systems 21 (NIPS)},
 editor = {D. Koller and D. Schuurmans and Y. Bengio and L. Bottou},
 month = {December},
 note = {\url{https://proceedings.neurips.cc/paper_files/paper/2008/file/0dbb3fb9a5cd1d5f8a9075b5bb8070aa-Paper.pdf}},
 publisher = {Curran Associates, Inc.},
 series = {Conference Track Proceedings},
 title = {Counting Solution Clusters in Graph Coloring Problems Using Belief Propagation},
 volume = {21},
 year = {2008}
}

@inproceedings{kuksa2008scalable,
 address = {Vancouver, British Columbia, Canada},
 author = {Kuksa, Pavel and Huang, Pai-Hsi and Pavlovic, Vladimir},
 booktitle = {Advances in Neural Information Processing Systems 21 (NIPS)},
 editor = {Koller, Daphne and Schuurmans, Dale and Bengio, Yoshua and Bottou, Léon},
 month = {December},
 note = {\url{https://proceedings.neurips.cc/paper_files/paper/2008/file/ffd52f3c7e12435a724a8f30fddadd9c-Paper.pdf}},
 publisher = {Curran Associates, Inc.},
 series = {Conference Track Proceedings},
 title = {Scalable Algorithms for String Kernels with Inexact Matching},
 volume = {21},
 year = {2008}
}

@inproceedings{lacostejulien2008disclda,
 address = {Vancouver, British Columbia, Canada},
 author = {Lacoste-Julien, Simon and Sha, Fei and Jordan, Michael},
 booktitle = {Advances in Neural Information Processing Systems 21 (NIPS)},
 month = {December},
 note = {\url{https://proceedings.neurips.cc/paper_files/paper/2008/file/7b13b2203029ed80337f27127a9f1d28-Paper.pdf}},
 publisher = {Curran Associates, Inc.},
 series = {Conference Track Proceedings},
 title = {DiscLDA: Discriminative Learning for Dimensionality Reduction and Classification},
 volume = {21},
 year = {2008}
}

@inproceedings{langford2008sparse,
 address = {Vancouver, British Columbia, Canada},
 author = {Langford, John and Li, Lihong and Zhang, Tong},
 booktitle = {Advances in Neural Information Processing Systems 21 (NIPS)},
 editor = {D. Koller and D. Schuurmans and Y. Bengio and L. Bottou},
 month = {December},
 note = {\url{https://proceedings.neurips.cc/paper_files/paper/2008/file/92c8c96e4c37100777c7190b76d28233-Paper.pdf}},
 publisher = {Curran Associates, Inc.},
 series = {Conference Track Proceedings},
 title = {Sparse Online Learning via Truncated Gradient},
 volume = {21},
 year = {2008}
}

@inproceedings{latecki2008multiscale,
 address = {Vancouver, British Columbia, Canada},
 author = {Latecki, Longin and Lu, Chengen and Sobel, Marc and Bai, Xiang},
 booktitle = {Advances in Neural Information Processing Systems 21 (NIPS)},
 editor = {Koller, Daphne and Schuurmans, Dale and Bengio, Yoshua and Bottou, Léon},
 month = {December},
 note = {\url{https://proceedings.neurips.cc/paper_files/paper/2008/file/f9b902fc3289af4dd08de5d1de54f68f-Paper.pdf}},
 publisher = {Curran Associates, Inc.},
 series = {Conference Track Proceedings},
 title = {Multiscale Random Fields with Application to Contour Grouping},
 volume = {21},
 year = {2008}
}

@inproceedings{lawrence2008efficient,
 address = {Vancouver, British Columbia, Canada},
 author = {Lawrence, Neil and Rattray, Magnus and Titsias, Michalis},
 booktitle = {Advances in Neural Information Processing Systems 21 (NIPS)},
 editor = {D. Koller and D. Schuurmans and Y. Bengio and L. Bottou},
 month = {December},
 note = {\url{https://proceedings.neurips.cc/paper_files/paper/2008/file/5487315b1286f907165907aa8fc96619-Paper.pdf}},
 publisher = {Curran Associates, Inc.},
 series = {Conference Track Proceedings},
 title = {Efficient Sampling for Gaussian Process Inference Using Control Variables},
 volume = {21},
 year = {2008}
}

@inproceedings{lee2008fast,
 address = {Vancouver, British Columbia, Canada},
 author = {Lee, Dongryeol and Gray, Alexander},
 booktitle = {Advances in Neural Information Processing Systems 21 (NIPS)},
 editor = {D. Koller and D. Schuurmans and Y. Bengio and L. Bottou},
 month = {December},
 note = {\url{https://proceedings.neurips.cc/paper_files/paper/2008/file/39059724f73a9969845dfe4146c5660e-Paper.pdf}},
 publisher = {Curran Associates, Inc.},
 series = {Conference Track Proceedings},
 title = {Fast High-Dimensional Kernel Summations Using the Monte Carlo Multipole Method},
 volume = {21},
 year = {2008}
}

@inproceedings{levy2008modeling,
 address = {Vancouver, British Columbia, Canada},
 author = {Levy, Roger and Reali, Florencia and Griffiths, Thomas},
 booktitle = {Advances in Neural Information Processing Systems 21 (NIPS)},
 editor = {D. Koller and D. Schuurmans and Y. Bengio and L. Bottou},
 month = {December},
 note = {\url{https://proceedings.neurips.cc/paper_files/paper/2008/file/a02ffd91ece5e7efeb46db8f10a74059-Paper.pdf}},
 publisher = {Curran Associates, Inc.},
 series = {Conference Track Proceedings},
 title = {Modeling the Effects of Memory on Human Online Sentence Processing with Particle Filters},
 volume = {21},
 year = {2008}
}

@inproceedings{lewi2008designingneurophysiology,
 address = {Vancouver, British Columbia, Canada},
 author = {Lewi, Jeremy and Butera, Robert and Schneider, David and Woolley, Sarah and Paninski, Liam},
 booktitle = {Advances in Neural Information Processing Systems 21 (NIPS)},
 editor = {D. Koller and D. Schuurmans and Y. Bengio and L. Bottou},
 month = {December},
 note = {\url{https://proceedings.neurips.cc/paper_files/paper/2008/file/0141a8aedb1b53970fac7c81dac79fbe-Paper.pdf}},
 publisher = {Curran Associates, Inc.},
 series = {Conference Track Proceedings},
 title = {Designing neurophysiology experiments to optimally constrain receptive field models along parametric submanifolds},
 volume = {21},
 year = {2008}
}

@inproceedings{li2008one,
 address = {Vancouver, British Columbia, Canada},
 author = {Li, Ping and Church, Kenneth and Hastie, Trevor},
 booktitle = {Advances in Neural Information Processing Systems 21 (NIPS)},
 editor = {Koller, Daphne and Schuurmans, Dale and Bengio, Yoshua and Bottou, Léon},
 month = {December},
 note = {\url{https://proceedings.neurips.cc/paper_files/paper/2008/file/fe7ee8fc1959cc7214fa21c4840dff0a-Paper.pdf}},
 publisher = {Curran Associates, Inc.},
 series = {Conference Track Proceedings},
 title = {One sketch for all: Theory and Application of Conditional Random Sampling},
 volume = {21},
 year = {2008}
}

@inproceedings{lin2008dimensionality,
 address = {Vancouver, British Columbia, Canada},
 author = {Lin, Yen-yu and Liu, Tyng-luh and Fuh, Chiou-shann},
 booktitle = {Advances in Neural Information Processing Systems 21 (NIPS)},
 editor = {D. Koller and D. Schuurmans and Y. Bengio and L. Bottou},
 month = {December},
 note = {\url{https://proceedings.neurips.cc/paper_files/paper/2008/file/b3e3e393c77e35a4a3f3cbd1e429b5dc-Paper.pdf}},
 publisher = {Curran Associates, Inc.},
 series = {Conference Track Proceedings},
 title = {Dimensionality Reduction for Data in Multiple Feature Representations},
 volume = {21},
 year = {2008}
}

@inproceedings{liu2008nonparametric,
 address = {Vancouver, British Columbia, Canada},
 author = {Liu, Han and Wasserman, Larry and Lafferty, John},
 booktitle = {Advances in Neural Information Processing Systems 21 (NIPS)},
 month = {December},
 note = {\url{https://proceedings.neurips.cc/paper_files/paper/2008/file/6faa8040da20ef399b63a72d0e4ab575-Paper.pdf}},
 publisher = {Curran Associates, Inc.},
 series = {Conference Track Proceedings},
 title = {Nonparametric regression and classification with joint sparsity constraints},
 volume = {21},
 year = {2008}
}

@inproceedings{long2008adaptive,
 address = {Vancouver, British Columbia, Canada},
 author = {Long, Phil and Servedio, Rocco},
 booktitle = {Advances in Neural Information Processing Systems 21 (NIPS)},
 editor = {D. Koller and D. Schuurmans and Y. Bengio and L. Bottou},
 month = {December},
 note = {\url{https://proceedings.neurips.cc/paper_files/paper/2008/file/38b3eff8baf56627478ec76a704e9b52-Paper.pdf}},
 publisher = {Curran Associates, Inc.},
 series = {Conference Track Proceedings},
 title = {Adaptive Martingale Boosting},
 volume = {21},
 year = {2008}
}

@inproceedings{lu2008hierarchical,
 address = {Vancouver, British Columbia, Canada},
 author = {Lu, Zhengdong and Kaye, Jeffrey and Leen, Todd},
 booktitle = {Advances in Neural Information Processing Systems 21 (NIPS)},
 editor = {D. Koller and D. Schuurmans and Y. Bengio and L. Bottou},
 month = {December},
 note = {\url{https://proceedings.neurips.cc/paper_files/paper/2008/file/24b16fede9a67c9251d3e7c7161c83ac-Paper.pdf}},
 publisher = {Curran Associates, Inc.},
 series = {Conference Track Proceedings},
 title = {Hierarchical Fisher Kernels for Longitudinal Data},
 volume = {21},
 year = {2008}
}

@inproceedings{lucas2008rational,
 address = {Vancouver, British Columbia, Canada},
 author = {Lucas, Christopher and Griffiths, Thomas and Xu, Fei and Fawcett, Christine},
 booktitle = {Advances in Neural Information Processing Systems 21 (NIPS)},
 month = {December},
 note = {\url{https://proceedings.neurips.cc/paper_files/paper/2008/file/7f1171a78ce0780a2142a6eb7bc4f3c8-Paper.pdf}},
 publisher = {Curran Associates, Inc.},
 series = {Conference Track Proceedings},
 title = {A rational model of preference learning and choice prediction by children},
 volume = {21},
 year = {2008}
}

@inproceedings{ludvig2008computational,
 address = {Vancouver, British Columbia, Canada},
 author = {Ludvig, Elliot and Sutton, Richard S. and Verbeek, Eric and Kehoe, E.},
 booktitle = {Advances in Neural Information Processing Systems 21 (NIPS)},
 editor = {Koller, Daphne and Schuurmans, Dale and Bengio, Yoshua and Bottou, Léon},
 month = {December},
 note = {\url{https://proceedings.neurips.cc/paper_files/paper/2008/file/d709f38ef758b5066ef31b18039b8ce5-Paper.pdf}},
 publisher = {Curran Associates, Inc.},
 series = {Conference Track Proceedings},
 title = {A computational model of hippocampal function in trace conditioning},
 volume = {21},
 year = {2008}
}

@inproceedings{lyu2008reducing,
 address = {Vancouver, British Columbia, Canada},
 author = {Lyu, Siwei and Simoncelli, Eero},
 booktitle = {Advances in Neural Information Processing Systems 21 (NIPS)},
 editor = {Koller, Daphne and Schuurmans, Dale and Bengio, Yoshua and Bottou, Léon},
 month = {December},
 note = {\url{https://proceedings.neurips.cc/paper_files/paper/2008/file/da4fb5c6e93e74d3df8527599fa62642-Paper.pdf}},
 publisher = {Curran Associates, Inc.},
 series = {Conference Track Proceedings},
 title = {Reducing statistical dependencies in natural signals using radial Gaussianization},
 volume = {21},
 year = {2008}
}

@inproceedings{mackey2008deflation,
 address = {Vancouver, British Columbia, Canada},
 author = {Mackey, Lester},
 booktitle = {Advances in Neural Information Processing Systems 21 (NIPS)},
 month = {December},
 note = {\url{https://proceedings.neurips.cc/paper_files/paper/2008/file/85d8ce590ad8981ca2c8286f79f59954-Paper.pdf}},
 publisher = {Curran Associates, Inc.},
 series = {Conference Track Proceedings},
 title = {Deflation Methods for Sparse PCA},
 volume = {21},
 year = {2008}
}

@inproceedings{maier2008influence,
 address = {Vancouver, British Columbia, Canada},
 author = {Maier, Markus and Luxburg, Ulrike and Hein, Matthias},
 booktitle = {Advances in Neural Information Processing Systems 21 (NIPS)},
 editor = {D. Koller and D. Schuurmans and Y. Bengio and L. Bottou},
 month = {December},
 note = {\url{https://proceedings.neurips.cc/paper_files/paper/2008/file/0a348ede8ac3768875037baca5de6e26-Paper.pdf}},
 publisher = {Curran Associates, Inc.},
 series = {Conference Track Proceedings},
 title = {Influence of graph construction on graph-based clustering measures},
 volume = {21},
 year = {2008}
}

@inproceedings{mairal2008supervised,
 address = {Vancouver, British Columbia, Canada},
 author = {Mairal, Julien and Ponce, Jean and Sapiro, Guillermo and Zisserman, Andrew and Bach, Francis},
 booktitle = {Advances in Neural Information Processing Systems 21 (NIPS)},
 editor = {Koller, Daphne and Schuurmans, Dale and Bengio, Yoshua and Bottou, Léon},
 month = {December},
 note = {\url{https://proceedings.neurips.cc/paper_files/paper/2008/file/c0f168ce8900fa56e57789e2a2f2c9d0-Paper.pdf}},
 publisher = {Curran Associates, Inc.},
 series = {Conference Track Proceedings},
 title = {Supervised Dictionary Learning},
 volume = {21},
 year = {2008}
}

@inproceedings{mansour2008domainadaptation,
 address = {Vancouver, British Columbia, Canada},
 author = {Mansour, Yishay and Mohri, Mehryar and Rostamizadeh, Afshin},
 booktitle = {Advances in Neural Information Processing Systems 21 (NIPS)},
 editor = {D. Koller and D. Schuurmans and Y. Bengio and L. Bottou},
 month = {December},
 note = {\url{https://proceedings.neurips.cc/paper_files/paper/2008/file/0e65972dce68dad4d52d063967f0a705-Paper.pdf}},
 publisher = {Curran Associates, Inc.},
 series = {Conference Track Proceedings},
 title = {Domain Adaptation with Multiple Sources},
 volume = {21},
 year = {2008}
}

@inproceedings{masnadishirazi2008on,
 address = {Vancouver, British Columbia, Canada},
 author = {Masnadi-shirazi, Hamed and Vasconcelos, Nuno},
 booktitle = {Advances in Neural Information Processing Systems 21 (NIPS)},
 editor = {Koller, Daphne and Schuurmans, Dale and Bengio, Yoshua and Bottou, Léon},
 month = {December},
 note = {\url{https://proceedings.neurips.cc/paper_files/paper/2008/file/f5deaeeae1538fb6c45901d524ee2f98-Paper.pdf}},
 publisher = {Curran Associates, Inc.},
 series = {Conference Track Proceedings},
 title = {On the Design of Loss Functions for Classification: theory, robustness to outliers, and SavageBoost},
 volume = {21},
 year = {2008}
}

@inproceedings{minka2008gates,
 address = {Vancouver, British Columbia, Canada},
 author = {Minka, Tom and Winn, John},
 booktitle = {Advances in Neural Information Processing Systems 21 (NIPS)},
 editor = {D. Koller and D. Schuurmans and Y. Bengio and L. Bottou},
 month = {December},
 note = {\url{https://proceedings.neurips.cc/paper_files/paper/2008/file/4b0a59ddf11c58e7446c9df0da541a84-Paper.pdf}},
 publisher = {Curran Associates, Inc.},
 series = {Conference Track Proceedings},
 title = {Gates},
 volume = {21},
 year = {2008}
}

@inproceedings{mnih2008scalable,
 address = {Vancouver, British Columbia, Canada},
 author = {Mnih, Andriy and Hinton, Geoffrey E},
 booktitle = {Advances in Neural Information Processing Systems 21 (NIPS)},
 editor = {D. Koller and D. Schuurmans and Y. Bengio and L. Bottou},
 month = {December},
 note = {\url{https://proceedings.neurips.cc/paper_files/paper/2008/file/1e056d2b0ebd5c878c550da6ac5d3724-Paper.pdf}},
 publisher = {Curran Associates, Inc.},
 series = {Conference Track Proceedings},
 title = {A Scalable Hierarchical Distributed Language Model},
 volume = {21},
 year = {2008}
}

@inproceedings{mohamed2008bayesian,
 address = {Vancouver, British Columbia, Canada},
 author = {Mohamed, Shakir and Ghahramani, Zoubin and Heller, Katherine A},
 booktitle = {Advances in Neural Information Processing Systems 21 (NIPS)},
 editor = {D. Koller and D. Schuurmans and Y. Bengio and L. Bottou},
 month = {December},
 note = {\url{https://proceedings.neurips.cc/paper_files/paper/2008/file/5f0f5e5f33945135b874349cfbed4fb9-Paper.pdf}},
 publisher = {Curran Associates, Inc.},
 series = {Conference Track Proceedings},
 title = {Bayesian Exponential Family PCA},
 volume = {21},
 year = {2008}
}

@inproceedings{mohri2008rademacher,
 address = {Vancouver, British Columbia, Canada},
 author = {Mohri, Mehryar and Rostamizadeh, Afshin},
 booktitle = {Advances in Neural Information Processing Systems 21 (NIPS)},
 month = {December},
 note = {\url{https://proceedings.neurips.cc/paper_files/paper/2008/file/7eacb532570ff6858afd2723755ff790-Paper.pdf}},
 publisher = {Curran Associates, Inc.},
 series = {Conference Track Proceedings},
 title = {Rademacher Complexity Bounds for Non-I.I.D. Processes},
 volume = {21},
 year = {2008}
}

@inproceedings{mooij2008bounds,
 address = {Vancouver, British Columbia, Canada},
 author = {Mooij, Joris M and Kappen, Hilbert},
 booktitle = {Advances in Neural Information Processing Systems 21 (NIPS)},
 editor = {D. Koller and D. Schuurmans and Y. Bengio and L. Bottou},
 month = {December},
 note = {\url{https://proceedings.neurips.cc/paper_files/paper/2008/file/a3d68b461bd9d3533ee1dd3ce4628ed4-Paper.pdf}},
 publisher = {Curran Associates, Inc.},
 series = {Conference Track Proceedings},
 title = {Bounds on Marginal Probability Distributions},
 volume = {21},
 year = {2008}
}

@inproceedings{morariu2008automatic,
 address = {Vancouver, British Columbia, Canada},
 author = {Morariu, Vlad and Srinivasan, Balaji and Raykar, Vikas C. and Duraiswami, Ramani and Davis, Larry S.},
 booktitle = {Advances in Neural Information Processing Systems 21 (NIPS)},
 editor = {Koller, Daphne and Schuurmans, Dale and Bengio, Yoshua and Bottou, Léon},
 month = {December},
 note = {\url{https://proceedings.neurips.cc/paper_files/paper/2008/file/d96409bf894217686ba124d7356686c9-Paper.pdf}},
 publisher = {Curran Associates, Inc.},
 series = {Conference Track Proceedings},
 title = {Automatic online tuning for fast Gaussian summation},
 volume = {21},
 year = {2008}
}

@inproceedings{muezzinoglu2008artificial,
 address = {Vancouver, British Columbia, Canada},
 author = {Muezzinoglu, Mehmet and Vergara, Alexander and Huerta, Ramon and Nowotny, Thomas and Rulkov, Nikolai and Abarbanel, Henry and Selverston, Allen and Rabinovich, Mikhail},
 booktitle = {Advances in Neural Information Processing Systems 21 (NIPS)},
 editor = {D. Koller and D. Schuurmans and Y. Bengio and L. Bottou},
 month = {December},
 note = {\url{https://proceedings.neurips.cc/paper_files/paper/2008/file/8f468c873a32bb0619eaeb2050ba45d1-Paper.pdf}},
 publisher = {Curran Associates, Inc.},
 series = {Conference Track Proceedings},
 title = {Artificial Olfactory Brain for Mixture Identification},
 volume = {21},
 year = {2008}
}

@inproceedings{mukherjee2008relative,
 address = {Vancouver, British Columbia, Canada},
 author = {Mukherjee, Indraneel and Blei, David},
 booktitle = {Advances in Neural Information Processing Systems 21 (NIPS)},
 editor = {D. Koller and D. Schuurmans and Y. Bengio and L. Bottou},
 month = {December},
 note = {\url{https://proceedings.neurips.cc/paper_files/paper/2008/file/a49e9411d64ff53eccfdd09ad10a15b3-Paper.pdf}},
 publisher = {Curran Associates, Inc.},
 series = {Conference Track Proceedings},
 title = {Relative Performance Guarantees for Approximate Inference in Latent Dirichlet Allocation},
 volume = {21},
 year = {2008}
}

@inproceedings{murray2008evaluating,
 address = {Vancouver, British Columbia, Canada},
 author = {Murray, Iain and Salakhutdinov, Russ R},
 booktitle = {Advances in Neural Information Processing Systems 21 (NIPS)},
 editor = {D. Koller and D. Schuurmans and Y. Bengio and L. Bottou},
 month = {December},
 note = {\url{https://proceedings.neurips.cc/paper_files/paper/2008/file/0d7de1aca9299fe63f3e0041f02638a3-Paper.pdf}},
 publisher = {Curran Associates, Inc.},
 series = {Conference Track Proceedings},
 title = {Evaluating probabilities under high-dimensional latent variable models},
 volume = {21},
 year = {2008}
}

@inproceedings{murray2008gaussian,
 address = {Vancouver, British Columbia, Canada},
 author = {Murray, Iain and MacKay, David and Adams, Ryan P},
 booktitle = {Advances in Neural Information Processing Systems 21 (NIPS)},
 editor = {D. Koller and D. Schuurmans and Y. Bengio and L. Bottou},
 month = {December},
 note = {\url{https://proceedings.neurips.cc/paper_files/paper/2008/file/335f5352088d7d9bf74191e006d8e24c-Paper.pdf}},
 publisher = {Curran Associates, Inc.},
 series = {Conference Track Proceedings},
 title = {The Gaussian Process Density Sampler},
 volume = {21},
 year = {2008}
}

@inproceedings{nair2008implicit,
 address = {Vancouver, British Columbia, Canada},
 author = {Nair, Vinod and Hinton, Geoffrey E.},
 booktitle = {Advances in Neural Information Processing Systems 21 (NIPS)},
 editor = {Koller, Daphne and Schuurmans, Dale and Bengio, Yoshua and Bottou, Léon},
 month = {December},
 note = {\url{https://proceedings.neurips.cc/paper_files/paper/2008/file/e820a45f1dfc7b95282d10b6087e11c0-Paper.pdf}},
 publisher = {Curran Associates, Inc.},
 series = {Conference Track Proceedings},
 title = {Implicit Mixtures of Restricted Boltzmann Machines},
 volume = {21},
 year = {2008}
}

@inproceedings{natarajan2008characterizing,
 address = {Vancouver, British Columbia, Canada},
 author = {Natarajan, Rama and Murray, Iain and Shams, Ladan and Zemel, Richard},
 booktitle = {Advances in Neural Information Processing Systems 21 (NIPS)},
 editor = {D. Koller and D. Schuurmans and Y. Bengio and L. Bottou},
 month = {December},
 note = {\url{https://proceedings.neurips.cc/paper_files/paper/2008/file/322f62469c5e3c7dc3e58f5a4d1ea399-Paper.pdf}},
 publisher = {Curran Associates, Inc.},
 series = {Conference Track Proceedings},
 title = {Characterizing Response Behavior in Multisensory Perception with Conflicting Cues},
 volume = {21},
 year = {2008}
}

@inproceedings{negahban2008phase,
 address = {Vancouver, British Columbia, Canada},
 author = {Negahban, Sahand and Wainwright, Martin J},
 booktitle = {Advances in Neural Information Processing Systems 21 (NIPS)},
 editor = {D. Koller and D. Schuurmans and Y. Bengio and L. Bottou},
 month = {December},
 note = {\url{https://proceedings.neurips.cc/paper_files/paper/2008/file/aa169b49b583a2b5af89203c2b78c67c-Paper.pdf}},
 publisher = {Curran Associates, Inc.},
 series = {Conference Track Proceedings},
 title = {Phase Transitions for High-Dimensional Joint Support Recovery},
 volume = {21},
 year = {2008}
}

@inproceedings{nessler2008hebbianlearning,
 address = {Vancouver, British Columbia, Canada},
 author = {Nessler, Bernhard and Pfeiffer, Michael and Maass, Wolfgang},
 booktitle = {Advances in Neural Information Processing Systems 21 (NIPS)},
 editor = {D. Koller and D. Schuurmans and Y. Bengio and L. Bottou},
 month = {December},
 note = {\url{https://proceedings.neurips.cc/paper_files/paper/2008/file/07cdfd23373b17c6b337251c22b7ea57-Paper.pdf}},
 publisher = {Curran Associates, Inc.},
 series = {Conference Track Proceedings},
 title = {Hebbian Learning of Bayes Optimal Decisions},
 volume = {21},
 year = {2008}
}

@inproceedings{neumann2008fitted,
 address = {Vancouver, British Columbia, Canada},
 author = {Neumann, Gerhard and Peters, Jan},
 booktitle = {Advances in Neural Information Processing Systems 21 (NIPS)},
 editor = {Koller, Daphne and Schuurmans, Dale and Bengio, Yoshua and Bottou, Léon},
 month = {December},
 note = {\url{https://proceedings.neurips.cc/paper_files/paper/2008/file/f79921bbae40a577928b76d2fc3edc2a-Paper.pdf}},
 publisher = {Curran Associates, Inc.},
 series = {Conference Track Proceedings},
 title = {Fitted Q-iteration by Advantage Weighted Regression},
 volume = {21},
 year = {2008}
}

@inproceedings{nguyen2008robust,
 address = {Vancouver, British Columbia, Canada},
 author = {Nguyen, Minh and Torre, Fernando},
 booktitle = {Advances in Neural Information Processing Systems 21 (NIPS)},
 editor = {D. Koller and D. Schuurmans and Y. Bengio and L. Bottou},
 month = {December},
 note = {\url{https://proceedings.neurips.cc/paper_files/paper/2008/file/8f53295a73878494e9bc8dd6c3c7104f-Paper.pdf}},
 publisher = {Curran Associates, Inc.},
 series = {Conference Track Proceedings},
 title = {Robust Kernel Principal Component Analysis},
 volume = {21},
 year = {2008}
}

@inproceedings{nguyentuong2008localgaussian,
 address = {Vancouver, British Columbia, Canada},
 author = {Nguyen-Tuong, Duy and Peters, Jan and Seeger, Matthias},
 booktitle = {Advances in Neural Information Processing Systems 21 (NIPS)},
 editor = {D. Koller and D. Schuurmans and Y. Bengio and L. Bottou},
 month = {December},
 note = {\url{https://proceedings.neurips.cc/paper_files/paper/2008/file/01161aaa0b6d1345dd8fe4e481144d84-Paper.pdf}},
 publisher = {Curran Associates, Inc.},
 series = {Conference Track Proceedings},
 title = {Local Gaussian Process Regression for Real Time Online Model Learning},
 volume = {21},
 year = {2008}
}

@inproceedings{nickisch2008bayesian,
 address = {Vancouver, British Columbia, Canada},
 author = {Nickisch, Hannes and Pohmann, Rolf and Schölkopf, Bernhard and Seeger, Matthias},
 booktitle = {Advances in Neural Information Processing Systems 21 (NIPS)},
 editor = {Koller, Daphne and Schuurmans, Dale and Bengio, Yoshua and Bottou, Léon},
 month = {December},
 note = {\url{https://proceedings.neurips.cc/paper_files/paper/2008/file/c361bc7b2c033a83d663b8d9fb4be56e-Paper.pdf}},
 publisher = {Curran Associates, Inc.},
 series = {Conference Track Proceedings},
 title = {Bayesian Experimental Design of Magnetic Resonance Imaging Sequences},
 volume = {21},
 year = {2008}
}

@inproceedings{nock2008onefficient,
 address = {Vancouver, British Columbia, Canada},
 author = {Nock, Richard and Nielsen, Frank},
 booktitle = {Advances in Neural Information Processing Systems 21 (NIPS)},
 editor = {D. Koller and D. Schuurmans and Y. Bengio and L. Bottou},
 month = {December},
 note = {\url{https://proceedings.neurips.cc/paper_files/paper/2008/file/077e29b11be80ab57e1a2ecabb7da330-Paper.pdf}},
 publisher = {Curran Associates, Inc.},
 series = {Conference Track Proceedings},
 title = {On the Efficient Minimization of Classification Calibrated Surrogates},
 volume = {21},
 year = {2008}
}

@inproceedings{nouri2008multi,
 address = {Vancouver, British Columbia, Canada},
 author = {Nouri, Ali and Littman, Michael},
 booktitle = {Advances in Neural Information Processing Systems 21 (NIPS)},
 editor = {Koller, Daphne and Schuurmans, Dale and Bengio, Yoshua and Bottou, Léon},
 month = {December},
 note = {\url{https://proceedings.neurips.cc/paper_files/paper/2008/file/d5cfead94f5350c12c322b5b664544c1-Paper.pdf}},
 publisher = {Curran Associates, Inc.},
 series = {Conference Track Proceedings},
 title = {Multi-resolution Exploration in Continuous Spaces},
 volume = {21},
 year = {2008}
}

@inproceedings{obozinski2008high,
 address = {Vancouver, British Columbia, Canada},
 author = {Obozinski, Guillaume R and Wainwright, Martin J and Jordan, Michael},
 booktitle = {Advances in Neural Information Processing Systems 21 (NIPS)},
 month = {December},
 note = {\url{https://proceedings.neurips.cc/paper_files/paper/2008/file/72007983849f4fcb0ad565439834756b-Paper.pdf}},
 publisher = {Curran Associates, Inc.},
 series = {Conference Track Proceedings},
 title = {High-dimensional support union recovery in multivariate regression},
 volume = {21},
 year = {2008}
}

@inproceedings{oizumi2008general,
 address = {Vancouver, British Columbia, Canada},
 author = {Oizumi, Masafumi and Ishii, Toshiyuki and Ishibashi, Kazuya and Hosoya, Toshihiko and Okada, Masato},
 booktitle = {Advances in Neural Information Processing Systems 21 (NIPS)},
 month = {December},
 note = {\url{https://proceedings.neurips.cc/paper_files/paper/2008/file/8dd48d6a2e2cad213179a3992c0be53c-Paper.pdf}},
 publisher = {Curran Associates, Inc.},
 series = {Conference Track Proceedings},
 title = {A general framework for investigating how far the decoding process in the brain can be simplified},
 volume = {21},
 year = {2008}
}

@inproceedings{onken2008modeling,
 address = {Vancouver, British Columbia, Canada},
 author = {Onken, Arno and Grünewälder, Steffen and Munk, Matthias and Obermayer, Klaus},
 booktitle = {Advances in Neural Information Processing Systems 21 (NIPS)},
 editor = {Koller, Daphne and Schuurmans, Dale and Bengio, Yoshua and Bottou, Léon},
 month = {December},
 note = {\url{https://proceedings.neurips.cc/paper_files/paper/2008/file/fa7cdfad1a5aaf8370ebeda47a1ff1c3-Paper.pdf}},
 publisher = {Curran Associates, Inc.},
 series = {Conference Track Proceedings},
 title = {Modeling Short-term Noise Dependence of Spike Counts in Macaque Prefrontal Cortex},
 volume = {21},
 year = {2008}
}

@inproceedings{opper2008improving,
 address = {Vancouver, British Columbia, Canada},
 author = {Opper, Manfred and Paquet, Ulrich and Winther, Ole},
 booktitle = {Advances in Neural Information Processing Systems 21 (NIPS)},
 editor = {Koller, Daphne and Schuurmans, Dale and Bengio, Yoshua and Bottou, Léon},
 month = {December},
 note = {\url{https://proceedings.neurips.cc/paper_files/paper/2008/file/ec5aa0b7846082a2415f0902f0da88f2-Paper.pdf}},
 publisher = {Curran Associates, Inc.},
 series = {Conference Track Proceedings},
 title = {Improving on Expectation Propagation},
 volume = {21},
 year = {2008}
}

@inproceedings{owen2008estimating,
 address = {Vancouver, British Columbia, Canada},
 author = {Owen, Julia and Attias, Hagai and Sekihara, Kensuke and Nagarajan, Srikantan and Wipf, David},
 booktitle = {Advances in Neural Information Processing Systems 21 (NIPS)},
 editor = {D. Koller and D. Schuurmans and Y. Bengio and L. Bottou},
 month = {December},
 note = {\url{https://proceedings.neurips.cc/paper_files/paper/2008/file/19b650660b253761af189682e03501dd-Paper.pdf}},
 publisher = {Curran Associates, Inc.},
 series = {Conference Track Proceedings},
 title = {Estimating the Location and Orientation of Complex, Correlated Neural Activity using MEG},
 volume = {21},
 year = {2008}
}

@inproceedings{pellet2008finding,
 address = {Vancouver, British Columbia, Canada},
 author = {Pellet, Jean-Philippe and Elisseeff, André},
 booktitle = {Advances in Neural Information Processing Systems 21 (NIPS)},
 editor = {Koller, Daphne and Schuurmans, Dale and Bengio, Yoshua and Bottou, Léon},
 month = {December},
 note = {\url{https://proceedings.neurips.cc/paper_files/paper/2008/file/e2230b853516e7b05d79744fbd4c9c13-Paper.pdf}},
 publisher = {Curran Associates, Inc.},
 series = {Conference Track Proceedings},
 title = {Finding Latent Causes in Causal Networks: an Efficient Approach Based on Markov Blankets},
 volume = {21},
 year = {2008}
}

@inproceedings{perezcruz2008estimation,
 address = {Vancouver, British Columbia, Canada},
 author = {Pérez-Cruz, Fernando},
 booktitle = {Advances in Neural Information Processing Systems 21 (NIPS)},
 editor = {Koller, Daphne and Schuurmans, Dale and Bengio, Yoshua and Bottou, Léon},
 month = {December},
 note = {\url{https://proceedings.neurips.cc/paper_files/paper/2008/file/ccb0989662211f61edae2e26d58ea92f-Paper.pdf}},
 publisher = {Curran Associates, Inc.},
 series = {Conference Track Proceedings},
 title = {Estimation of Information Theoretic Measures for Continuous Random Variables},
 volume = {21},
 year = {2008}
}

@inproceedings{petrik2008biasing,
 address = {Vancouver, British Columbia, Canada},
 author = {Petrik, Marek and Scherrer, Bruno},
 booktitle = {Advances in Neural Information Processing Systems 21 (NIPS)},
 editor = {D. Koller and D. Schuurmans and Y. Bengio and L. Bottou},
 month = {December},
 note = {\url{https://proceedings.neurips.cc/paper_files/paper/2008/file/08c5433a60135c32e34f46a71175850c-Paper.pdf}},
 publisher = {Curran Associates, Inc.},
 series = {Conference Track Proceedings},
 title = {Biasing Approximate Dynamic Programming with a Lower Discount Factor},
 volume = {21},
 year = {2008}
}

@inproceedings{phillips2008generative,
 address = {Vancouver, British Columbia, Canada},
 author = {Phillips, Steven and Dudík, Miroslav},
 booktitle = {Advances in Neural Information Processing Systems 21 (NIPS)},
 editor = {D. Koller and D. Schuurmans and Y. Bengio and L. Bottou},
 month = {December},
 note = {\url{https://proceedings.neurips.cc/paper_files/paper/2008/file/9cf81d8026a9018052c429cc4e56739b-Paper.pdf}},
 publisher = {Curran Associates, Inc.},
 series = {Conference Track Proceedings},
 title = {Generative and Discriminative Learning with Unknown Labeling Bias},
 volume = {21},
 year = {2008}
}

@inproceedings{ponzi2008cell,
 address = {Vancouver, British Columbia, Canada},
 author = {Ponzi, Adam and Wickens, Jeff},
 booktitle = {Advances in Neural Information Processing Systems 21 (NIPS)},
 month = {December},
 note = {\url{https://proceedings.neurips.cc/paper_files/paper/2008/file/70c639df5e30bdee440e4cdf599fec2b-Paper.pdf}},
 publisher = {Curran Associates, Inc.},
 series = {Conference Track Proceedings},
 title = {Cell Assemblies in Large Sparse Inhibitory Networks of Biologically Realistic Spiking Neurons},
 volume = {21},
 year = {2008}
}

@inproceedings{qin2008global,
 address = {Vancouver, British Columbia, Canada},
 author = {Qin, Tao and Liu, Tie-Yan and Zhang, Xu-Dong and Wang, De-Sheng and Li, Hang},
 booktitle = {Advances in Neural Information Processing Systems 21 (NIPS)},
 editor = {Koller, Daphne and Schuurmans, Dale and Bengio, Yoshua and Bottou, Léon},
 month = {December},
 note = {\url{https://proceedings.neurips.cc/paper_files/paper/2008/file/ebd9629fc3ae5e9f6611e2ee05a31cef-Paper.pdf}},
 publisher = {Curran Associates, Inc.},
 series = {Conference Track Proceedings},
 title = {Global Ranking Using Continuous Conditional Random Fields},
 volume = {21},
 year = {2008}
}

@inproceedings{quadrianto2008kernelized,
 address = {Vancouver, British Columbia, Canada},
 author = {Quadrianto, Novi and Song, Le and Smola, Alex},
 booktitle = {Advances in Neural Information Processing Systems 21 (NIPS)},
 editor = {D. Koller and D. Schuurmans and Y. Bengio and L. Bottou},
 month = {December},
 note = {\url{https://proceedings.neurips.cc/paper_files/paper/2008/file/94c7bb58efc3b337800875b5d382a072-Paper.pdf}},
 publisher = {Curran Associates, Inc.},
 series = {Conference Track Proceedings},
 title = {Kernelized Sorting},
 volume = {21},
 year = {2008}
}

@inproceedings{quon2008mixture,
 address = {Vancouver, British Columbia, Canada},
 author = {Quon, Gerald and Teh, Yee and Chan, Esther and Hughes, Timothy and Brudno, Michael and Morris, Quaid},
 booktitle = {Advances in Neural Information Processing Systems 21 (NIPS)},
 editor = {D. Koller and D. Schuurmans and Y. Bengio and L. Bottou},
 month = {December},
 note = {\url{https://proceedings.neurips.cc/paper_files/paper/2008/file/38913e1d6a7b94cb0f55994f679f5956-Paper.pdf}},
 publisher = {Curran Associates, Inc.},
 series = {Conference Track Proceedings},
 title = {A Mixture Model for the Evolution of Gene Expression in Non-Homogeneous Datasets},
 volume = {21},
 year = {2008}
}

@inproceedings{raginsky2008nearminimax,
 address = {Vancouver, British Columbia, Canada},
 author = {Raginsky, Maxim and Lazebnik, Svetlana and Willett, Rebecca and Silva, Jorge},
 booktitle = {Advances in Neural Information Processing Systems 21 (NIPS)},
 editor = {D. Koller and D. Schuurmans and Y. Bengio and L. Bottou},
 month = {December},
 note = {\url{https://proceedings.neurips.cc/paper_files/paper/2008/file/00411460f7c92d2124a67ea0f4cb5f85-Paper.pdf}},
 publisher = {Curran Associates, Inc.},
 series = {Conference Track Proceedings},
 title = {Near-minimax recursive density estimation on the binary hypercube},
 volume = {21},
 year = {2008}
}

@inproceedings{rahimi2008weightedsums,
 address = {Vancouver, British Columbia, Canada},
 author = {Rahimi, Ali and Recht, Benjamin},
 booktitle = {Advances in Neural Information Processing Systems 21 (NIPS)},
 editor = {D. Koller and D. Schuurmans and Y. Bengio and L. Bottou},
 month = {December},
 note = {\url{https://proceedings.neurips.cc/paper_files/paper/2008/file/0efe32849d230d7f53049ddc4a4b0c60-Paper.pdf}},
 publisher = {Curran Associates, Inc.},
 series = {Conference Track Proceedings},
 title = {Weighted Sums of Random Kitchen Sinks: Replacing minimization with randomization in learning},
 volume = {21},
 year = {2008}
}

@inproceedings{rai2008infinite,
 address = {Vancouver, British Columbia, Canada},
 author = {Rai, Piyush and Daume, Hal},
 booktitle = {Advances in Neural Information Processing Systems 21 (NIPS)},
 editor = {D. Koller and D. Schuurmans and Y. Bengio and L. Bottou},
 month = {December},
 note = {\url{https://proceedings.neurips.cc/paper_files/paper/2008/file/2bf283c05b601f21364d052ca0ec798d-Paper.pdf}},
 publisher = {Curran Associates, Inc.},
 series = {Conference Track Proceedings},
 title = {The Infinite Hierarchical Factor Regression Model},
 volume = {21},
 year = {2008}
}

@inproceedings{rangan2008resolution,
 address = {Vancouver, British Columbia, Canada},
 author = {Rangan, Sundeep and Goyal, Vivek and Fletcher, Alyson K},
 booktitle = {Advances in Neural Information Processing Systems 21 (NIPS)},
 month = {December},
 note = {\url{https://proceedings.neurips.cc/paper_files/paper/2008/file/7f975a56c761db6506eca0b37ce6ec87-Paper.pdf}},
 publisher = {Curran Associates, Inc.},
 series = {Conference Track Proceedings},
 title = {Resolution Limits of Sparse Coding in High Dimensions},
 volume = {21},
 year = {2008}
}

@inproceedings{raskutti2008model,
 address = {Vancouver, British Columbia, Canada},
 author = {Raskutti, Garvesh and Yu, Bin and Wainwright, Martin J and Ravikumar, Pradeep},
 booktitle = {Advances in Neural Information Processing Systems 21 (NIPS)},
 editor = {D. Koller and D. Schuurmans and Y. Bengio and L. Bottou},
 month = {December},
 note = {\url{https://proceedings.neurips.cc/paper_files/paper/2008/file/61f2585b0ebcf1f532c4d1ec9a7d51aa-Paper.pdf}},
 publisher = {Curran Associates, Inc.},
 series = {Conference Track Proceedings},
 title = {Model Selection in Gaussian Graphical Models: High-Dimensional Consistency of ℓ_1-Regularized MLE},
 volume = {21},
 year = {2008}
}

@inproceedings{ray2008bayesian,
 address = {Vancouver, British Columbia, Canada},
 author = {Ray, Debajyoti and King-Casas, Brooks and Montague, P. and Dayan, Peter},
 booktitle = {Advances in Neural Information Processing Systems 21 (NIPS)},
 editor = {D. Koller and D. Schuurmans and Y. Bengio and L. Bottou},
 month = {December},
 note = {\url{https://proceedings.neurips.cc/paper_files/paper/2008/file/92cc227532d17e56e07902b254dfad10-Paper.pdf}},
 publisher = {Curran Associates, Inc.},
 series = {Conference Track Proceedings},
 title = {Bayesian Model of Behaviour in Economic Games},
 volume = {21},
 year = {2008}
}

@inproceedings{reynolds2008temporal,
 address = {Vancouver, British Columbia, Canada},
 author = {Reynolds, Jeremy and Mozer, Michael C.},
 booktitle = {Advances in Neural Information Processing Systems 21 (NIPS)},
 editor = {Koller, Daphne and Schuurmans, Dale and Bengio, Yoshua and Bottou, Léon},
 month = {December},
 note = {\url{https://proceedings.neurips.cc/paper_files/paper/2008/file/c52f1bd66cc19d05628bd8bf27af3ad6-Paper.pdf}},
 publisher = {Curran Associates, Inc.},
 series = {Conference Track Proceedings},
 title = {Temporal Dynamics of Cognitive Control},
 volume = {21},
 year = {2008}
}

@inproceedings{roberts2008signal,
 address = {Vancouver, British Columbia, Canada},
 author = {Roberts, John and Tedrake, Russ},
 booktitle = {Advances in Neural Information Processing Systems 21 (NIPS)},
 editor = {D. Koller and D. Schuurmans and Y. Bengio and L. Bottou},
 month = {December},
 note = {\url{https://proceedings.neurips.cc/paper_files/paper/2008/file/8df707a948fac1b4a0f97aa554886ec8-Paper.pdf}},
 publisher = {Curran Associates, Inc.},
 series = {Conference Track Proceedings},
 title = {Signal-to-Noise Ratio Analysis of Policy Gradient Algorithms},
 volume = {21},
 year = {2008}
}

@inproceedings{robinson2008non,
 address = {Vancouver, British Columbia, Canada},
 author = {Robinson, Joshua and Hartemink, Alexander},
 booktitle = {Advances in Neural Information Processing Systems 21 (NIPS)},
 editor = {Koller, Daphne and Schuurmans, Dale and Bengio, Yoshua and Bottou, Léon},
 month = {December},
 note = {\url{https://proceedings.neurips.cc/paper_files/paper/2008/file/f5f8590cd58a54e94377e6ae2eded4d9-Paper.pdf}},
 publisher = {Curran Associates, Inc.},
 series = {Conference Track Proceedings},
 title = {Non-stationary dynamic Bayesian networks},
 volume = {21},
 year = {2008}
}

@inproceedings{roux2008adaptive,
 address = {Vancouver, British Columbia, Canada},
 author = {Roux, Jonathan and Cheveigné, Alain and Parra, Lucas},
 booktitle = {Advances in Neural Information Processing Systems 21 (NIPS)},
 editor = {Koller, Daphne and Schuurmans, Dale and Bengio, Yoshua and Bottou, Léon},
 month = {December},
 note = {\url{https://proceedings.neurips.cc/paper_files/paper/2008/file/edfbe1afcf9246bb0d40eb4d8027d90f-Paper.pdf}},
 publisher = {Curran Associates, Inc.},
 series = {Conference Track Proceedings},
 title = {Adaptive Template Matching with Shift-Invariant Semi-NMF},
 volume = {21},
 year = {2008}
}

@inproceedings{roy2008mondrian,
 address = {Vancouver, British Columbia, Canada},
 author = {Roy, Daniel M and Teh, Yee},
 booktitle = {Advances in Neural Information Processing Systems 21 (NIPS)},
 editor = {Koller, Daphne and Schuurmans, Dale and Bengio, Yoshua and Bottou, Léon},
 month = {December},
 note = {\url{https://proceedings.neurips.cc/paper_files/paper/2008/file/fe8c15fed5f808006ce95eddb7366e35-Paper.pdf}},
 publisher = {Curran Associates, Inc.},
 series = {Conference Track Proceedings},
 title = {The Mondrian Process},
 volume = {21},
 year = {2008}
}

@inproceedings{ruvolo2008optimization,
 address = {Vancouver, British Columbia, Canada},
 author = {Ruvolo, Paul and Fasel, Ian and Movellan, Javier},
 booktitle = {Advances in Neural Information Processing Systems 21 (NIPS)},
 editor = {D. Koller and D. Schuurmans and Y. Bengio and L. Bottou},
 month = {December},
 note = {\url{https://proceedings.neurips.cc/paper_files/paper/2008/file/9a96876e2f8f3dc4f3cf45f02c61c0c1-Paper.pdf}},
 publisher = {Curran Associates, Inc.},
 series = {Conference Track Proceedings},
 title = {Optimization on a Budget: A Reinforcement Learning Approach},
 volume = {21},
 year = {2008}
}

@inproceedings{saenko2008unsupervised,
 address = {Vancouver, British Columbia, Canada},
 author = {Saenko, Kate and Darrell, Trevor},
 booktitle = {Advances in Neural Information Processing Systems 21 (NIPS)},
 editor = {Koller, Daphne and Schuurmans, Dale and Bengio, Yoshua and Bottou, Léon},
 month = {December},
 note = {\url{https://proceedings.neurips.cc/paper_files/paper/2008/file/e70611883d2760c8bbafb4acb29e3446-Paper.pdf}},
 publisher = {Curran Associates, Inc.},
 series = {Conference Track Proceedings},
 title = {Unsupervised Learning of Visual Sense Models for Polysemous Words},
 volume = {21},
 year = {2008}
}

@inproceedings{sandi2008stress,
 address = {Vancouver, British Columbia, Canada},
 author = {Sandi, Carmen and Gerstner, Wulfram and Lukšys, Gediminas},
 booktitle = {Advances in Neural Information Processing Systems 21 (NIPS)},
 editor = {D. Koller and D. Schuurmans and Y. Bengio and L. Bottou},
 month = {December},
 note = {\url{https://proceedings.neurips.cc/paper_files/paper/2008/file/62e7f2e090fe150ef8deb4466fdc81b3-Paper.pdf}},
 publisher = {Curran Associates, Inc.},
 series = {Conference Track Proceedings},
 title = {Stress, Noradrenaline, and Realistic Prediction of Mouse Behaviour Using Reinforcement Learning},
 volume = {21},
 year = {2008}
}

@inproceedings{sandler2008regularized,
 address = {Vancouver, British Columbia, Canada},
 author = {Sandler, Ted and Blitzer, John and Talukdar, Partha and Ungar, Lyle},
 booktitle = {Advances in Neural Information Processing Systems 21 (NIPS)},
 editor = {D. Koller and D. Schuurmans and Y. Bengio and L. Bottou},
 month = {December},
 note = {\url{https://proceedings.neurips.cc/paper_files/paper/2008/file/0f840be9b8db4d3fbd5ba2ce59211f55-Paper.pdf}},
 publisher = {Curran Associates, Inc.},
 series = {Conference Track Proceedings},
 title = {Regularized Learning with Networks of Features},
 volume = {21},
 year = {2008}
}

@inproceedings{schmah2008generative,
 address = {Vancouver, British Columbia, Canada},
 author = {Schmah, Tanya and Hinton, Geoffrey E and Small, Steven and Strother, Stephen and Zemel, Richard},
 booktitle = {Advances in Neural Information Processing Systems 21 (NIPS)},
 editor = {D. Koller and D. Schuurmans and Y. Bengio and L. Bottou},
 month = {December},
 note = {\url{https://proceedings.neurips.cc/paper_files/paper/2008/file/3e77a14629775492504515dc4b23deda-Paper.pdf}},
 publisher = {Curran Associates, Inc.},
 series = {Conference Track Proceedings},
 title = {Generative versus Discriminative Training of RBMs for Classification of fMRI Images},
 volume = {21},
 year = {2008}
}

@inproceedings{schraudolph2008efficient,
 address = {Vancouver, British Columbia, Canada},
 author = {Schraudolph, Nicol and Kamenetsky, Dmitry},
 booktitle = {Advances in Neural Information Processing Systems 21 (NIPS)},
 month = {December},
 note = {\url{https://proceedings.neurips.cc/paper_files/paper/2008/file/816b112c6105b3ebd537828a39af4818-Paper.pdf}},
 publisher = {Curran Associates, Inc.},
 series = {Conference Track Proceedings},
 title = {Efficient Exact Inference in Planar Ising Models},
 volume = {21},
 year = {2008}
}

@inproceedings{schrauwen2008on,
 address = {Vancouver, British Columbia, Canada},
 author = {Schrauwen, Benjamin and Buesing, Lars and Legenstein, Robert},
 booktitle = {Advances in Neural Information Processing Systems 21 (NIPS)},
 editor = {D. Koller and D. Schuurmans and Y. Bengio and L. Bottou},
 month = {December},
 note = {\url{https://proceedings.neurips.cc/paper_files/paper/2008/file/b99d193b66a6542917d2b7bee52c2574-Paper.pdf}},
 publisher = {Curran Associates, Inc.},
 series = {Conference Track Proceedings},
 title = {On Computational Power and the Order-Chaos Phase Transition in Reservoir Computing},
 volume = {21},
 year = {2008}
}

@inproceedings{schweikert2008empirical,
 address = {Vancouver, British Columbia, Canada},
 author = {Schweikert, Gabriele and Rätsch, Gunnar and Widmer, Christian and Schölkopf, Bernhard},
 booktitle = {Advances in Neural Information Processing Systems 21 (NIPS)},
 editor = {D. Koller and D. Schuurmans and Y. Bengio and L. Bottou},
 month = {December},
 note = {\url{https://proceedings.neurips.cc/paper_files/paper/2008/file/087408522c31eeb1f982bc0eaf81d35f-Paper.pdf}},
 publisher = {Curran Associates, Inc.},
 series = {Conference Track Proceedings},
 title = {An Empirical Analysis of Domain Adaptation Algorithms for Genomic Sequence Analysis},
 volume = {21},
 year = {2008}
}

@inproceedings{shah2008risk,
 address = {Vancouver, British Columbia, Canada},
 author = {Shah, Mohak},
 booktitle = {Advances in Neural Information Processing Systems 21 (NIPS)},
 editor = {Koller, Daphne and Schuurmans, Dale and Bengio, Yoshua and Bottou, Léon},
 month = {December},
 note = {\url{https://proceedings.neurips.cc/paper_files/paper/2008/file/f1c1592588411002af340cbaedd6fc33-Paper.pdf}},
 publisher = {Curran Associates, Inc.},
 series = {Conference Track Proceedings},
 title = {Risk Bounds for Randomized Sample Compressed Classifiers},
 volume = {21},
 year = {2008}
}

@inproceedings{shalevshwartz2008mind,
 address = {Vancouver, British Columbia, Canada},
 author = {Shalev-Shwartz, Shai and Kakade, Sham M},
 booktitle = {Advances in Neural Information Processing Systems 21 (NIPS)},
 editor = {D. Koller and D. Schuurmans and Y. Bengio and L. Bottou},
 month = {December},
 note = {\url{https://proceedings.neurips.cc/paper_files/paper/2008/file/bd686fd640be98efaae0091fa301e613-Paper.pdf}},
 publisher = {Curran Associates, Inc.},
 series = {Conference Track Proceedings},
 title = {Mind the Duality Gap: Logarithmic Regret Algorithms for Online Optimization},
 volume = {21},
 year = {2008}
}

@inproceedings{shamir2008on,
 address = {Vancouver, British Columbia, Canada},
 author = {Shamir, Ohad and Tishby, Naftali},
 booktitle = {Advances in Neural Information Processing Systems 21 (NIPS)},
 editor = {Koller, Daphne and Schuurmans, Dale and Bengio, Yoshua and Bottou, Léon},
 month = {December},
 note = {\url{https://proceedings.neurips.cc/paper_files/paper/2008/file/cee631121c2ec9232f3a2f028ad5c89b-Paper.pdf}},
 publisher = {Curran Associates, Inc.},
 series = {Conference Track Proceedings},
 title = {On the Reliability of Clustering Stability in the Large Sample Regime},
 volume = {21},
 year = {2008}
}

@inproceedings{shen2008psdboost,
 address = {Vancouver, British Columbia, Canada},
 author = {Shen, Chunhua and Welsh, Alan and Wang, Lei},
 booktitle = {Advances in Neural Information Processing Systems 21 (NIPS)},
 editor = {D. Koller and D. Schuurmans and Y. Bengio and L. Bottou},
 month = {December},
 note = {\url{https://proceedings.neurips.cc/paper_files/paper/2008/file/605ff764c617d3cd28dbbdd72be8f9a2-Paper.pdf}},
 publisher = {Curran Associates, Inc.},
 series = {Conference Track Proceedings},
 title = {PSDBoost: Matrix-Generation Linear Programming for Positive Semidefinite Matrices Learning},
 volume = {21},
 year = {2008}
}

@inproceedings{shpigelman2008kernel,
 address = {Vancouver, British Columbia, Canada},
 author = {Shpigelman, Lavi and Lalazar, Hagai and Vaadia, Eilon},
 booktitle = {Advances in Neural Information Processing Systems 21 (NIPS)},
 editor = {D. Koller and D. Schuurmans and Y. Bengio and L. Bottou},
 month = {December},
 note = {\url{https://proceedings.neurips.cc/paper_files/paper/2008/file/61b4a64be663682e8cb037d9719ad8cd-Paper.pdf}},
 publisher = {Curran Associates, Inc.},
 series = {Conference Track Proceedings},
 title = {Kernel-ARMA for Hand Tracking and Brain-Machine Interfacing During 3D Motor Control},
 volume = {21},
 year = {2008}
}

@inproceedings{simsek2008skill,
 address = {Vancouver, British Columbia, Canada},
 author = {Simsek, Özgür and Barto, Andrew},
 booktitle = {Advances in Neural Information Processing Systems 21 (NIPS)},
 editor = {D. Koller and D. Schuurmans and Y. Bengio and L. Bottou},
 month = {December},
 note = {\url{https://proceedings.neurips.cc/paper_files/paper/2008/file/934815ad542a4a7c5e8a2dfa04fea9f5-Paper.pdf}},
 publisher = {Curran Associates, Inc.},
 series = {Conference Track Proceedings},
 title = {Skill Characterization Based on Betweenness},
 volume = {21},
 year = {2008}
}

@inproceedings{sindhwani2008regularized,
 address = {Vancouver, British Columbia, Canada},
 author = {Sindhwani, Vikas and Hu, Jianying and Mojsilovic, Aleksandra},
 booktitle = {Advances in Neural Information Processing Systems 21 (NIPS)},
 month = {December},
 note = {\url{https://proceedings.neurips.cc/paper_files/paper/2008/file/6aab1270668d8cac7cef2566a1c5f569-Paper.pdf}},
 publisher = {Curran Associates, Inc.},
 series = {Conference Track Proceedings},
 title = {Regularized Co-Clustering with Dual Supervision},
 volume = {21},
 year = {2008}
}

@inproceedings{singh2008unlabeleddata,
 address = {Vancouver, British Columbia, Canada},
 author = {Singh, Aarti and Nowak, Robert and Zhu, Jerry},
 booktitle = {Advances in Neural Information Processing Systems 21 (NIPS)},
 editor = {D. Koller and D. Schuurmans and Y. Bengio and L. Bottou},
 month = {December},
 note = {\url{https://proceedings.neurips.cc/paper_files/paper/2008/file/07871915a8107172b3b5dc15a6574ad3-Paper.pdf}},
 publisher = {Curran Associates, Inc.},
 series = {Conference Track Proceedings},
 title = {Unlabeled data: Now it helps, now it doesn't},
 volume = {21},
 year = {2008}
}

@inproceedings{sinz2008conjoint,
 address = {Vancouver, British Columbia, Canada},
 author = {Sinz, Fabian and Bethge, Matthias},
 booktitle = {Advances in Neural Information Processing Systems 21 (NIPS)},
 month = {December},
 note = {\url{https://proceedings.neurips.cc/paper_files/paper/2008/file/6a10bbd480e4c5573d8f3af73ae0454b-Paper.pdf}},
 publisher = {Curran Associates, Inc.},
 series = {Conference Track Proceedings},
 title = {The Conjoint Effect of Divisive Normalization and Orientation Selectivity on Redundancy Reduction},
 volume = {21},
 year = {2008}
}

@inproceedings{smith2008convergence,
 address = {Vancouver, British Columbia, Canada},
 author = {Smith, Andrew and Zha, Hongyuan and Wu, Xiao-ming},
 booktitle = {Advances in Neural Information Processing Systems 21 (NIPS)},
 month = {December},
 note = {\url{https://proceedings.neurips.cc/paper_files/paper/2008/file/735143e9ff8c47def504f1ba0442df98-Paper.pdf}},
 publisher = {Curran Associates, Inc.},
 series = {Conference Track Proceedings},
 title = {Convergence and Rate of Convergence of a Manifold-Based Dimension Reduction Algorithm},
 volume = {21},
 year = {2008}
}

@inproceedings{smola2008robust,
 address = {Vancouver, British Columbia, Canada},
 author = {Smola, Alex and Mcauley, Julian and Caetano, Tibério},
 booktitle = {Advances in Neural Information Processing Systems 21 (NIPS)},
 month = {December},
 note = {\url{https://proceedings.neurips.cc/paper_files/paper/2008/file/66f041e16a60928b05a7e228a89c3799-Paper.pdf}},
 publisher = {Curran Associates, Inc.},
 series = {Conference Track Proceedings},
 title = {Robust Near-Isometric Matching via Structured Learning of Graphical Models},
 volume = {21},
 year = {2008}
}

@inproceedings{smyth2008asynchronous,
 address = {Vancouver, British Columbia, Canada},
 author = {Smyth, Padhraic and Welling, Max and Asuncion, Arthur},
 booktitle = {Advances in Neural Information Processing Systems 21 (NIPS)},
 editor = {D. Koller and D. Schuurmans and Y. Bengio and L. Bottou},
 month = {December},
 note = {\url{https://proceedings.neurips.cc/paper_files/paper/2008/file/06997f04a7db92466a2baa6ebc8b872d-Paper.pdf}},
 publisher = {Curran Associates, Inc.},
 series = {Conference Track Proceedings},
 title = {Asynchronous Distributed Learning of Topic Models},
 volume = {21},
 year = {2008}
}

@inproceedings{sontag2008clusters,
 address = {Vancouver, British Columbia, Canada},
 author = {Sontag, David and Globerson, Amir and Jaakkola, Tommi},
 booktitle = {Advances in Neural Information Processing Systems 21 (NIPS)},
 editor = {D. Koller and D. Schuurmans and Y. Bengio and L. Bottou},
 month = {December},
 note = {\url{https://proceedings.neurips.cc/paper_files/paper/2008/file/a1140a3d0df1c81e24ae954d935e8926-Paper.pdf}},
 publisher = {Curran Associates, Inc.},
 series = {Conference Track Proceedings},
 title = {Clusters and Coarse Partitions in LP Relaxations},
 volume = {21},
 year = {2008}
}

@inproceedings{sridharan2008fast,
 address = {Vancouver, British Columbia, Canada},
 author = {Sridharan, Karthik and Shalev-Shwartz, Shai and Srebro, Nathan},
 booktitle = {Advances in Neural Information Processing Systems 21 (NIPS)},
 editor = {D. Koller and D. Schuurmans and Y. Bengio and L. Bottou},
 month = {December},
 note = {\url{https://proceedings.neurips.cc/paper_files/paper/2008/file/abd815286ba1007abfbb8415b83ae2cf-Paper.pdf}},
 publisher = {Curran Associates, Inc.},
 series = {Conference Track Proceedings},
 title = {Fast Rates for Regularized Objectives},
 volume = {21},
 year = {2008}
}

@inproceedings{srinivasan2008grouping,
 address = {Vancouver, British Columbia, Canada},
 author = {Srinivasan, Praveen and Wang, Liming and Shi, Jianbo},
 booktitle = {Advances in Neural Information Processing Systems 21 (NIPS)},
 editor = {D. Koller and D. Schuurmans and Y. Bengio and L. Bottou},
 month = {December},
 note = {\url{https://proceedings.neurips.cc/paper_files/paper/2008/file/013a006f03dbc5392effeb8f18fda755-Paper.pdf}},
 publisher = {Curran Associates, Inc.},
 series = {Conference Track Proceedings},
 title = {Grouping Contours Via a Related Image},
 volume = {21},
 year = {2008}
}

@inproceedings{steinke2008non,
 address = {Vancouver, British Columbia, Canada},
 author = {Steinke, Florian and Hein, Matthias},
 booktitle = {Advances in Neural Information Processing Systems 21 (NIPS)},
 editor = {Koller, Daphne and Schuurmans, Dale and Bengio, Yoshua and Bottou, Léon},
 month = {December},
 note = {\url{https://proceedings.neurips.cc/paper_files/paper/2008/file/e555ebe0ce426f7f9b2bef0706315e0c-Paper.pdf}},
 publisher = {Curran Associates, Inc.},
 series = {Conference Track Proceedings},
 title = {Non-parametric Regression Between Manifolds},
 volume = {21},
 year = {2008}
}

@inproceedings{steinwart2008sparsity,
 address = {Vancouver, British Columbia, Canada},
 author = {Steinwart, Ingo and Christmann, Andreas},
 booktitle = {Advances in Neural Information Processing Systems 21 (NIPS)},
 editor = {Koller, Daphne and Schuurmans, Dale and Bengio, Yoshua and Bottou, Léon},
 month = {December},
 note = {\url{https://proceedings.neurips.cc/paper_files/paper/2008/file/d947bf06a885db0d477d707121934ff8-Paper.pdf}},
 publisher = {Curran Associates, Inc.},
 series = {Conference Track Proceedings},
 title = {Sparsity of SVMs that use the epsilon-insensitive loss},
 volume = {21},
 year = {2008}
}

@inproceedings{streeter2008online,
 address = {Vancouver, British Columbia, Canada},
 author = {Streeter, Matthew and Golovin, Daniel},
 booktitle = {Advances in Neural Information Processing Systems 21 (NIPS)},
 editor = {D. Koller and D. Schuurmans and Y. Bengio and L. Bottou},
 month = {December},
 note = {\url{https://proceedings.neurips.cc/paper_files/paper/2008/file/5751ec3e9a4feab575962e78e006250d-Paper.pdf}},
 publisher = {Curran Associates, Inc.},
 series = {Conference Track Proceedings},
 title = {An Online Algorithm for Maximizing Submodular Functions},
 volume = {21},
 year = {2008}
}

@inproceedings{sudderth2008shared,
 address = {Vancouver, British Columbia, Canada},
 author = {Sudderth, Erik and Jordan, Michael},
 booktitle = {Advances in Neural Information Processing Systems 21 (NIPS)},
 month = {December},
 note = {\url{https://proceedings.neurips.cc/paper_files/paper/2008/file/883e881bb4d22a7add958f2d6b052c9f-Paper.pdf}},
 publisher = {Curran Associates, Inc.},
 series = {Conference Track Proceedings},
 title = {Shared Segmentation of Natural Scenes Using Dependent Pitman-Yor Processes},
 volume = {21},
 year = {2008}
}

@inproceedings{sutskever2008recurrent,
 address = {Vancouver, British Columbia, Canada},
 author = {Sutskever, Ilya and Hinton, Geoffrey E and Taylor, Graham W},
 booktitle = {Advances in Neural Information Processing Systems 21 (NIPS)},
 editor = {D. Koller and D. Schuurmans and Y. Bengio and L. Bottou},
 month = {December},
 note = {\url{https://proceedings.neurips.cc/paper_files/paper/2008/file/9ad6aaed513b73148b7d49f70afcfb32-Paper.pdf}},
 publisher = {Curran Associates, Inc.},
 series = {Conference Track Proceedings},
 title = {The Recurrent Temporal Restricted Boltzmann Machine},
 volume = {21},
 year = {2008}
}

@inproceedings{sutskever2008using,
 address = {Vancouver, British Columbia, Canada},
 author = {Sutskever, Ilya and Hinton, Geoffrey E.},
 booktitle = {Advances in Neural Information Processing Systems 21 (NIPS)},
 editor = {Koller, Daphne and Schuurmans, Dale and Bengio, Yoshua and Bottou, Léon},
 month = {December},
 note = {\url{https://proceedings.neurips.cc/paper_files/paper/2008/file/cfa0860e83a4c3a763a7e62d825349f7-Paper.pdf}},
 publisher = {Curran Associates, Inc.},
 series = {Conference Track Proceedings},
 title = {Using matrices to model symbolic relationship},
 volume = {21},
 year = {2008}
}

@inproceedings{sutton2008convergent,
 address = {Vancouver, British Columbia, Canada},
 author = {Sutton, Richard S. and Maei, Hamid and Szepesvári, Csaba},
 booktitle = {Advances in Neural Information Processing Systems 21 (NIPS)},
 editor = {Koller, Daphne and Schuurmans, Dale and Bengio, Yoshua and Bottou, Léon},
 month = {December},
 note = {\url{https://proceedings.neurips.cc/paper_files/paper/2008/file/e0c641195b27425bb056ac56f8953d24-Paper.pdf}},
 publisher = {Curran Associates, Inc.},
 series = {Conference Track Proceedings},
 title = {A Convergent O(n) Temporal-difference Algorithm for Off-policy Learning with Linear Function Approximation},
 volume = {21},
 year = {2008}
}

@inproceedings{talvitie2008simple,
 address = {Vancouver, British Columbia, Canada},
 author = {Talvitie, Erik and Singh, Satinder},
 booktitle = {Advances in Neural Information Processing Systems 21 (NIPS)},
 editor = {Koller, Daphne and Schuurmans, Dale and Bengio, Yoshua and Bottou, Léon},
 month = {December},
 note = {\url{https://proceedings.neurips.cc/paper_files/paper/2008/file/f76a89f0cb91bc419542ce9fa43902dc-Paper.pdf}},
 publisher = {Curran Associates, Inc.},
 series = {Conference Track Proceedings},
 title = {Simple Local Models for Complex Dynamical Systems},
 volume = {21},
 year = {2008}
}

@inproceedings{tam2008breaking,
 address = {Vancouver, British Columbia, Canada},
 author = {Tam, Jennifer and Simsa, Jiri and Hyde, Sean and Ahn, Luis},
 booktitle = {Advances in Neural Information Processing Systems 21 (NIPS)},
 editor = {D. Koller and D. Schuurmans and Y. Bengio and L. Bottou},
 month = {December},
 note = {\url{https://proceedings.neurips.cc/paper_files/paper/2008/file/12092a75caa75e4644fd2869f0b6c45a-Paper.pdf}},
 publisher = {Curran Associates, Inc.},
 series = {Conference Track Proceedings},
 title = {Breaking Audio CAPTCHAs},
 volume = {21},
 year = {2008}
}

@inproceedings{tam2008correlated,
 address = {Vancouver, British Columbia, Canada},
 author = {Tam, Yik-cheung and Schultz, Tanja},
 booktitle = {Advances in Neural Information Processing Systems 21 (NIPS)},
 editor = {D. Koller and D. Schuurmans and Y. Bengio and L. Bottou},
 month = {December},
 note = {\url{https://proceedings.neurips.cc/paper_files/paper/2008/file/26e359e83860db1d11b6acca57d8ea88-Paper.pdf}},
 publisher = {Curran Associates, Inc.},
 series = {Conference Track Proceedings},
 title = {Correlated Bigram LSA for Unsupervised Language Model Adaptation},
 volume = {21},
 year = {2008}
}

@inproceedings{taylor2008bounding,
 address = {Vancouver, British Columbia, Canada},
 author = {Taylor, Jonathan and Precup, Doina and Panagaden, Prakash},
 booktitle = {Advances in Neural Information Processing Systems 21 (NIPS)},
 month = {December},
 note = {\url{https://proceedings.neurips.cc/paper_files/paper/2008/file/6602294be910b1e3c4571bd98c4d5484-Paper.pdf}},
 publisher = {Curran Associates, Inc.},
 series = {Conference Track Proceedings},
 title = {Bounding Performance Loss in Approximate MDP Homomorphisms},
 volume = {21},
 year = {2008}
}

@inproceedings{ting2008bayesian,
 address = {Vancouver, British Columbia, Canada},
 author = {Ting, Jo-anne and Kalakrishnan, Mrinal and Vijayakumar, Sethu and Schaal, Stefan},
 booktitle = {Advances in Neural Information Processing Systems 21 (NIPS)},
 editor = {D. Koller and D. Schuurmans and Y. Bengio and L. Bottou},
 month = {December},
 note = {\url{https://proceedings.neurips.cc/paper_files/paper/2008/file/8f85517967795eeef66c225f7883bdcb-Paper.pdf}},
 publisher = {Curran Associates, Inc.},
 series = {Conference Track Proceedings},
 title = {Bayesian Kernel Shaping for Learning Control},
 volume = {21},
 year = {2008}
}

@inproceedings{todd2008learning,
 address = {Vancouver, British Columbia, Canada},
 author = {Todd, Michael and Niv, Yael and Cohen, Jonathan D},
 booktitle = {Advances in Neural Information Processing Systems 21 (NIPS)},
 editor = {D. Koller and D. Schuurmans and Y. Bengio and L. Bottou},
 month = {December},
 note = {\url{https://proceedings.neurips.cc/paper_files/paper/2008/file/98dce83da57b0395e163467c9dae521b-Paper.pdf}},
 publisher = {Curran Associates, Inc.},
 series = {Conference Track Proceedings},
 title = {Learning to Use Working Memory in Partially Observable Environments through Dopaminergic Reinforcement},
 volume = {21},
 year = {2008}
}

@inproceedings{torr2008improved,
 address = {Vancouver, British Columbia, Canada},
 author = {Torr, Philip and Kumar, M.},
 booktitle = {Advances in Neural Information Processing Systems 21 (NIPS)},
 editor = {D. Koller and D. Schuurmans and Y. Bengio and L. Bottou},
 month = {December},
 note = {\url{https://proceedings.neurips.cc/paper_files/paper/2008/file/941e1aaaba585b952b62c14a3a175a61-Paper.pdf}},
 publisher = {Curran Associates, Inc.},
 series = {Conference Track Proceedings},
 title = {Improved Moves for Truncated Convex Models},
 volume = {21},
 year = {2008}
}

@inproceedings{truyen2008hierarchical,
 address = {Vancouver, British Columbia, Canada},
 author = {Truyen, Tran and Phung, Dinh and Bui, Hung and Venkatesh, Svetha},
 booktitle = {Advances in Neural Information Processing Systems 21 (NIPS)},
 editor = {D. Koller and D. Schuurmans and Y. Bengio and L. Bottou},
 month = {December},
 note = {\url{https://proceedings.neurips.cc/paper_files/paper/2008/file/be1bc7997695495f756312886f566110-Paper.pdf}},
 publisher = {Curran Associates, Inc.},
 series = {Conference Track Proceedings},
 title = {Hierarchical Semi-Markov Conditional Random Fields for Recursive Sequential Data},
 volume = {21},
 year = {2008}
}

@inproceedings{vijayanarasimhan2008multi,
 address = {Vancouver, British Columbia, Canada},
 author = {Vijayanarasimhan, Sudheendra and Grauman, Kristen},
 booktitle = {Advances in Neural Information Processing Systems 21 (NIPS)},
 editor = {D. Koller and D. Schuurmans and Y. Bengio and L. Bottou},
 month = {December},
 note = {\url{https://proceedings.neurips.cc/paper_files/paper/2008/file/4e0928de075538c593fbdabb0c5ef2c3-Paper.pdf}},
 publisher = {Curran Associates, Inc.},
 series = {Conference Track Proceedings},
 title = {Multi-Level Active Prediction of Useful Image Annotations for Recognition},
 volume = {21},
 year = {2008}
}

@inproceedings{vu2008nonparametric,
 address = {Vancouver, British Columbia, Canada},
 author = {Vu, Vincent Q and Yu, Bin and Naselaris, Thomas and Kay, Kendrick and Gallant, Jack and Ravikumar, Pradeep},
 booktitle = {Advances in Neural Information Processing Systems 21 (NIPS)},
 editor = {D. Koller and D. Schuurmans and Y. Bengio and L. Bottou},
 month = {December},
 note = {\url{https://proceedings.neurips.cc/paper_files/paper/2008/file/1ce927f875864094e3906a4a0b5ece68-Paper.pdf}},
 publisher = {Curran Associates, Inc.},
 series = {Conference Track Proceedings},
 title = {Nonparametric sparse hierarchical models describe V1 fMRI responses to natural images},
 volume = {21},
 year = {2008}
}

@inproceedings{walder2008diffeomorphic,
 address = {Vancouver, British Columbia, Canada},
 author = {Walder, Christian and Schölkopf, Bernhard},
 booktitle = {Advances in Neural Information Processing Systems 21 (NIPS)},
 month = {December},
 note = {\url{https://proceedings.neurips.cc/paper_files/paper/2008/file/647bba344396e7c8170902bcf2e15551-Paper.pdf}},
 publisher = {Curran Associates, Inc.},
 series = {Conference Track Proceedings},
 title = {Diffeomorphic Dimensionality Reduction},
 volume = {21},
 year = {2008}
}

@inproceedings{wang2008algorithms,
 address = {Vancouver, British Columbia, Canada},
 author = {Wang, Yizao and Audibert, Jean-yves and Munos, Rémi},
 booktitle = {Advances in Neural Information Processing Systems 21 (NIPS)},
 editor = {D. Koller and D. Schuurmans and Y. Bengio and L. Bottou},
 month = {December},
 note = {\url{https://proceedings.neurips.cc/paper_files/paper/2008/file/49ae49a23f67c759bf4fc791ba842aa2-Paper.pdf}},
 publisher = {Curran Associates, Inc.},
 series = {Conference Track Proceedings},
 title = {Algorithms for Infinitely Many-Armed Bandits},
 volume = {21},
 year = {2008}
}

@inproceedings{wang2008learning,
 address = {Vancouver, British Columbia, Canada},
 author = {Wang, Yang and Mori, Greg},
 booktitle = {Advances in Neural Information Processing Systems 21 (NIPS)},
 editor = {Koller, Daphne and Schuurmans, Dale and Bengio, Yoshua and Bottou, Léon},
 month = {December},
 note = {\url{https://proceedings.neurips.cc/paper_files/paper/2008/file/eddea82ad2755b24c4e168c5fc2ebd40-Paper.pdf}},
 publisher = {Curran Associates, Inc.},
 series = {Conference Track Proceedings},
 title = {Learning a discriminative hidden part model for human action recognition},
 volume = {21},
 year = {2008}
}

@inproceedings{weinberger2008large,
 address = {Vancouver, British Columbia, Canada},
 author = {Weinberger, Kilian Q and Chapelle, Olivier},
 booktitle = {Advances in Neural Information Processing Systems 21 (NIPS)},
 editor = {D. Koller and D. Schuurmans and Y. Bengio and L. Bottou},
 month = {December},
 note = {\url{https://proceedings.neurips.cc/paper_files/paper/2008/file/9de6d14fff9806d4bcd1ef555be766cd-Paper.pdf}},
 publisher = {Curran Associates, Inc.},
 series = {Conference Track Proceedings},
 title = {Large Margin Taxonomy Embedding for Document Categorization},
 volume = {21},
 year = {2008}
}

@inproceedings{weinshall2008beyond,
 address = {Vancouver, British Columbia, Canada},
 author = {Weinshall, Daphna and Hermansky, Hynek and Zweig, Alon and Luo, Jie and Jimison, Holly and Ohl, Frank and Pavel, Misha},
 booktitle = {Advances in Neural Information Processing Systems 21 (NIPS)},
 month = {December},
 note = {\url{https://proceedings.neurips.cc/paper_files/paper/2008/file/6c9882bbac1c7093bd25041881277658-Paper.pdf}},
 publisher = {Curran Associates, Inc.},
 series = {Conference Track Proceedings},
 title = {Beyond Novelty Detection: Incongruent Events, when General and Specific Classifiers Disagree},
 volume = {21},
 year = {2008}
}

@inproceedings{weiss2008spectral,
 address = {Vancouver, British Columbia, Canada},
 author = {Weiss, Yair and Torralba, Antonio and Fergus, Rob},
 booktitle = {Advances in Neural Information Processing Systems 21 (NIPS)},
 editor = {Koller, Daphne and Schuurmans, Dale and Bengio, Yoshua and Bottou, Léon},
 month = {December},
 note = {\url{https://proceedings.neurips.cc/paper_files/paper/2008/file/d58072be2820e8682c0a27c0518e805e-Paper.pdf}},
 publisher = {Curran Associates, Inc.},
 series = {Conference Track Proceedings},
 title = {Spectral Hashing},
 volume = {21},
 year = {2008}
}

@inproceedings{wexler2008mas,
 address = {Vancouver, British Columbia, Canada},
 author = {Wexler, Ydo and Meek, Christopher},
 booktitle = {Advances in Neural Information Processing Systems 21 (NIPS)},
 editor = {D. Koller and D. Schuurmans and Y. Bengio and L. Bottou},
 month = {December},
 note = {\url{https://proceedings.neurips.cc/paper_files/paper/2008/file/500e75a036dc2d7d2fec5da1b71d36cc-Paper.pdf}},
 publisher = {Curran Associates, Inc.},
 series = {Conference Track Proceedings},
 title = {MAS: A Multiplicative Approximation Scheme for Probabilistic Inference},
 volume = {21},
 year = {2008}
}

@inproceedings{williams2008multitask,
 address = {Vancouver, British Columbia, Canada},
 author = {Williams, Christopher and Klanke, Stefan and Vijayakumar, Sethu and Chai, Kian},
 booktitle = {Advances in Neural Information Processing Systems 21 (NIPS)},
 editor = {D. Koller and D. Schuurmans and Y. Bengio and L. Bottou},
 month = {December},
 note = {\url{https://proceedings.neurips.cc/paper_files/paper/2008/file/15d4e891d784977cacbfcbb00c48f133-Paper.pdf}},
 publisher = {Curran Associates, Inc.},
 series = {Conference Track Proceedings},
 title = {Multi-task Gaussian Process Learning of Robot Inverse Dynamics},
 volume = {21},
 year = {2008}
}

@inproceedings{wimmer2008dependence,
 address = {Vancouver, British Columbia, Canada},
 author = {Wimmer, Klaus and Stimberg, Marcel and Martin, Robert and Schwabe, Lars and Marino, Jorge and Schummers, James and Lyon, David and Sur, Mriganka and Obermayer, Klaus},
 booktitle = {Advances in Neural Information Processing Systems 21 (NIPS)},
 editor = {D. Koller and D. Schuurmans and Y. Bengio and L. Bottou},
 month = {December},
 note = {\url{https://proceedings.neurips.cc/paper_files/paper/2008/file/a5e00132373a7031000fd987a3c9f87b-Paper.pdf}},
 publisher = {Curran Associates, Inc.},
 series = {Conference Track Proceedings},
 title = {Dependence of Orientation Tuning on Recurrent Excitation and Inhibition in a Network Model of V1},
 volume = {21},
 year = {2008}
}

@inproceedings{wong2008tracking,
 address = {Vancouver, British Columbia, Canada},
 author = {Wong, K. and Wu, Si and Fung, Chi},
 booktitle = {Advances in Neural Information Processing Systems 21 (NIPS)},
 editor = {D. Koller and D. Schuurmans and Y. Bengio and L. Bottou},
 month = {December},
 note = {\url{https://proceedings.neurips.cc/paper_files/paper/2008/file/ac627ab1ccbdb62ec96e702f07f6425b-Paper.pdf}},
 publisher = {Curran Associates, Inc.},
 series = {Conference Track Proceedings},
 title = {Tracking Changing Stimuli in Continuous Attractor Neural Networks},
 volume = {21},
 year = {2008}
}

@inproceedings{wu2008localized,
 address = {Vancouver, British Columbia, Canada},
 author = {Wu, Qiang and Mukherjee, Sayan and Liang, Feng},
 booktitle = {Advances in Neural Information Processing Systems 21 (NIPS)},
 editor = {Koller, Daphne and Schuurmans, Dale and Bengio, Yoshua and Bottou, Léon},
 month = {December},
 note = {\url{https://proceedings.neurips.cc/paper_files/paper/2008/file/e3796ae838835da0b6f6ea37bcf8bcb7-Paper.pdf}},
 publisher = {Curran Associates, Inc.},
 series = {Conference Track Proceedings},
 title = {Localized Sliced Inverse Regression},
 volume = {21},
 year = {2008}
}

@inproceedings{wu2008model,
 address = {Vancouver, British Columbia, Canada},
 author = {Wu, Shuang and Lu, Hongjing and Yuille, Alan L.},
 booktitle = {Advances in Neural Information Processing Systems 21 (NIPS)},
 editor = {Koller, Daphne and Schuurmans, Dale and Bengio, Yoshua and Bottou, Léon},
 month = {December},
 note = {\url{https://proceedings.neurips.cc/paper_files/paper/2008/file/cc1aa436277138f61cda703991069eaf-Paper.pdf}},
 publisher = {Curran Associates, Inc.},
 series = {Conference Track Proceedings},
 title = {Model selection and velocity estimation using novel priors for motion patterns},
 volume = {21},
 year = {2008}
}

@inproceedings{xu2008extended,
 address = {Vancouver, British Columbia, Canada},
 author = {Xu, Zenglin and Jin, Rong and King, Irwin and Lyu, Michael},
 booktitle = {Advances in Neural Information Processing Systems 21 (NIPS)},
 editor = {D. Koller and D. Schuurmans and Y. Bengio and L. Bottou},
 month = {December},
 note = {\url{https://proceedings.neurips.cc/paper_files/paper/2008/file/903ce9225fca3e988c2af215d4e544d3-Paper.pdf}},
 publisher = {Curran Associates, Inc.},
 series = {Conference Track Proceedings},
 title = {An Extended Level Method for Efficient Multiple Kernel Learning},
 volume = {21},
 year = {2008}
}

@inproceedings{xu2008memory,
 address = {Vancouver, British Columbia, Canada},
 author = {Xu, Jing and Griffiths, Thomas},
 booktitle = {Advances in Neural Information Processing Systems 21 (NIPS)},
 month = {December},
 note = {\url{https://proceedings.neurips.cc/paper_files/paper/2008/file/63923f49e5241343aa7acb6a06a751e7-Paper.pdf}},
 publisher = {Curran Associates, Inc.},
 series = {Conference Track Proceedings},
 title = {How memory biases affect information transmission: A rational analysis of serial reproduction},
 volume = {21},
 year = {2008}
}

@inproceedings{xu2008robust,
 address = {Vancouver, British Columbia, Canada},
 author = {Xu, Huan and Caramanis, Constantine and Mannor, Shie},
 booktitle = {Advances in Neural Information Processing Systems 21 (NIPS)},
 editor = {D. Koller and D. Schuurmans and Y. Bengio and L. Bottou},
 month = {December},
 note = {\url{https://proceedings.neurips.cc/paper_files/paper/2008/file/24681928425f5a9133504de568f5f6df-Paper.pdf}},
 publisher = {Curran Associates, Inc.},
 series = {Conference Track Proceedings},
 title = {Robust Regression and Lasso},
 volume = {21},
 year = {2008}
}

@inproceedings{xu2008short,
 address = {Vancouver, British Columbia, Canada},
 author = {Xu, Peng and Horiuchi, Timothy and Abshire, Pamela},
 booktitle = {Advances in Neural Information Processing Systems 21 (NIPS)},
 editor = {D. Koller and D. Schuurmans and Y. Bengio and L. Bottou},
 month = {December},
 note = {\url{https://proceedings.neurips.cc/paper_files/paper/2008/file/9be40cee5b0eee1462c82c6964087ff9-Paper.pdf}},
 publisher = {Curran Associates, Inc.},
 series = {Conference Track Proceedings},
 title = {Short-Term Depression in VLSI Stochastic Synapse},
 volume = {21},
 year = {2008}
}

@inproceedings{yackley2008bayesian,
 address = {Vancouver, British Columbia, Canada},
 author = {Yackley, Benjamin and Corona, Eduardo and Lane, Terran},
 booktitle = {Advances in Neural Information Processing Systems 21 (NIPS)},
 editor = {D. Koller and D. Schuurmans and Y. Bengio and L. Bottou},
 month = {December},
 note = {\url{https://proceedings.neurips.cc/paper_files/paper/2008/file/ab88b15733f543179858600245108dd8-Paper.pdf}},
 publisher = {Curran Associates, Inc.},
 series = {Conference Track Proceedings},
 title = {Bayesian Network Score Approximation Using a Metagraph Kernel},
 volume = {21},
 year = {2008}
}

@inproceedings{yamanishi2008supervised,
 address = {Vancouver, British Columbia, Canada},
 author = {Yamanishi, Yoshihiro},
 booktitle = {Advances in Neural Information Processing Systems 21 (NIPS)},
 editor = {D. Koller and D. Schuurmans and Y. Bengio and L. Bottou},
 month = {December},
 note = {\url{https://proceedings.neurips.cc/paper_files/paper/2008/file/0e01938fc48a2cfb5f2217fbfb00722d-Paper.pdf}},
 publisher = {Curran Associates, Inc.},
 series = {Conference Track Proceedings},
 title = {Supervised Bipartite Graph Inference},
 volume = {21},
 year = {2008}
}

@inproceedings{yang2008learning,
 address = {Vancouver, British Columbia, Canada},
 author = {Yang, Haixuan and King, Irwin and Lyu, Michael},
 booktitle = {Advances in Neural Information Processing Systems 21 (NIPS)},
 month = {December},
 note = {\url{https://proceedings.neurips.cc/paper_files/paper/2008/file/8c7bbbba95c1025975e548cee86dfadc-Paper.pdf}},
 publisher = {Curran Associates, Inc.},
 series = {Conference Track Proceedings},
 title = {Learning with Consistency between Inductive Functions and Kernels},
 volume = {21},
 year = {2008}
}

@inproceedings{yang2008semisupervised,
 address = {Vancouver, British Columbia, Canada},
 author = {Yang, Liu and Jin, Rong and Sukthankar, Rahul},
 booktitle = {Advances in Neural Information Processing Systems 21 (NIPS)},
 editor = {D. Koller and D. Schuurmans and Y. Bengio and L. Bottou},
 month = {December},
 note = {\url{https://proceedings.neurips.cc/paper_files/paper/2008/file/0d0871f0806eae32d30983b62252da50-Paper.pdf}},
 publisher = {Curran Associates, Inc.},
 series = {Conference Track Proceedings},
 title = {Semi-supervised Learning with Weakly-Related Unlabeled Data: Towards Better Text Categorization},
 volume = {21},
 year = {2008}
}

@inproceedings{yang2008spike,
 address = {Vancouver, British Columbia, Canada},
 author = {Yang, Zhi and Zhao, Qi and Liu, Wentai},
 booktitle = {Advances in Neural Information Processing Systems 21 (NIPS)},
 editor = {D. Koller and D. Schuurmans and Y. Bengio and L. Bottou},
 month = {December},
 note = {\url{https://proceedings.neurips.cc/paper_files/paper/2008/file/2a2717956118b4d223ceca17ce3865e2-Paper.pdf}},
 publisher = {Curran Associates, Inc.},
 series = {Conference Track Proceedings},
 title = {Spike Feature Extraction Using Informative Samples},
 volume = {21},
 year = {2008}
}

@inproceedings{yu2008deep,
 address = {Vancouver, British Columbia, Canada},
 author = {Yu, Kai and Xu, Wei and Gong, Yihong},
 booktitle = {Advances in Neural Information Processing Systems 21 (NIPS)},
 editor = {D. Koller and D. Schuurmans and Y. Bengio and L. Bottou},
 month = {December},
 note = {\url{https://proceedings.neurips.cc/paper_files/paper/2008/file/2dace78f80bc92e6d7493423d729448e-Paper.pdf}},
 publisher = {Curran Associates, Inc.},
 series = {Conference Track Proceedings},
 title = {Deep Learning with Kernel Regularization for Visual Recognition},
 volume = {21},
 year = {2008}
}

@inproceedings{yu2008gaussian,
 address = {Vancouver, British Columbia, Canada},
 author = {Yu, Byron M and Cunningham, John P and Santhanam, Gopal and Ryu, Stephen and Shenoy, Krishna V and Sahani, Maneesh},
 booktitle = {Advances in Neural Information Processing Systems 21 (NIPS)},
 editor = {D. Koller and D. Schuurmans and Y. Bengio and L. Bottou},
 month = {December},
 note = {\url{https://proceedings.neurips.cc/paper_files/paper/2008/file/ad972f10e0800b49d76fed33a21f6698-Paper.pdf}},
 publisher = {Curran Associates, Inc.},
 series = {Conference Track Proceedings},
 title = {Gaussian-Process Factor Analysis for Low-Dimensional Single-Trial Analysis of Neural Population Activity},
 volume = {21},
 year = {2008}
}

@inproceedings{yu2008sequential,
 address = {Vancouver, British Columbia, Canada},
 author = {Yu, Angela J and Cohen, Jonathan D},
 booktitle = {Advances in Neural Information Processing Systems 21 (NIPS)},
 editor = {D. Koller and D. Schuurmans and Y. Bengio and L. Bottou},
 month = {December},
 note = {\url{https://proceedings.neurips.cc/paper_files/paper/2008/file/5f2c22cb4a5380af7ca75622a6426917-Paper.pdf}},
 publisher = {Curran Associates, Inc.},
 series = {Conference Track Proceedings},
 title = {Sequential Effects: Superstition or Rational Behavior?},
 volume = {21},
 year = {2008}
}

@inproceedings{yuan2008variational,
 address = {Vancouver, British Columbia, Canada},
 author = {Yuan, Chao and Neubauer, Claus},
 booktitle = {Advances in Neural Information Processing Systems 21 (NIPS)},
 editor = {Koller, Daphne and Schuurmans, Dale and Bengio, Yoshua and Bottou, Léon},
 month = {December},
 note = {\url{https://proceedings.neurips.cc/paper_files/paper/2008/file/f4b9ec30ad9f68f89b29639786cb62ef-Paper.pdf}},
 publisher = {Curran Associates, Inc.},
 series = {Conference Track Proceedings},
 title = {Variational Mixture of Gaussian Process Experts},
 volume = {21},
 year = {2008}
}

@inproceedings{zettlemoyer2008multi,
 address = {Vancouver, British Columbia, Canada},
 author = {Zettlemoyer, Luke and Milch, Brian and Kaelbling, Leslie},
 booktitle = {Advances in Neural Information Processing Systems 21 (NIPS)},
 month = {December},
 note = {\url{https://proceedings.neurips.cc/paper_files/paper/2008/file/6c3cf77d52820cd0fe646d38bc2145ca-Paper.pdf}},
 publisher = {Curran Associates, Inc.},
 series = {Conference Track Proceedings},
 title = {Multi-Agent Filtering with Infinitely Nested Beliefs},
 volume = {21},
 year = {2008}
}

@inproceedings{zhang2008adaptive,
 address = {Vancouver, British Columbia, Canada},
 author = {Zhang, Tong},
 booktitle = {Advances in Neural Information Processing Systems 21 (NIPS)},
 month = {December},
 note = {\url{https://proceedings.neurips.cc/paper_files/paper/2008/file/7380ad8a673226ae47fce7bff88e9c33-Paper.pdf}},
 publisher = {Curran Associates, Inc.},
 series = {Conference Track Proceedings},
 title = {Adaptive Forward-Backward Greedy Algorithm for Sparse Learning with Linear Models},
 volume = {21},
 year = {2008}
}

@inproceedings{zhang2008fast,
 address = {Vancouver, British Columbia, Canada},
 author = {Zhang, Liang and Agarwal, Deepak},
 booktitle = {Advances in Neural Information Processing Systems 21 (NIPS)},
 editor = {D. Koller and D. Schuurmans and Y. Bengio and L. Bottou},
 month = {December},
 note = {\url{https://proceedings.neurips.cc/paper_files/paper/2008/file/2a9d121cd9c3a1832bb6d2cc6bd7a8a7-Paper.pdf}},
 publisher = {Curran Associates, Inc.},
 series = {Conference Track Proceedings},
 title = {Fast Computation of Posterior Mode in Multi-Level Hierarchical Models},
 volume = {21},
 year = {2008}
}

@inproceedings{zhang2008kernel,
 address = {Vancouver, British Columbia, Canada},
 author = {Zhang, Xinhua and Song, Le and Gretton, Arthur and Smola, Alex},
 booktitle = {Advances in Neural Information Processing Systems 21 (NIPS)},
 editor = {D. Koller and D. Schuurmans and Y. Bengio and L. Bottou},
 month = {December},
 note = {\url{https://proceedings.neurips.cc/paper_files/paper/2008/file/addfa9b7e234254d26e9c7f2af1005cb-Paper.pdf}},
 publisher = {Curran Associates, Inc.},
 series = {Conference Track Proceedings},
 title = {Kernel Measures of Independence for Non-iid Data},
 volume = {21},
 year = {2008}
}

@inproceedings{zhang2008learning,
 address = {Vancouver, British Columbia, Canada},
 author = {Zhang, Yi and Dubrawski, Artur and Schneider, Jeff},
 booktitle = {Advances in Neural Information Processing Systems 21 (NIPS)},
 editor = {Koller, Daphne and Schuurmans, Dale and Bengio, Yoshua and Bottou, Léon},
 month = {December},
 note = {\url{https://proceedings.neurips.cc/paper_files/paper/2008/file/f2201f5191c4e92cc5af043eebfd0946-Paper.pdf}},
 publisher = {Curran Associates, Inc.},
 series = {Conference Track Proceedings},
 title = {Learning the Semantic Correlation: An Alternative Way to Gain from Unlabeled Text},
 volume = {21},
 year = {2008}
}

@inproceedings{zhang2008multistage,
 address = {Vancouver, British Columbia, Canada},
 author = {Zhang, Tong},
 booktitle = {Advances in Neural Information Processing Systems 21 (NIPS)},
 editor = {D. Koller and D. Schuurmans and Y. Bengio and L. Bottou},
 month = {December},
 note = {\url{https://proceedings.neurips.cc/paper_files/paper/2008/file/1be3bc32e6564055d5ca3e5a354acbef-Paper.pdf}},
 publisher = {Curran Associates, Inc.},
 series = {Conference Track Proceedings},
 title = {Multi-stage Convex Relaxation for Learning with Sparse Regularization},
 volume = {21},
 year = {2008}
}

@inproceedings{zhang2008posterior,
 address = {Vancouver, British Columbia, Canada},
 author = {Zhang, Zhihua and Jordan, Michael and Yeung, Dit-Yan},
 booktitle = {Advances in Neural Information Processing Systems 21 (NIPS)},
 editor = {D. Koller and D. Schuurmans and Y. Bengio and L. Bottou},
 month = {December},
 note = {\url{https://proceedings.neurips.cc/paper_files/paper/2008/file/94f6d7e04a4d452035300f18b984988c-Paper.pdf}},
 publisher = {Curran Associates, Inc.},
 series = {Conference Track Proceedings},
 title = {Posterior Consistency of the Silverman g-prior in Bayesian Model Choice},
 volume = {21},
 year = {2008}
}

@inproceedings{zhao2008cyclizing,
 address = {Vancouver, British Columbia, Canada},
 author = {Zhao, Deli and Tang, Xiaoou},
 booktitle = {Advances in Neural Information Processing Systems 21 (NIPS)},
 editor = {D. Koller and D. Schuurmans and Y. Bengio and L. Bottou},
 month = {December},
 note = {\url{https://proceedings.neurips.cc/paper_files/paper/2008/file/3416a75f4cea9109507cacd8e2f2aefc-Paper.pdf}},
 publisher = {Curran Associates, Inc.},
 series = {Conference Track Proceedings},
 title = {Cyclizing Clusters via Zeta Function of a Graph},
 volume = {21},
 year = {2008}
}

@inproceedings{zhu2008partially,
 address = {Vancouver, British Columbia, Canada},
 author = {Zhu, Jun and Xing, Eric and Zhang, Bo},
 booktitle = {Advances in Neural Information Processing Systems 21 (NIPS)},
 editor = {Koller, Daphne and Schuurmans, Dale and Bengio, Yoshua and Bottou, Léon},
 month = {December},
 note = {\url{https://proceedings.neurips.cc/paper_files/paper/2008/file/eecca5b6365d9607ee5a9d336962c534-Paper.pdf}},
 publisher = {Curran Associates, Inc.},
 series = {Conference Track Proceedings},
 title = {Partially Observed Maximum Entropy Discrimination Markov Networks},
 volume = {21},
 year = {2008}
}

@inproceedings{zhu2008recursive,
 address = {Vancouver, British Columbia, Canada},
 author = {Zhu, Leo and Chen, Yuanhao and Lin, Yuan and Lin, Chenxi and Yuille, Alan L},
 booktitle = {Advances in Neural Information Processing Systems 21 (NIPS)},
 month = {December},
 note = {\url{https://proceedings.neurips.cc/paper_files/paper/2008/file/703957b6dd9e3a7980e040bee50ded65-Paper.pdf}},
 publisher = {Curran Associates, Inc.},
 series = {Conference Track Proceedings},
 title = {Recursive Segmentation and Recognition Templates for 2D Parsing},
 volume = {21},
 year = {2008}
}

@inproceedings{zhu2008stochastic,
 address = {Vancouver, British Columbia, Canada},
 author = {Zhu, Shenghuo and Yu, Kai and Gong, Yihong},
 booktitle = {Advances in Neural Information Processing Systems 21 (NIPS)},
 editor = {D. Koller and D. Schuurmans and Y. Bengio and L. Bottou},
 month = {December},
 note = {\url{https://proceedings.neurips.cc/paper_files/paper/2008/file/2291d2ec3b3048d1a6f86c2c4591b7e0-Paper.pdf}},
 publisher = {Curran Associates, Inc.},
 series = {Conference Track Proceedings},
 title = {Stochastic Relational Models for Large-scale Dyadic Data Using MCMC},
 volume = {21},
 year = {2008}
}
