@inproceedings{agarwal2009information,
 address = {Vancouver, British Columbia, Canada},
 author = {Agarwal, Alekh and Wainwright, Martin J and Bartlett, Peter and Ravikumar, Pradeep},
 booktitle = {Advances in Neural Information Processing Systems 22 (NIPS)},
 editor = {Bengio, Y. and Schuurmans, D. and Lafferty, J. and Williams, C. and Culotta, A.},
 month = {December},
 note = {\url{https://proceedings.neurips.cc/paper_files/paper/2009/file/2387337ba1e0b0249ba90f55b2ba2521-Paper.pdf}},
 publisher = {Curran Associates, Inc.},
 series = {Conference Track Proceedings},
 title = {Information-Theoretic Lower Bounds on the Oracle Complexity of Convex Optimization},
 volume = {22},
 year = {2009}
}

@inproceedings{ailon2009streaming,
 address = {Vancouver, British Columbia, Canada},
 author = {Ailon, Nir and Jaiswal, Ragesh and Monteleoni, Claire},
 booktitle = {Advances in Neural Information Processing Systems 22 (NIPS)},
 editor = {Bengio, Y. and Schuurmans, D. and Lafferty, J. and Williams, C. and Culotta, A.},
 month = {December},
 note = {\url{https://proceedings.neurips.cc/paper_files/paper/2009/file/4f16c818875d9fcb6867c7bdc89be7eb-Paper.pdf}},
 publisher = {Curran Associates, Inc.},
 series = {Conference Track Proceedings},
 title = {Streaming k-means Approximation},
 volume = {22},
 year = {2009}
}

@inproceedings{allen2009complexity,
 address = {Vancouver, British Columbia, Canada},
 author = {Allen, Martin and Zilberstein, Shlomo},
 booktitle = {Advances in Neural Information Processing Systems 22 (NIPS)},
 editor = {Bengio, Y. and Schuurmans, D. and Lafferty, J. and Williams, C. and Culotta, A.},
 month = {December},
 note = {\url{https://proceedings.neurips.cc/paper_files/paper/2009/file/fec8d47d412bcbeece3d9128ae855a7a-Paper.pdf}},
 publisher = {Curran Associates, Inc.},
 series = {Conference Track Proceedings},
 title = {Complexity of Decentralized Control: Special Cases},
 volume = {22},
 year = {2009}
}

@inproceedings{amini2009learning,
 address = {Vancouver, British Columbia, Canada},
 author = {Amini, Massih R. and Usunier, Nicolas and Goutte, Cyril},
 booktitle = {Advances in Neural Information Processing Systems 22 (NIPS)},
 editor = {Bengio, Y. and Schuurmans, D. and Lafferty, J. and Williams, C. and Culotta, A.},
 month = {December},
 note = {\url{https://proceedings.neurips.cc/paper_files/paper/2009/file/f79921bbae40a577928b76d2fc3edc2a-Paper.pdf}},
 publisher = {Curran Associates, Inc.},
 series = {Conference Track Proceedings},
 title = {Learning from Multiple Partially Observed Views - an Application to Multilingual Text Categorization},
 volume = {22},
 year = {2009}
}

@inproceedings{anati2009constructing,
 address = {Vancouver, British Columbia, Canada},
 author = {Anati, Roy and Daniilidis, Kostas},
 booktitle = {Advances in Neural Information Processing Systems 22 (NIPS)},
 editor = {Bengio, Y. and Schuurmans, D. and Lafferty, J. and Williams, C. and Culotta, A.},
 month = {December},
 note = {\url{https://proceedings.neurips.cc/paper_files/paper/2009/file/303ed4c69846ab36c2904d3ba8573050-Paper.pdf}},
 publisher = {Curran Associates, Inc.},
 series = {Conference Track Proceedings},
 title = {Constructing Topological Maps using Markov Random Fields and Loop-Closure Detection},
 volume = {22},
 year = {2009}
}

@inproceedings{arlot2009data,
 address = {Vancouver, British Columbia, Canada},
 author = {Arlot, Sylvain and Bach, Francis},
 booktitle = {Advances in Neural Information Processing Systems 22 (NIPS)},
 editor = {Bengio, Yoshua and Schuurmans, Dan and Lafferty, John and Williams, Chris and Culotta, Aron},
 month = {December},
 note = {\url{https://proceedings.neurips.cc/paper_files/paper/2009/file/9c838d2e45b2ad1094d42f4ef36764f6-Paper.pdf}},
 publisher = {Curran Associates, Inc.},
 series = {Conference Track Proceedings},
 title = {Data-driven calibration of linear estimators with minimal penalties},
 volume = {22},
 year = {2009}
}

@inproceedings{arora2009on,
 address = {Vancouver, British Columbia, Canada},
 author = {Arora, Raman},
 booktitle = {Advances in Neural Information Processing Systems 22 (NIPS)},
 editor = {Bengio, Y. and Schuurmans, D. and Lafferty, J. and Williams, C. and Culotta, A.},
 month = {December},
 note = {\url{https://proceedings.neurips.cc/paper_files/paper/2009/file/82cec96096d4281b7c95cd7e74623496-Paper.pdf}},
 publisher = {Curran Associates, Inc.},
 series = {Conference Track Proceedings},
 title = {On Learning Rotations},
 volume = {22},
 year = {2009}
}

@inproceedings{bai2009polynomial,
 address = {Vancouver, British Columbia, Canada},
 author = {Bai, Bing and Weston, Jason and Grangier, David and Collobert, Ronan and Sadamasa, Kunihiko and Qi, Yanjun and Cortes, Corinna and Mohri, Mehryar},
 booktitle = {Advances in Neural Information Processing Systems 22 (NIPS)},
 editor = {Bengio, Y. and Schuurmans, D. and Lafferty, J. and Williams, C. and Culotta, A.},
 month = {December},
 note = {\url{https://proceedings.neurips.cc/paper_files/paper/2009/file/7504adad8bb96320eb3afdd4df6e1f60-Paper.pdf}},
 publisher = {Curran Associates, Inc.},
 series = {Conference Track Proceedings},
 title = {Polynomial Semantic Indexing},
 volume = {22},
 year = {2009}
}

@inproceedings{bartels2009augmenting,
 address = {Vancouver, British Columbia, Canada},
 author = {Bartels, Andreas and Blaschko, Matthew and Shelton, Jacquelyn},
 booktitle = {Advances in Neural Information Processing Systems 22 (NIPS)},
 editor = {Bengio, Y. and Schuurmans, D. and Lafferty, J. and Williams, C. and Culotta, A.},
 month = {December},
 note = {\url{https://proceedings.neurips.cc/paper_files/paper/2009/file/0f840be9b8db4d3fbd5ba2ce59211f55-Paper.pdf}},
 publisher = {Curran Associates, Inc.},
 series = {Conference Track Proceedings},
 title = {Augmenting Feature-Driven fMRI Analyses: Semi-Supervised Learning and Resting State Activity},
 volume = {22},
 year = {2009}
}

@inproceedings{bejan2009nonparametric,
 address = {Vancouver, British Columbia, Canada},
 author = {Bejan, Cosmin and Titsworth, Matthew and Hickl, Andrew and Harabagiu, Sanda},
 booktitle = {Advances in Neural Information Processing Systems 22 (NIPS)},
 editor = {Bengio, Y. and Schuurmans, D. and Lafferty, J. and Williams, C. and Culotta, A.},
 month = {December},
 note = {\url{https://proceedings.neurips.cc/paper_files/paper/2009/file/185e65bc40581880c4f2c82958de8cfe-Paper.pdf}},
 publisher = {Curran Associates, Inc.},
 series = {Conference Track Proceedings},
 title = {Nonparametric Bayesian Models for Unsupervised Event Coreference Resolution},
 volume = {22},
 year = {2009}
}

@inproceedings{bengio2009group,
 address = {Vancouver, British Columbia, Canada},
 author = {Bengio, Samy and Pereira, Fernando and Singer, Yoram and Strelow, Dennis},
 booktitle = {Advances in Neural Information Processing Systems 22 (NIPS)},
 editor = {Bengio, Y. and Schuurmans, D. and Lafferty, J. and Williams, C. and Culotta, A.},
 month = {December},
 note = {\url{https://proceedings.neurips.cc/paper_files/paper/2009/file/3b3dbaf68507998acd6a5a5254ab2d76-Paper.pdf}},
 publisher = {Curran Associates, Inc.},
 series = {Conference Track Proceedings},
 title = {Group Sparse Coding},
 volume = {22},
 year = {2009}
}

@inproceedings{bengio2009slow,
 address = {Vancouver, British Columbia, Canada},
 author = {Bengio, Yoshua and Bergstra, James},
 booktitle = {Advances in Neural Information Processing Systems 22 (NIPS)},
 editor = {Bengio, Y. and Schuurmans, D. and Lafferty, J. and Williams, C. and Culotta, A.},
 month = {December},
 note = {\url{https://proceedings.neurips.cc/paper_files/paper/2009/file/043c3d7e489c69b48737cc0c92d0f3a2-Paper.pdf}},
 publisher = {Curran Associates, Inc.},
 series = {Conference Track Proceedings},
 title = {Slow, Decorrelated Features for Pretraining Complex Cell-like Networks},
 volume = {22},
 year = {2009}
}

@inproceedings{berens2009neurometric,
 address = {Vancouver, British Columbia, Canada},
 author = {Berens, Philipp and Gerwinn, Sebastian and Ecker, Alexander and Bethge, Matthias},
 booktitle = {Advances in Neural Information Processing Systems 22 (NIPS)},
 editor = {Bengio, Y. and Schuurmans, D. and Lafferty, J. and Williams, C. and Culotta, A.},
 month = {December},
 note = {\url{https://proceedings.neurips.cc/paper_files/paper/2009/file/03c6b06952c750899bb03d998e631860-Paper.pdf}},
 publisher = {Curran Associates, Inc.},
 series = {Conference Track Proceedings},
 title = {Neurometric Function Analysis of Population Codes},
 volume = {22},
 year = {2009}
}

@inproceedings{berkes2009no,
 address = {Vancouver, British Columbia, Canada},
 author = {Berkes, Pietro and White, Ben and Fiser, Jozsef},
 booktitle = {Advances in Neural Information Processing Systems 22 (NIPS)},
 editor = {Bengio, Y. and Schuurmans, D. and Lafferty, J. and Williams, C. and Culotta, A.},
 month = {December},
 note = {\url{https://proceedings.neurips.cc/paper_files/paper/2009/file/2b24d495052a8ce66358eb576b8912c8-Paper.pdf}},
 publisher = {Curran Associates, Inc.},
 series = {Conference Track Proceedings},
 title = {No Evidence for Active Sparsification in the Visual Cortex},
 volume = {22},
 year = {2009}
}

@inproceedings{bethge2009hierarchical,
 address = {Vancouver, British Columbia, Canada},
 author = {Bethge, Matthias and Simoncelli, Eero and Sinz, Fabian},
 booktitle = {Advances in Neural Information Processing Systems 22 (NIPS)},
 editor = {Bengio, Y. and Schuurmans, D. and Lafferty, J. and Williams, C. and Culotta, A.},
 month = {December},
 note = {\url{https://proceedings.neurips.cc/paper_files/paper/2009/file/c0e190d8267e36708f955d7ab048990d-Paper.pdf}},
 publisher = {Curran Associates, Inc.},
 series = {Conference Track Proceedings},
 title = {Hierarchical Modeling of Local Image Features through L_p-Nested Symmetric Distributions},
 volume = {22},
 year = {2009}
}

@inproceedings{bian2009manifold,
 address = {Vancouver, British Columbia, Canada},
 author = {Bian, Wei and Tao, Dacheng},
 booktitle = {Advances in Neural Information Processing Systems 22 (NIPS)},
 editor = {Bengio, Yoshua and Schuurmans, Dan and Lafferty, John and Williams, Chris and Culotta, Aron},
 month = {December},
 note = {\url{https://proceedings.neurips.cc/paper_files/paper/2009/file/a516a87cfcaef229b342c437fe2b95f7-Paper.pdf}},
 publisher = {Curran Associates, Inc.},
 series = {Conference Track Proceedings},
 title = {Manifold Regularization for SIR with Rate Root-n Convergence},
 volume = {22},
 year = {2009}
}

@inproceedings{bo2009efficient,
 address = {Vancouver, British Columbia, Canada},
 author = {Bo, Liefeng and Sminchisescu, Cristian},
 booktitle = {Advances in Neural Information Processing Systems 22 (NIPS)},
 editor = {Bengio, Y. and Schuurmans, D. and Lafferty, J. and Williams, C. and Culotta, A.},
 month = {December},
 note = {\url{https://proceedings.neurips.cc/paper_files/paper/2009/file/4daa3db355ef2b0e64b472968cb70f0d-Paper.pdf}},
 publisher = {Curran Associates, Inc.},
 series = {Conference Track Proceedings},
 title = {Efficient Match Kernel between Sets of Features for Visual Recognition},
 volume = {22},
 year = {2009}
}

@inproceedings{bouchardcote2009randomized,
 address = {Vancouver, British Columbia, Canada},
 author = {Bouchard-Côté, Alexandre and Petrov, Slav and Klein, Dan},
 booktitle = {Advances in Neural Information Processing Systems 22 (NIPS)},
 editor = {Bengio, Y. and Schuurmans, D. and Lafferty, J. and Williams, C. and Culotta, A.},
 month = {December},
 note = {\url{https://proceedings.neurips.cc/paper_files/paper/2009/file/e515df0d202ae52fcebb14295743063b-Paper.pdf}},
 publisher = {Curran Associates, Inc.},
 series = {Conference Track Proceedings},
 title = {Randomized Pruning: Efficiently Calculating Expectations in Large Dynamic Programs},
 volume = {22},
 year = {2009}
}

@inproceedings{boutsidis2009unsupervised,
 address = {Vancouver, British Columbia, Canada},
 author = {Boutsidis, Christos and Drineas, Petros and Mahoney, Michael W},
 booktitle = {Advances in Neural Information Processing Systems 22 (NIPS)},
 editor = {Bengio, Y. and Schuurmans, D. and Lafferty, J. and Williams, C. and Culotta, A.},
 month = {December},
 note = {\url{https://proceedings.neurips.cc/paper_files/paper/2009/file/c51ce410c124a10e0db5e4b97fc2af39-Paper.pdf}},
 publisher = {Curran Associates, Inc.},
 series = {Conference Track Proceedings},
 title = {Unsupervised Feature Selection for the k-means Clustering Problem},
 volume = {22},
 year = {2009}
}

@inproceedings{bouvrie2009on,
 address = {Vancouver, British Columbia, Canada},
 author = {Bouvrie, Jake and Rosasco, Lorenzo and Poggio, Tomaso},
 booktitle = {Advances in Neural Information Processing Systems 22 (NIPS)},
 editor = {Bengio, Y. and Schuurmans, D. and Lafferty, J. and Williams, C. and Culotta, A.},
 month = {December},
 note = {\url{https://proceedings.neurips.cc/paper_files/paper/2009/file/2ab56412b1163ee131e1246da0955bd1-Paper.pdf}},
 publisher = {Curran Associates, Inc.},
 series = {Conference Track Proceedings},
 title = {On Invariance in Hierarchical Models},
 volume = {22},
 year = {2009}
}

@inproceedings{brasselet2009optimal,
 address = {Vancouver, British Columbia, Canada},
 author = {Brasselet, Romain and Johansson, Roland and Arleo, Angelo},
 booktitle = {Advances in Neural Information Processing Systems 22 (NIPS)},
 editor = {Bengio, Y. and Schuurmans, D. and Lafferty, J. and Williams, C. and Culotta, A.},
 month = {December},
 note = {\url{https://proceedings.neurips.cc/paper_files/paper/2009/file/57aeee35c98205091e18d1140e9f38cf-Paper.pdf}},
 publisher = {Curran Associates, Inc.},
 series = {Conference Track Proceedings},
 title = {Optimal context separation of spiking haptic signals by second-order somatosensory neurons},
 volume = {22},
 year = {2009}
}

@inproceedings{briggman2009maximin,
 address = {Vancouver, British Columbia, Canada},
 author = {Briggman, Kevin and Denk, Winfried and Seung, Sebastian and Helmstaedter, Moritz and Turaga, Srinivas C},
 booktitle = {Advances in Neural Information Processing Systems 22 (NIPS)},
 editor = {Bengio, Y. and Schuurmans, D. and Lafferty, J. and Williams, C. and Culotta, A.},
 month = {December},
 note = {\url{https://proceedings.neurips.cc/paper_files/paper/2009/file/68d30a9594728bc39aa24be94b319d21-Paper.pdf}},
 publisher = {Curran Associates, Inc.},
 series = {Conference Track Proceedings},
 title = {Maximin affinity learning of image segmentation},
 volume = {22},
 year = {2009}
}

@inproceedings{bruckner2009nash,
 address = {Vancouver, British Columbia, Canada},
 author = {Brückner, Michael and Scheffer, Tobias},
 booktitle = {Advances in Neural Information Processing Systems 22 (NIPS)},
 editor = {Bengio, Y. and Schuurmans, D. and Lafferty, J. and Williams, C. and Culotta, A.},
 month = {December},
 note = {\url{https://proceedings.neurips.cc/paper_files/paper/2009/file/c399862d3b9d6b76c8436e924a68c45b-Paper.pdf}},
 publisher = {Curran Associates, Inc.},
 series = {Conference Track Proceedings},
 title = {Nash Equilibria of Static Prediction Games},
 volume = {22},
 year = {2009}
}

@inproceedings{bulo2009game,
 address = {Vancouver, British Columbia, Canada},
 author = {Buló, Samuel and Pelillo, Marcello},
 booktitle = {Advances in Neural Information Processing Systems 22 (NIPS)},
 editor = {Bengio, Y. and Schuurmans, D. and Lafferty, J. and Williams, C. and Culotta, A.},
 month = {December},
 note = {\url{https://proceedings.neurips.cc/paper_files/paper/2009/file/6c3cf77d52820cd0fe646d38bc2145ca-Paper.pdf}},
 publisher = {Curran Associates, Inc.},
 series = {Conference Track Proceedings},
 title = {A Game-Theoretic Approach to Hypergraph Clustering},
 volume = {22},
 year = {2009}
}

@inproceedings{bush2009manifold,
 address = {Vancouver, British Columbia, Canada},
 author = {Bush, Keith and Pineau, Joelle},
 booktitle = {Advances in Neural Information Processing Systems 22 (NIPS)},
 editor = {Bengio, Yoshua and Schuurmans, Dan and Lafferty, John and Williams, Chris and Culotta, Aron},
 month = {December},
 note = {\url{https://proceedings.neurips.cc/paper_files/paper/2009/file/a2557a7b2e94197ff767970b67041697-Paper.pdf}},
 publisher = {Curran Associates, Inc.},
 series = {Conference Track Proceedings},
 title = {Manifold Embeddings for Model-Based Reinforcement Learning under Partial Observability},
 volume = {22},
 year = {2009}
}

@inproceedings{cai2009learning,
 address = {Vancouver, British Columbia, Canada},
 author = {Cai, Chenghui and Liao, Xuejun and Carin, Lawrence},
 booktitle = {Advances in Neural Information Processing Systems 22 (NIPS)},
 editor = {Bengio, Y. and Schuurmans, D. and Lafferty, J. and Williams, C. and Culotta, A.},
 month = {December},
 note = {\url{https://proceedings.neurips.cc/paper_files/paper/2009/file/e58cc5ca94270acaceed13bc82dfedf7-Paper.pdf}},
 publisher = {Curran Associates, Inc.},
 series = {Conference Track Proceedings},
 title = {Learning to Explore and Exploit in POMDPs},
 volume = {22},
 year = {2009}
}

@inproceedings{carbonetto2009stochastic,
 address = {Vancouver, British Columbia, Canada},
 author = {Carbonetto, Peter and King, Matthew and Hamze, Firas},
 booktitle = {Advances in Neural Information Processing Systems 22 (NIPS)},
 editor = {Bengio, Y. and Schuurmans, D. and Lafferty, J. and Williams, C. and Culotta, A.},
 month = {December},
 note = {\url{https://proceedings.neurips.cc/paper_files/paper/2009/file/19ca14e7ea6328a42e0eb13d585e4c22-Paper.pdf}},
 publisher = {Curran Associates, Inc.},
 series = {Conference Track Proceedings},
 title = {A Stochastic Approximation Method for Inference in Probabilistic Graphical Models},
 volume = {22},
 year = {2009}
}

@inproceedings{caron2009bayesian,
 address = {Vancouver, British Columbia, Canada},
 author = {Caron, François and Doucet, Arnaud},
 booktitle = {Advances in Neural Information Processing Systems 22 (NIPS)},
 editor = {Bengio, Y. and Schuurmans, D. and Lafferty, J. and Williams, C. and Culotta, A.},
 month = {December},
 note = {\url{https://proceedings.neurips.cc/paper_files/paper/2009/file/4e4b5fbbbb602b6d35bea8460aa8f8e5-Paper.pdf}},
 publisher = {Curran Associates, Inc.},
 series = {Conference Track Proceedings},
 title = {Bayesian Nonparametric Models on Decomposable Graphs},
 volume = {22},
 year = {2009}
}

@inproceedings{cavagnaro2009adaptive,
 address = {Vancouver, British Columbia, Canada},
 author = {Cavagnaro, Daniel and Myung, Jay and Pitt, Mark},
 booktitle = {Advances in Neural Information Processing Systems 22 (NIPS)},
 editor = {Bengio, Y. and Schuurmans, D. and Lafferty, J. and Williams, C. and Culotta, A.},
 month = {December},
 note = {\url{https://proceedings.neurips.cc/paper_files/paper/2009/file/6cd67d9b6f0150c77bda2eda01ae484c-Paper.pdf}},
 publisher = {Curran Associates, Inc.},
 series = {Conference Track Proceedings},
 title = {Adaptive Design Optimization in Experiments with People},
 volume = {22},
 year = {2009}
}

@inproceedings{cayton2009efficient,
 address = {Vancouver, British Columbia, Canada},
 author = {Cayton, Lawrence},
 booktitle = {Advances in Neural Information Processing Systems 22 (NIPS)},
 editor = {Bengio, Y. and Schuurmans, D. and Lafferty, J. and Williams, C. and Culotta, A.},
 month = {December},
 note = {\url{https://proceedings.neurips.cc/paper_files/paper/2009/file/fe131d7f5a6b38b23cc967316c13dae2-Paper.pdf}},
 publisher = {Curran Associates, Inc.},
 series = {Conference Track Proceedings},
 title = {Efficient Bregman Range Search},
 volume = {22},
 year = {2009}
}

@inproceedings{cevher2009learning,
 address = {Vancouver, British Columbia, Canada},
 author = {Cevher, Volkan},
 booktitle = {Advances in Neural Information Processing Systems 22 (NIPS)},
 editor = {Bengio, Y. and Schuurmans, D. and Lafferty, J. and Williams, C. and Culotta, A.},
 month = {December},
 note = {\url{https://proceedings.neurips.cc/paper_files/paper/2009/file/5c936263f3428a40227908d5a3847c0b-Paper.pdf}},
 publisher = {Curran Associates, Inc.},
 series = {Conference Track Proceedings},
 title = {Learning with Compressible Priors},
 volume = {22},
 year = {2009}
}

@inproceedings{chai2009exploring,
 address = {Vancouver, British Columbia, Canada},
 author = {Chai, Barry and Walther, Dirk and Beck, Diane and Fei-fei, Li},
 booktitle = {Advances in Neural Information Processing Systems 22 (NIPS)},
 editor = {Bengio, Y. and Schuurmans, D. and Lafferty, J. and Williams, C. and Culotta, A.},
 month = {December},
 note = {\url{https://proceedings.neurips.cc/paper_files/paper/2009/file/8248a99e81e752cb9b41da3fc43fbe7f-Paper.pdf}},
 publisher = {Curran Associates, Inc.},
 series = {Conference Track Proceedings},
 title = {Exploring Functional Connectivities of the Human Brain using Multivariate Information Analysis},
 volume = {22},
 year = {2009}
}

@inproceedings{chai2009generalization,
 address = {Vancouver, British Columbia, Canada},
 author = {Chai, Kian},
 booktitle = {Advances in Neural Information Processing Systems 22 (NIPS)},
 editor = {Bengio, Y. and Schuurmans, D. and Lafferty, J. and Williams, C. and Culotta, A.},
 month = {December},
 note = {\url{https://proceedings.neurips.cc/paper_files/paper/2009/file/fbd7939d674997cdb4692d34de8633c4-Paper.pdf}},
 publisher = {Curran Associates, Inc.},
 series = {Conference Track Proceedings},
 title = {Generalization Errors and Learning Curves for Regression with Multi-task Gaussian Processes},
 volume = {22},
 year = {2009}
}

@inproceedings{chang2009reading,
 address = {Vancouver, British Columbia, Canada},
 author = {Chang, Jonathan and Gerrish, Sean and Wang, Chong and Boyd-Graber, Jordan and Blei, David},
 booktitle = {Advances in Neural Information Processing Systems 22 (NIPS)},
 editor = {Bengio, Y. and Schuurmans, D. and Lafferty, J. and Williams, C. and Culotta, A.},
 month = {December},
 note = {\url{https://proceedings.neurips.cc/paper_files/paper/2009/file/f92586a25bb3145facd64ab20fd554ff-Paper.pdf}},
 publisher = {Curran Associates, Inc.},
 series = {Conference Track Proceedings},
 title = {Reading Tea Leaves: How Humans Interpret Topic Models},
 volume = {22},
 year = {2009}
}

@inproceedings{chase2009functional,
 address = {Vancouver, British Columbia, Canada},
 author = {Chase, Steven and Schwartz, Andrew and Maass, Wolfgang and Legenstein, Robert},
 booktitle = {Advances in Neural Information Processing Systems 22 (NIPS)},
 editor = {Bengio, Y. and Schuurmans, D. and Lafferty, J. and Williams, C. and Culotta, A.},
 month = {December},
 note = {\url{https://proceedings.neurips.cc/paper_files/paper/2009/file/eb163727917cbba1eea208541a643e74-Paper.pdf}},
 publisher = {Curran Associates, Inc.},
 series = {Conference Track Proceedings},
 title = {Functional network reorganization in motor cortex can be explained by reward-modulated Hebbian learning},
 volume = {22},
 year = {2009}
}

@inproceedings{chaudhuri2009parameter,
 address = {Vancouver, British Columbia, Canada},
 author = {Chaudhuri, Kamalika and Freund, Yoav and Hsu, Daniel J.},
 booktitle = {Advances in Neural Information Processing Systems 22 (NIPS)},
 editor = {Bengio, Y. and Schuurmans, D. and Lafferty, J. and Williams, C. and Culotta, A.},
 month = {December},
 note = {\url{https://proceedings.neurips.cc/paper_files/paper/2009/file/2cbca44843a864533ec05b321ae1f9d1-Paper.pdf}},
 publisher = {Curran Associates, Inc.},
 series = {Conference Track Proceedings},
 title = {A Parameter-free Hedging Algorithm},
 volume = {22},
 year = {2009}
}

@inproceedings{chechik2009online,
 address = {Vancouver, British Columbia, Canada},
 author = {Chechik, Gal and Shalit, Uri and Sharma, Varun and Bengio, Samy},
 booktitle = {Advances in Neural Information Processing Systems 22 (NIPS)},
 editor = {Bengio, Y. and Schuurmans, D. and Lafferty, J. and Williams, C. and Culotta, A.},
 month = {December},
 note = {\url{https://proceedings.neurips.cc/paper_files/paper/2009/file/e97ee2054defb209c35fe4dc94599061-Paper.pdf}},
 publisher = {Curran Associates, Inc.},
 series = {Conference Track Proceedings},
 title = {An Online Algorithm for Large Scale Image Similarity Learning},
 volume = {22},
 year = {2009}
}

@inproceedings{chen2009factor,
 address = {Vancouver, British Columbia, Canada},
 author = {Chen, Ye and Kapralov, Michael and Canny, John and Pavlov, Dmitry},
 booktitle = {Advances in Neural Information Processing Systems 22 (NIPS)},
 editor = {Bengio, Y. and Schuurmans, D. and Lafferty, J. and Williams, C. and Culotta, A.},
 month = {December},
 note = {\url{https://proceedings.neurips.cc/paper_files/paper/2009/file/1bb91f73e9d31ea2830a5e73ce3ed328-Paper.pdf}},
 publisher = {Curran Associates, Inc.},
 series = {Conference Track Proceedings},
 title = {Factor Modeling for Advertisement Targeting},
 volume = {22},
 year = {2009}
}

@inproceedings{chen2009ranking,
 address = {Vancouver, British Columbia, Canada},
 author = {Chen, Wei and Liu, Tie-yan and Lan, Yanyan and Ma, Zhi-ming and Li, Hang},
 booktitle = {Advances in Neural Information Processing Systems 22 (NIPS)},
 editor = {Bengio, Y. and Schuurmans, D. and Lafferty, J. and Williams, C. and Culotta, A.},
 month = {December},
 note = {\url{https://proceedings.neurips.cc/paper_files/paper/2009/file/2f55707d4193dc27118a0f19a1985716-Paper.pdf}},
 publisher = {Curran Associates, Inc.},
 series = {Conference Track Proceedings},
 title = {Ranking Measures and Loss Functions in Learning to Rank},
 volume = {22},
 year = {2009}
}

@inproceedings{chin2009ordered,
 address = {Vancouver, British Columbia, Canada},
 author = {Chin, Tat-jun and Wang, Hanzi and Suter, David},
 booktitle = {Advances in Neural Information Processing Systems 22 (NIPS)},
 editor = {Bengio, Y. and Schuurmans, D. and Lafferty, J. and Williams, C. and Culotta, A.},
 month = {December},
 note = {\url{https://proceedings.neurips.cc/paper_files/paper/2009/file/b337e84de8752b27eda3a12363109e80-Paper.pdf}},
 publisher = {Curran Associates, Inc.},
 series = {Conference Track Proceedings},
 title = {The Ordered Residual Kernel for Robust Motion Subspace Clustering},
 volume = {22},
 year = {2009}
}

@inproceedings{cho2009kernel,
 address = {Vancouver, British Columbia, Canada},
 author = {Cho, Youngmin and Saul, Lawrence},
 booktitle = {Advances in Neural Information Processing Systems 22 (NIPS)},
 editor = {Bengio, Y. and Schuurmans, D. and Lafferty, J. and Williams, C. and Culotta, A.},
 month = {December},
 note = {\url{https://proceedings.neurips.cc/paper_files/paper/2009/file/5751ec3e9a4feab575962e78e006250d-Paper.pdf}},
 publisher = {Curran Associates, Inc.},
 series = {Conference Track Proceedings},
 title = {Kernel Methods for Deep Learning},
 volume = {22},
 year = {2009}
}

@inproceedings{choi2009approximating,
 address = {Vancouver, British Columbia, Canada},
 author = {Choi, Arthur and Darwiche, Adnan},
 booktitle = {Advances in Neural Information Processing Systems 22 (NIPS)},
 editor = {Bengio, Y. and Schuurmans, D. and Lafferty, J. and Williams, C. and Culotta, A.},
 month = {December},
 note = {\url{https://proceedings.neurips.cc/paper_files/paper/2009/file/cfbce4c1d7c425baf21d6b6f2babe6be-Paper.pdf}},
 publisher = {Curran Associates, Inc.},
 series = {Conference Track Proceedings},
 title = {Approximating MAP by Compensating for Structural Relaxations},
 volume = {22},
 year = {2009}
}

@inproceedings{coencagli2009statistical,
 address = {Vancouver, British Columbia, Canada},
 author = {Coen-cagli, Ruben and Dayan, Peter and Schwartz, Odelia},
 booktitle = {Advances in Neural Information Processing Systems 22 (NIPS)},
 editor = {Bengio, Y. and Schuurmans, D. and Lafferty, J. and Williams, C. and Culotta, A.},
 month = {December},
 note = {\url{https://proceedings.neurips.cc/paper_files/paper/2009/file/be3159ad04564bfb90db9e32851ebf9c-Paper.pdf}},
 publisher = {Curran Associates, Inc.},
 series = {Conference Track Proceedings},
 title = {Statistical Models of Linear and Nonlinear Contextual Interactions in Early Visual Processing},
 volume = {22},
 year = {2009}
}

@inproceedings{conroy2009fmri,
 address = {Vancouver, British Columbia, Canada},
 author = {Conroy, Bryan and Singer, Ben and Haxby, James and Ramadge, Peter J.},
 booktitle = {Advances in Neural Information Processing Systems 22 (NIPS)},
 editor = {Bengio, Yoshua and Schuurmans, Dan and Lafferty, John and Williams, Chris and Culotta, Aron},
 month = {December},
 note = {\url{https://proceedings.neurips.cc/paper_files/paper/2009/file/9f396fe44e7c05c16873b05ec425cbad-Paper.pdf}},
 publisher = {Curran Associates, Inc.},
 series = {Conference Track Proceedings},
 title = {fMRI-Based Inter-Subject Cortical Alignment Using Functional Connectivity},
 volume = {22},
 year = {2009}
}

@inproceedings{coquelin2009sensitivity,
 address = {Vancouver, British Columbia, Canada},
 author = {Coquelin, Pierre-Arnaud and Deguest, Romain and Munos, Rémi},
 booktitle = {Advances in Neural Information Processing Systems 22 (NIPS)},
 editor = {Bengio, Y. and Schuurmans, D. and Lafferty, J. and Williams, C. and Culotta, A.},
 month = {December},
 note = {\url{https://proceedings.neurips.cc/paper_files/paper/2009/file/16a5cdae362b8d27a1d8f8c7b78b4330-Paper.pdf}},
 publisher = {Curran Associates, Inc.},
 series = {Conference Track Proceedings},
 title = {Sensitivity Analysis in HMMs with Application to Likelihood Maximization},
 volume = {22},
 year = {2009}
}

@inproceedings{cortes2009learning,
 address = {Vancouver, British Columbia, Canada},
 author = {Cortes, Corinna and Mohri, Mehryar and Rostamizadeh, Afshin},
 booktitle = {Advances in Neural Information Processing Systems 22 (NIPS)},
 editor = {Bengio, Y. and Schuurmans, D. and Lafferty, J. and Williams, C. and Culotta, A.},
 month = {December},
 note = {\url{https://proceedings.neurips.cc/paper_files/paper/2009/file/e7f8a7fb0b77bcb3b283af5be021448f-Paper.pdf}},
 publisher = {Curran Associates, Inc.},
 series = {Conference Track Proceedings},
 title = {Learning Non-Linear Combinations of Kernels},
 volume = {22},
 year = {2009}
}

@inproceedings{crammer2009adaptive,
 address = {Vancouver, British Columbia, Canada},
 author = {Crammer, Koby and Kulesza, Alex and Dredze, Mark},
 booktitle = {Advances in Neural Information Processing Systems 22 (NIPS)},
 editor = {Bengio, Yoshua and Schuurmans, Dan and Lafferty, John and Williams, Chris and Culotta, Aron},
 month = {December},
 note = {\url{https://proceedings.neurips.cc/paper_files/paper/2009/file/8ebda540cbcc4d7336496819a46a1b68-Paper.pdf}},
 publisher = {Curran Associates, Inc.},
 series = {Conference Track Proceedings},
 title = {Adaptive Regularization of Weight Vectors},
 volume = {22},
 year = {2009}
}

@inproceedings{culpepper2009learning,
 address = {Vancouver, British Columbia, Canada},
 author = {Culpepper, Benjamin and Olshausen, Bruno},
 booktitle = {Advances in Neural Information Processing Systems 22 (NIPS)},
 editor = {Bengio, Yoshua and Schuurmans, Dan and Lafferty, John and Williams, Chris and Culotta, Aron},
 month = {December},
 note = {\url{https://proceedings.neurips.cc/paper_files/paper/2009/file/a1d50185e7426cbb0acad1e6ca74b9aa-Paper.pdf}},
 publisher = {Curran Associates, Inc.},
 series = {Conference Track Proceedings},
 title = {Learning transport operators for image manifolds},
 volume = {22},
 year = {2009}
}

@inproceedings{cuturi2009white,
 address = {Vancouver, British Columbia, Canada},
 author = {Cuturi, Marco and Vert, Jean-Philippe and D’aspremont, Alexandre},
 booktitle = {Advances in Neural Information Processing Systems 22 (NIPS)},
 editor = {Bengio, Y. and Schuurmans, D. and Lafferty, J. and Williams, C. and Culotta, A.},
 month = {December},
 note = {\url{https://proceedings.neurips.cc/paper_files/paper/2009/file/0188e8b8b014829e2fa0f430f0a95961-Paper.pdf}},
 publisher = {Curran Associates, Inc.},
 series = {Conference Track Proceedings},
 title = {White Functionals for Anomaly Detection in Dynamical Systems},
 volume = {22},
 year = {2009}
}

@inproceedings{dalalyan2009l,
 address = {Vancouver, British Columbia, Canada},
 author = {Dalalyan, Arnak and Keriven, Renaud},
 booktitle = {Advances in Neural Information Processing Systems 22 (NIPS)},
 editor = {Bengio, Y. and Schuurmans, D. and Lafferty, J. and Williams, C. and Culotta, A.},
 month = {December},
 note = {\url{https://proceedings.neurips.cc/paper_files/paper/2009/file/65ded5353c5ee48d0b7d48c591b8f430-Paper.pdf}},
 publisher = {Curran Associates, Inc.},
 series = {Conference Track Proceedings},
 title = {L1-Penalized Robust Estimation for a Class of Inverse Problems Arising in Multiview Geometry},
 volume = {22},
 year = {2009}
}

@inproceedings{dekel2009distribution,
 address = {Vancouver, British Columbia, Canada},
 author = {Dekel, Ofer},
 booktitle = {Advances in Neural Information Processing Systems 22 (NIPS)},
 editor = {Bengio, Y. and Schuurmans, D. and Lafferty, J. and Williams, C. and Culotta, A.},
 month = {December},
 note = {\url{https://proceedings.neurips.cc/paper_files/paper/2009/file/d707329bece455a462b58ce00d1194c9-Paper.pdf}},
 publisher = {Curran Associates, Inc.},
 series = {Conference Track Proceedings},
 title = {Distribution-Calibrated Hierarchical Classification},
 volume = {22},
 year = {2009}
}

@inproceedings{dermed2009solving,
 address = {Vancouver, British Columbia, Canada},
 author = {Dermed, Liam and Isbell, Charles},
 booktitle = {Advances in Neural Information Processing Systems 22 (NIPS)},
 editor = {Bengio, Y. and Schuurmans, D. and Lafferty, J. and Williams, C. and Culotta, A.},
 month = {December},
 note = {\url{https://proceedings.neurips.cc/paper_files/paper/2009/file/5680522b8e2bb01943234bce7bf84534-Paper.pdf}},
 publisher = {Curran Associates, Inc.},
 series = {Conference Track Proceedings},
 title = {Solving Stochastic Games},
 volume = {22},
 year = {2009}
}

@inproceedings{desai2009smoothed,
 address = {Vancouver, British Columbia, Canada},
 author = {Desai, Vijay and Farias, Vivek and Moallemi, Ciamac C},
 booktitle = {Advances in Neural Information Processing Systems 22 (NIPS)},
 editor = {Bengio, Y. and Schuurmans, D. and Lafferty, J. and Williams, C. and Culotta, A.},
 month = {December},
 note = {\url{https://proceedings.neurips.cc/paper_files/paper/2009/file/d7322ed717dedf1eb4e6e52a37ea7bcd-Paper.pdf}},
 publisher = {Curran Associates, Inc.},
 series = {Conference Track Proceedings},
 title = {A Smoothed Approximate Linear Program},
 volume = {22},
 year = {2009}
}

@inproceedings{dietz2009localizing,
 address = {Vancouver, British Columbia, Canada},
 author = {Dietz, Laura and Dallmeier, Valentin and Zeller, Andreas and Scheffer, Tobias},
 booktitle = {Advances in Neural Information Processing Systems 22 (NIPS)},
 editor = {Bengio, Y. and Schuurmans, D. and Lafferty, J. and Williams, C. and Culotta, A.},
 month = {December},
 note = {\url{https://proceedings.neurips.cc/paper_files/paper/2009/file/f64eac11f2cd8f0efa196f8ad173178e-Paper.pdf}},
 publisher = {Curran Associates, Inc.},
 series = {Conference Track Proceedings},
 title = {Localizing Bugs in Program Executions with Graphical Models},
 volume = {22},
 year = {2009}
}

@inproceedings{doshivelez2009infinite,
 address = {Vancouver, British Columbia, Canada},
 author = {Doshi-Velez, Finale},
 booktitle = {Advances in Neural Information Processing Systems 22 (NIPS)},
 editor = {Bengio, Y. and Schuurmans, D. and Lafferty, J. and Williams, C. and Culotta, A.},
 month = {December},
 note = {\url{https://proceedings.neurips.cc/paper_files/paper/2009/file/ebd9629fc3ae5e9f6611e2ee05a31cef-Paper.pdf}},
 publisher = {Curran Associates, Inc.},
 series = {Conference Track Proceedings},
 title = {The Infinite Partially Observable Markov Decision Process},
 volume = {22},
 year = {2009}
}

@inproceedings{doshivelez2009large,
 address = {Vancouver, British Columbia, Canada},
 author = {Doshi-Velez, Finale and Mohamed, Shakir and Ghahramani, Zoubin and Knowles, David},
 booktitle = {Advances in Neural Information Processing Systems 22 (NIPS)},
 editor = {Bengio, Y. and Schuurmans, D. and Lafferty, J. and Williams, C. and Culotta, A.},
 month = {December},
 note = {\url{https://proceedings.neurips.cc/paper_files/paper/2009/file/1f50893f80d6830d62765ffad7721742-Paper.pdf}},
 publisher = {Curran Associates, Inc.},
 series = {Conference Track Proceedings},
 title = {Large Scale Nonparametric Bayesian Inference: Data Parallelisation in the Indian Buffet Process},
 volume = {22},
 year = {2009}
}

@inproceedings{du2009bayesian,
 address = {Vancouver, British Columbia, Canada},
 author = {Du, Lan and Ren, Lu and Carin, Lawrence and Dunson, David},
 booktitle = {Advances in Neural Information Processing Systems 22 (NIPS)},
 editor = {Bengio, Y. and Schuurmans, D. and Lafferty, J. and Williams, C. and Culotta, A.},
 month = {December},
 note = {\url{https://proceedings.neurips.cc/paper_files/paper/2009/file/f85454e8279be180185cac7d243c5eb3-Paper.pdf}},
 publisher = {Curran Associates, Inc.},
 series = {Conference Track Proceedings},
 title = {A Bayesian Model for Simultaneous Image Clustering, Annotation and Object Segmentation},
 volume = {22},
 year = {2009}
}

@inproceedings{durme2009streaming,
 address = {Vancouver, British Columbia, Canada},
 author = {Durme, Benjamin and Lall, Ashwin},
 booktitle = {Advances in Neural Information Processing Systems 22 (NIPS)},
 editor = {Bengio, Y. and Schuurmans, D. and Lafferty, J. and Williams, C. and Culotta, A.},
 month = {December},
 note = {\url{https://proceedings.neurips.cc/paper_files/paper/2009/file/185c29dc24325934ee377cfda20e414c-Paper.pdf}},
 publisher = {Curran Associates, Inc.},
 series = {Conference Track Proceedings},
 title = {Streaming Pointwise Mutual Information},
 volume = {22},
 year = {2009}
}

@inproceedings{eck2009infinite,
 address = {Vancouver, British Columbia, Canada},
 author = {Eck, Douglas and Bengio, Yoshua and Courville, Aaron C},
 booktitle = {Advances in Neural Information Processing Systems 22 (NIPS)},
 editor = {Bengio, Y. and Schuurmans, D. and Lafferty, J. and Williams, C. and Culotta, A.},
 month = {December},
 note = {\url{https://proceedings.neurips.cc/paper_files/paper/2009/file/1e6e0a04d20f50967c64dac2d639a577-Paper.pdf}},
 publisher = {Curran Associates, Inc.},
 series = {Conference Track Proceedings},
 title = {An Infinite Factor Model Hierarchy Via a Noisy-Or Mechanism},
 volume = {22},
 year = {2009}
}

@inproceedings{farias2009data,
 address = {Vancouver, British Columbia, Canada},
 author = {Farias, Vivek and Jagabathula, Srikanth and Shah, Devavrat},
 booktitle = {Advances in Neural Information Processing Systems 22 (NIPS)},
 editor = {Bengio, Yoshua and Schuurmans, Dan and Lafferty, John and Williams, Chris and Culotta, Aron},
 month = {December},
 note = {\url{https://proceedings.neurips.cc/paper_files/paper/2009/file/98b297950041a42470269d56260243a1-Paper.pdf}},
 publisher = {Curran Associates, Inc.},
 series = {Conference Track Proceedings},
 title = {A Data-Driven Approach to Modeling Choice},
 volume = {22},
 year = {2009}
}

@inproceedings{fazli2009subject,
 address = {Vancouver, British Columbia, Canada},
 author = {Fazli, Siamac and Grozea, Cristian and Danoczy, Marton and Blankertz, Benjamin and Popescu, Florin and Müller, Klaus-Robert},
 booktitle = {Advances in Neural Information Processing Systems 22 (NIPS)},
 editor = {Bengio, Yoshua and Schuurmans, Dan and Lafferty, John and Williams, Chris and Culotta, Aron},
 month = {December},
 note = {\url{https://proceedings.neurips.cc/paper_files/paper/2009/file/8a1e808b55fde9455cb3d8857ed88389-Paper.pdf}},
 publisher = {Curran Associates, Inc.},
 series = {Conference Track Proceedings},
 title = {Subject independent EEG-based BCI decoding},
 volume = {22},
 year = {2009}
}

@inproceedings{fergus2009semi,
 address = {Vancouver, British Columbia, Canada},
 author = {Fergus, Rob and Weiss, Yair and Torralba, Antonio},
 booktitle = {Advances in Neural Information Processing Systems 22 (NIPS)},
 editor = {Bengio, Y. and Schuurmans, D. and Lafferty, J. and Williams, C. and Culotta, A.},
 month = {December},
 note = {\url{https://proceedings.neurips.cc/paper_files/paper/2009/file/1651cf0d2f737d7adeab84d339dbabd3-Paper.pdf}},
 publisher = {Curran Associates, Inc.},
 series = {Conference Track Proceedings},
 title = {Semi-Supervised Learning in Gigantic Image Collections},
 volume = {22},
 year = {2009}
}

@inproceedings{fidler2009evaluating,
 address = {Vancouver, British Columbia, Canada},
 author = {Fidler, Sanja and Boben, Marko and Leonardis, Ales},
 booktitle = {Advances in Neural Information Processing Systems 22 (NIPS)},
 editor = {Bengio, Yoshua and Schuurmans, Dan and Lafferty, John and Williams, Chris and Culotta, Aron},
 month = {December},
 note = {\url{https://proceedings.neurips.cc/paper_files/paper/2009/file/a8baa56554f96369ab93e4f3bb068c22-Paper.pdf}},
 publisher = {Curran Associates, Inc.},
 series = {Conference Track Proceedings},
 title = {Evaluating multi-class learning strategies in a generative hierarchical framework for object detection},
 volume = {22},
 year = {2009}
}

@inproceedings{fox2009sharing,
 address = {Vancouver, British Columbia, Canada},
 author = {Fox, Emily and Jordan, Michael and Sudderth, Erik and Willsky, Alan},
 booktitle = {Advances in Neural Information Processing Systems 22 (NIPS)},
 editor = {Bengio, Y. and Schuurmans, D. and Lafferty, J. and Williams, C. and Culotta, A.},
 month = {December},
 note = {\url{https://proceedings.neurips.cc/paper_files/paper/2009/file/4b04a686b0ad13dce35fa99fa4161c65-Paper.pdf}},
 publisher = {Curran Associates, Inc.},
 series = {Conference Track Proceedings},
 title = {Sharing Features among Dynamical Systems with Beta Processes},
 volume = {22},
 year = {2009}
}

@inproceedings{frank2009particle,
 address = {Vancouver, British Columbia, Canada},
 author = {Frank, Andrew and Smyth, Padhraic and Ihler, Alexander},
 booktitle = {Advances in Neural Information Processing Systems 22 (NIPS)},
 editor = {Bengio, Y. and Schuurmans, D. and Lafferty, J. and Williams, C. and Culotta, A.},
 month = {December},
 note = {\url{https://proceedings.neurips.cc/paper_files/paper/2009/file/5ec91aac30eae62f4140325d09b9afd0-Paper.pdf}},
 publisher = {Curran Associates, Inc.},
 series = {Conference Track Proceedings},
 title = {Particle-based Variational Inference for Continuous Systems},
 volume = {22},
 year = {2009}
}

@inproceedings{fritz2009additive,
 address = {Vancouver, British Columbia, Canada},
 author = {Fritz, Mario and Bradski, Gary and Karayev, Sergey and Darrell, Trevor and Black, Michael},
 booktitle = {Advances in Neural Information Processing Systems 22 (NIPS)},
 editor = {Bengio, Y. and Schuurmans, D. and Lafferty, J. and Williams, C. and Culotta, A.},
 month = {December},
 note = {\url{https://proceedings.neurips.cc/paper_files/paper/2009/file/e46de7e1bcaaced9a54f1e9d0d2f800d-Paper.pdf}},
 publisher = {Curran Associates, Inc.},
 series = {Conference Track Proceedings},
 title = {An Additive Latent Feature Model for Transparent Object Recognition},
 volume = {22},
 year = {2009}
}

@inproceedings{fromer2009lp,
 address = {Vancouver, British Columbia, Canada},
 author = {Fromer, Menachem and Globerson, Amir},
 booktitle = {Advances in Neural Information Processing Systems 22 (NIPS)},
 editor = {Bengio, Y. and Schuurmans, D. and Lafferty, J. and Williams, C. and Culotta, A.},
 month = {December},
 note = {\url{https://proceedings.neurips.cc/paper_files/paper/2009/file/6d3a2d24eb109dddf78374fe5d0ee067-Paper.pdf}},
 publisher = {Curran Associates, Inc.},
 series = {Conference Track Proceedings},
 title = {An LP View of the M-best MAP problem},
 volume = {22},
 year = {2009}
}

@inproceedings{fujiwara2009estimating,
 address = {Vancouver, British Columbia, Canada},
 author = {Fujiwara, Yusuke and Miyawaki, Yoichi and Kamitani, Yukiyasu},
 booktitle = {Advances in Neural Information Processing Systems 22 (NIPS)},
 editor = {Bengio, Y. and Schuurmans, D. and Lafferty, J. and Williams, C. and Culotta, A.},
 month = {December},
 note = {\url{https://proceedings.neurips.cc/paper_files/paper/2009/file/dc5689792e08eb2e219dce49e64c885b-Paper.pdf}},
 publisher = {Curran Associates, Inc.},
 series = {Conference Track Proceedings},
 title = {Estimating image bases for visual image reconstruction from human brain activity},
 volume = {22},
 year = {2009}
}

@inproceedings{fukumizu2009kernel,
 address = {Vancouver, British Columbia, Canada},
 author = {Fukumizu, Kenji and Gretton, Arthur and Lanckriet, Gert and Schölkopf, Bernhard and Sriperumbudur, Bharath K.},
 booktitle = {Advances in Neural Information Processing Systems 22 (NIPS)},
 editor = {Bengio, Y. and Schuurmans, D. and Lafferty, J. and Williams, C. and Culotta, A.},
 month = {December},
 note = {\url{https://proceedings.neurips.cc/paper_files/paper/2009/file/685ac8cadc1be5ac98da9556bc1c8d9e-Paper.pdf}},
 publisher = {Curran Associates, Inc.},
 series = {Conference Track Proceedings},
 title = {Kernel Choice and Classifiability for RKHS Embeddings of Probability Distributions},
 volume = {22},
 year = {2009}
}

@inproceedings{ganchev2009posterior,
 address = {Vancouver, British Columbia, Canada},
 author = {Ganchev, Kuzman and Taskar, Ben and Pereira, Fernando and Gama, João},
 booktitle = {Advances in Neural Information Processing Systems 22 (NIPS)},
 editor = {Bengio, Yoshua and Schuurmans, Dan and Lafferty, John and Williams, Chris and Culotta, Aron},
 month = {December},
 note = {\url{https://proceedings.neurips.cc/paper_files/paper/2009/file/8f1d43620bc6bb580df6e80b0dc05c48-Paper.pdf}},
 publisher = {Curran Associates, Inc.},
 series = {Conference Track Proceedings},
 title = {Posterior vs Parameter Sparsity in Latent Variable Models},
 volume = {22},
 year = {2009}
}

@inproceedings{gao2009graph,
 address = {Vancouver, British Columbia, Canada},
 author = {Gao, Jing and Liang, Feng and Fan, Wei and Sun, Yizhou and Han, Jiawei},
 booktitle = {Advances in Neural Information Processing Systems 22 (NIPS)},
 editor = {Bengio, Y. and Schuurmans, D. and Lafferty, J. and Williams, C. and Culotta, A.},
 month = {December},
 note = {\url{https://proceedings.neurips.cc/paper_files/paper/2009/file/d7a728a67d909e714c0774e22cb806f2-Paper.pdf}},
 publisher = {Curran Associates, Inc.},
 series = {Conference Track Proceedings},
 title = {Graph-based Consensus Maximization among Multiple Supervised and Unsupervised Models},
 volume = {22},
 year = {2009}
}

@inproceedings{garcia2009lattice,
 address = {Vancouver, British Columbia, Canada},
 author = {Garcia, Eric and Gupta, Maya},
 booktitle = {Advances in Neural Information Processing Systems 22 (NIPS)},
 editor = {Bengio, Y. and Schuurmans, D. and Lafferty, J. and Williams, C. and Culotta, A.},
 month = {December},
 note = {\url{https://proceedings.neurips.cc/paper_files/paper/2009/file/4b0250793549726d5c1ea3906726ebfe-Paper.pdf}},
 publisher = {Curran Associates, Inc.},
 series = {Conference Track Proceedings},
 title = {Lattice Regression},
 volume = {22},
 year = {2009}
}

@inproceedings{germain2009from,
 address = {Vancouver, British Columbia, Canada},
 author = {Germain, Pascal and Lacasse, Alexandre and Marchand, Mario and Shanian, Sara and Laviolette, François},
 booktitle = {Advances in Neural Information Processing Systems 22 (NIPS)},
 editor = {Bengio, Y. and Schuurmans, D. and Lafferty, J. and Williams, C. and Culotta, A.},
 month = {December},
 note = {\url{https://proceedings.neurips.cc/paper_files/paper/2009/file/250cf8b51c773f3f8dc8b4be867a9a02-Paper.pdf}},
 publisher = {Curran Associates, Inc.},
 series = {Conference Track Proceedings},
 title = {From PAC-Bayes Bounds to KL Regularization},
 volume = {22},
 year = {2009}
}

@inproceedings{gershman2009perceptual,
 address = {Vancouver, British Columbia, Canada},
 author = {Gershman, Samuel and Vul, Ed and Tenenbaum, Joshua},
 booktitle = {Advances in Neural Information Processing Systems 22 (NIPS)},
 editor = {Bengio, Y. and Schuurmans, D. and Lafferty, J. and Williams, C. and Culotta, A.},
 month = {December},
 note = {\url{https://proceedings.neurips.cc/paper_files/paper/2009/file/692f93be8c7a41525c0baf2076aecfb4-Paper.pdf}},
 publisher = {Curran Associates, Inc.},
 series = {Conference Track Proceedings},
 title = {Perceptual Multistability as Markov Chain Monte Carlo Inference},
 volume = {22},
 year = {2009}
}

@inproceedings{gerven2009bayesian,
 address = {Vancouver, British Columbia, Canada},
 author = {Gerven, Marcel and Cseke, Botond and Oostenveld, Robert and Heskes, Tom},
 booktitle = {Advances in Neural Information Processing Systems 22 (NIPS)},
 editor = {Bengio, Y. and Schuurmans, D. and Lafferty, J. and Williams, C. and Culotta, A.},
 month = {December},
 note = {\url{https://proceedings.neurips.cc/paper_files/paper/2009/file/e7b24b112a44fdd9ee93bdf998c6ca0e-Paper.pdf}},
 publisher = {Curran Associates, Inc.},
 series = {Conference Track Proceedings},
 title = {Bayesian Source Localization with the Multivariate Laplace Prior},
 volume = {22},
 year = {2009}
}

@inproceedings{gerwinn2009bayesian,
 address = {Vancouver, British Columbia, Canada},
 author = {Gerwinn, Sebastian and White, Leonard and Kaschube, Matthias and Bethge, Matthias and Macke, Jakob H},
 booktitle = {Advances in Neural Information Processing Systems 22 (NIPS)},
 editor = {Bengio, Y. and Schuurmans, D. and Lafferty, J. and Williams, C. and Culotta, A.},
 month = {December},
 note = {\url{https://proceedings.neurips.cc/paper_files/paper/2009/file/ef0d3930a7b6c95bd2b32ed45989c61f-Paper.pdf}},
 publisher = {Curran Associates, Inc.},
 series = {Conference Track Proceedings},
 title = {Bayesian estimation of orientation preference maps},
 volume = {22},
 year = {2009}
}

@inproceedings{gerwinn2009joint,
 address = {Vancouver, British Columbia, Canada},
 author = {Gerwinn, Sebastian and Berens, Philipp and Bethge, Matthias},
 booktitle = {Advances in Neural Information Processing Systems 22 (NIPS)},
 editor = {Bengio, Y. and Schuurmans, D. and Lafferty, J. and Williams, C. and Culotta, A.},
 month = {December},
 note = {\url{https://proceedings.neurips.cc/paper_files/paper/2009/file/be83ab3ecd0db773eb2dc1b0a17836a1-Paper.pdf}},
 publisher = {Curran Associates, Inc.},
 series = {Conference Track Proceedings},
 title = {A joint maximum-entropy model for binary neural population patterns and continuous signals},
 volume = {22},
 year = {2009}
}

@inproceedings{ghebreab2009biologically,
 address = {Vancouver, British Columbia, Canada},
 author = {Ghebreab, Sennay and Scholte, Steven and Lamme, Victor and Smeulders, Arnold},
 booktitle = {Advances in Neural Information Processing Systems 22 (NIPS)},
 editor = {Bengio, Y. and Schuurmans, D. and Lafferty, J. and Williams, C. and Culotta, A.},
 month = {December},
 note = {\url{https://proceedings.neurips.cc/paper_files/paper/2009/file/ccb0989662211f61edae2e26d58ea92f-Paper.pdf}},
 publisher = {Curran Associates, Inc.},
 series = {Conference Track Proceedings},
 title = {A Biologically Plausible Model for Rapid Natural Scene Identification},
 volume = {22},
 year = {2009}
}

@inproceedings{goldberger2009gaussian,
 address = {Vancouver, British Columbia, Canada},
 author = {Goldberger, Jacob and Leshem, Amir},
 booktitle = {Advances in Neural Information Processing Systems 22 (NIPS)},
 editor = {Bengio, Y. and Schuurmans, D. and Lafferty, J. and Williams, C. and Culotta, A.},
 month = {December},
 note = {\url{https://proceedings.neurips.cc/paper_files/paper/2009/file/839ab46820b524afda05122893c2fe8e-Paper.pdf}},
 publisher = {Curran Associates, Inc.},
 series = {Conference Track Proceedings},
 title = {A Gaussian Tree Approximation for Integer Least-Squares},
 volume = {22},
 year = {2009}
}

@inproceedings{goodfellow2009measuring,
 address = {Vancouver, British Columbia, Canada},
 author = {Goodfellow, Ian and Lee, Honglak and Le, Quoc and Saxe, Andrew and Ng, Andrew},
 booktitle = {Advances in Neural Information Processing Systems 22 (NIPS)},
 editor = {Bengio, Y. and Schuurmans, D. and Lafferty, J. and Williams, C. and Culotta, A.},
 month = {December},
 note = {\url{https://proceedings.neurips.cc/paper_files/paper/2009/file/428fca9bc1921c25c5121f9da7815cde-Paper.pdf}},
 publisher = {Curran Associates, Inc.},
 series = {Conference Track Proceedings},
 title = {Measuring Invariances in Deep Networks},
 volume = {22},
 year = {2009}
}

@inproceedings{gould2009region,
 address = {Vancouver, British Columbia, Canada},
 author = {Gould, Stephen and Gao, Tianshi and Koller, Daphne},
 booktitle = {Advances in Neural Information Processing Systems 22 (NIPS)},
 editor = {Bengio, Yoshua and Schuurmans, Dan and Lafferty, John and Williams, Chris and Culotta, Aron},
 month = {December},
 note = {\url{https://proceedings.neurips.cc/paper_files/paper/2009/file/a7aeed74714116f3b292a982238f83d2-Paper.pdf}},
 publisher = {Curran Associates, Inc.},
 series = {Conference Track Proceedings},
 title = {Region-based Segmentation and Object Detection},
 volume = {22},
 year = {2009}
}

@inproceedings{gretton2009fast,
 address = {Vancouver, British Columbia, Canada},
 author = {Gretton, Arthur and Fukumizu, Kenji and Harchaoui, Zaïd and Sriperumbudur, Bharath K.},
 booktitle = {Advances in Neural Information Processing Systems 22 (NIPS)},
 editor = {Bengio, Yoshua and Schuurmans, Dan and Lafferty, John and Williams, Chris and Culotta, Aron},
 month = {December},
 note = {\url{https://proceedings.neurips.cc/paper_files/paper/2009/file/9246444d94f081e3549803b928260f56-Paper.pdf}},
 publisher = {Curran Associates, Inc.},
 series = {Conference Track Proceedings},
 title = {A Fast, Consistent Kernel Two-Sample Test},
 volume = {22},
 year = {2009}
}

@inproceedings{gretton2009nonlinear,
 address = {Vancouver, British Columbia, Canada},
 author = {Gretton, Arthur and Spirtes, Peter and Tillman, Robert},
 booktitle = {Advances in Neural Information Processing Systems 22 (NIPS)},
 editor = {Bengio, Y. and Schuurmans, D. and Lafferty, J. and Williams, C. and Culotta, A.},
 month = {December},
 note = {\url{https://proceedings.neurips.cc/paper_files/paper/2009/file/83fa5a432ae55c253d0e60dbfa716723-Paper.pdf}},
 publisher = {Curran Associates, Inc.},
 series = {Conference Track Proceedings},
 title = {Nonlinear directed acyclic structure learning with weakly additive noise models},
 volume = {22},
 year = {2009}
}

@inproceedings{grzegorczyk2009non,
 address = {Vancouver, British Columbia, Canada},
 author = {Grzegorczyk, Marco and Husmeier, Dirk},
 booktitle = {Advances in Neural Information Processing Systems 22 (NIPS)},
 editor = {Bengio, Y. and Schuurmans, D. and Lafferty, J. and Williams, C. and Culotta, A.},
 month = {December},
 note = {\url{https://proceedings.neurips.cc/paper_files/paper/2009/file/0ff39bbbf981ac0151d340c9aa40e63e-Paper.pdf}},
 publisher = {Curran Associates, Inc.},
 series = {Conference Track Proceedings},
 title = {Non-Stationary Continuous Dynamic Bayesian Networks},
 volume = {22},
 year = {2009}
}

@inproceedings{guillory2009label,
 address = {Vancouver, British Columbia, Canada},
 author = {Guillory, Andrew and Bilmes, Jeff A.},
 booktitle = {Advances in Neural Information Processing Systems 22 (NIPS)},
 editor = {Bengio, Yoshua and Schuurmans, Dan and Lafferty, John and Williams, Chris and Culotta, Aron},
 month = {December},
 note = {\url{https://proceedings.neurips.cc/paper_files/paper/2009/file/90794e3b050f815354e3e29e977a88ab-Paper.pdf}},
 publisher = {Curran Associates, Inc.},
 series = {Conference Track Proceedings},
 title = {Label Selection on Graphs},
 volume = {22},
 year = {2009}
}

@inproceedings{hazan2009beyond,
 address = {Vancouver, British Columbia, Canada},
 author = {Hazan, Elad and Kale, Satyen},
 booktitle = {Advances in Neural Information Processing Systems 22 (NIPS)},
 editor = {Bengio, Y. and Schuurmans, D. and Lafferty, J. and Williams, C. and Culotta, A.},
 month = {December},
 note = {\url{https://proceedings.neurips.cc/paper_files/paper/2009/file/f770b62bc8f42a0b66751fe636fc6eb0-Paper.pdf}},
 publisher = {Curran Associates, Inc.},
 series = {Conference Track Proceedings},
 title = {Beyond Convexity: Online Submodular Minimization},
 volume = {22},
 year = {2009}
}

@inproceedings{hazan2009on,
 address = {Vancouver, British Columbia, Canada},
 author = {Hazan, Elad and Kale, Satyen},
 booktitle = {Advances in Neural Information Processing Systems 22 (NIPS)},
 editor = {Bengio, Y. and Schuurmans, D. and Lafferty, J. and Williams, C. and Culotta, A.},
 month = {December},
 note = {\url{https://proceedings.neurips.cc/paper_files/paper/2009/file/26337353b7962f533d78c762373b3318-Paper.pdf}},
 publisher = {Curran Associates, Inc.},
 series = {Conference Track Proceedings},
 title = {On Stochastic and Worst-case Models for Investing},
 volume = {22},
 year = {2009}
}

@inproceedings{hein2009robust,
 address = {Vancouver, British Columbia, Canada},
 author = {Hein, Matthias},
 booktitle = {Advances in Neural Information Processing Systems 22 (NIPS)},
 editor = {Bengio, Yoshua and Schuurmans, Dan and Lafferty, John and Williams, Chris and Culotta, Aron},
 month = {December},
 note = {\url{https://proceedings.neurips.cc/paper_files/paper/2009/file/92977ae4d2ba21425a59afb269c2a14e-Paper.pdf}},
 publisher = {Curran Associates, Inc.},
 series = {Conference Track Proceedings},
 title = {Robust Nonparametric Regression with Metric-Space Valued Output},
 volume = {22},
 year = {2009}
}

@inproceedings{henao2009bayesian,
 address = {Vancouver, British Columbia, Canada},
 author = {Henao, Ricardo and Winther, Ole},
 booktitle = {Advances in Neural Information Processing Systems 22 (NIPS)},
 editor = {Bengio, Yoshua and Schuurmans, Dan and Lafferty, John and Williams, Chris and Culotta, Aron},
 month = {December},
 note = {\url{https://proceedings.neurips.cc/paper_files/paper/2009/file/9b698eb3105bd82528f23d0c92dedfc0-Paper.pdf}},
 publisher = {Curran Associates, Inc.},
 series = {Conference Track Proceedings},
 title = {Bayesian Sparse Factor Models and DAGs Inference and Comparison},
 volume = {22},
 year = {2009}
}

@inproceedings{hinton2009replicated,
 address = {Vancouver, British Columbia, Canada},
 author = {Hinton, Geoffrey E. and Salakhutdinov, Russ R.},
 booktitle = {Advances in Neural Information Processing Systems 22 (NIPS)},
 editor = {Bengio, Y. and Schuurmans, D. and Lafferty, J. and Williams, C. and Culotta, A.},
 month = {December},
 note = {\url{https://proceedings.neurips.cc/paper_files/paper/2009/file/31839b036f63806cba3f47b93af8ccb5-Paper.pdf}},
 publisher = {Curran Associates, Inc.},
 series = {Conference Track Proceedings},
 title = {Replicated Softmax: an Undirected Topic Model},
 volume = {22},
 year = {2009}
}

@inproceedings{honorio2009sparse,
 address = {Vancouver, British Columbia, Canada},
 author = {Honorio, Jean and Samaras, Dimitris and Paragios, Nikos and Goldstein, Rita and Ortiz, Luis E.},
 booktitle = {Advances in Neural Information Processing Systems 22 (NIPS)},
 editor = {Bengio, Y. and Schuurmans, D. and Lafferty, J. and Williams, C. and Culotta, A.},
 month = {December},
 note = {\url{https://proceedings.neurips.cc/paper_files/paper/2009/file/37693cfc748049e45d87b8c7d8b9aacd-Paper.pdf}},
 publisher = {Curran Associates, Inc.},
 series = {Conference Track Proceedings},
 title = {Sparse and Locally Constant Gaussian Graphical Models},
 volume = {22},
 year = {2009}
}

@inproceedings{hsu2009differential,
 address = {Vancouver, British Columbia, Canada},
 author = {Hsu, Anne and Griffiths, Thomas},
 booktitle = {Advances in Neural Information Processing Systems 22 (NIPS)},
 editor = {Bengio, Y. and Schuurmans, D. and Lafferty, J. and Williams, C. and Culotta, A.},
 month = {December},
 note = {\url{https://proceedings.neurips.cc/paper_files/paper/2009/file/0f96613235062963ccde717b18f97592-Paper.pdf}},
 publisher = {Curran Associates, Inc.},
 series = {Conference Track Proceedings},
 title = {Differential Use of Implicit Negative Evidence in Generative and Discriminative Language Learning},
 volume = {22},
 year = {2009}
}

@inproceedings{hsu2009multi,
 address = {Vancouver, British Columbia, Canada},
 author = {Hsu, Daniel J and Kakade, Sham M and Langford, John and Zhang, Tong},
 booktitle = {Advances in Neural Information Processing Systems 22 (NIPS)},
 editor = {Bengio, Y. and Schuurmans, D. and Lafferty, J. and Williams, C. and Culotta, A.},
 month = {December},
 note = {\url{https://proceedings.neurips.cc/paper_files/paper/2009/file/67974233917cea0e42a49a2fb7eb4cf4-Paper.pdf}},
 publisher = {Curran Associates, Inc.},
 series = {Conference Track Proceedings},
 title = {Multi-Label Prediction via Compressed Sensing},
 volume = {22},
 year = {2009}
}

@inproceedings{hsu2009periodic,
 address = {Vancouver, British Columbia, Canada},
 author = {Hsu, Chun-nan and Chang, Yu-ming and Huang, Hanshen and Lee, Yuh-jye},
 booktitle = {Advances in Neural Information Processing Systems 22 (NIPS)},
 editor = {Bengio, Yoshua and Schuurmans, Dan and Lafferty, John and Williams, Chris and Culotta, Aron},
 month = {December},
 note = {\url{https://proceedings.neurips.cc/paper_files/paper/2009/file/884d79963bd8bc0ae9b13a1aa71add73-Paper.pdf}},
 publisher = {Curran Associates, Inc.},
 series = {Conference Track Proceedings},
 title = {Periodic Step Size Adaptation for Single Pass On-line Learning},
 volume = {22},
 year = {2009}
}

@inproceedings{hu2009accelerated,
 address = {Vancouver, British Columbia, Canada},
 author = {Hu, Chonghai and Pan, Weike and Kwok, James},
 booktitle = {Advances in Neural Information Processing Systems 22 (NIPS)},
 editor = {Bengio, Y. and Schuurmans, D. and Lafferty, J. and Williams, C. and Culotta, A.},
 month = {December},
 note = {\url{https://proceedings.neurips.cc/paper_files/paper/2009/file/ec5aa0b7846082a2415f0902f0da88f2-Paper.pdf}},
 publisher = {Curran Associates, Inc.},
 series = {Conference Track Proceedings},
 title = {Accelerated Gradient Methods for Stochastic Optimization and Online Learning},
 volume = {22},
 year = {2009}
}

@inproceedings{hu2009reconstruction,
 address = {Vancouver, British Columbia, Canada},
 author = {Hu, Tao and Leonardo, Anthony and Chklovskii, Dmitri},
 booktitle = {Advances in Neural Information Processing Systems 22 (NIPS)},
 editor = {Bengio, Yoshua and Schuurmans, Dan and Lafferty, John and Williams, Chris and Culotta, Aron},
 month = {December},
 note = {\url{https://proceedings.neurips.cc/paper_files/paper/2009/file/8f7d807e1f53eff5f9efbe5cb81090fb-Paper.pdf}},
 publisher = {Curran Associates, Inc.},
 series = {Conference Track Proceedings},
 title = {Reconstruction of Sparse Circuits Using Multi-neuronal Excitation (RESCUME)},
 volume = {22},
 year = {2009}
}

@inproceedings{huang2009learning,
 address = {Vancouver, British Columbia, Canada},
 author = {Huang, Shuai and Li, Jing and Sun, Liang and Liu, Jun and Wu, Teresa and Chen, Kewei and Fleisher, Adam and Reiman, Eric and Ye, Jieping},
 booktitle = {Advances in Neural Information Processing Systems 22 (NIPS)},
 editor = {Bengio, Y. and Schuurmans, D. and Lafferty, J. and Williams, C. and Culotta, A.},
 month = {December},
 note = {\url{https://proceedings.neurips.cc/paper_files/paper/2009/file/1141938ba2c2b13f5505d7c424ebae5f-Paper.pdf}},
 publisher = {Curran Associates, Inc.},
 series = {Conference Track Proceedings},
 title = {Learning Brain Connectivity of Alzheimer's Disease from Neuroimaging Data},
 volume = {22},
 year = {2009}
}

@inproceedings{huang2009riffled,
 address = {Vancouver, British Columbia, Canada},
 author = {Huang, Jonathan and Guestrin, Carlos},
 booktitle = {Advances in Neural Information Processing Systems 22 (NIPS)},
 editor = {Bengio, Y. and Schuurmans, D. and Lafferty, J. and Williams, C. and Culotta, A.},
 month = {December},
 note = {\url{https://proceedings.neurips.cc/paper_files/paper/2009/file/6cfe0e6127fa25df2a0ef2ae1067d915-Paper.pdf}},
 publisher = {Curran Associates, Inc.},
 series = {Conference Track Proceedings},
 title = {Riffled Independence for Ranked Data},
 volume = {22},
 year = {2009}
}

@inproceedings{hutter2009discrete,
 address = {Vancouver, British Columbia, Canada},
 author = {Hutter, Marcus},
 booktitle = {Advances in Neural Information Processing Systems 22 (NIPS)},
 editor = {Bengio, Y. and Schuurmans, D. and Lafferty, J. and Williams, C. and Culotta, A.},
 month = {December},
 note = {\url{https://proceedings.neurips.cc/paper_files/paper/2009/file/d3d9446802a44259755d38e6d163e820-Paper.pdf}},
 publisher = {Curran Associates, Inc.},
 series = {Conference Track Proceedings},
 title = {Discrete MDL Predicts in Total Variation},
 volume = {22},
 year = {2009}
}

@inproceedings{iwata2009modeling,
 address = {Vancouver, British Columbia, Canada},
 author = {Iwata, Tomoharu and Yamada, Takeshi and Ueda, Naonori},
 booktitle = {Advances in Neural Information Processing Systems 22 (NIPS)},
 editor = {Bengio, Y. and Schuurmans, D. and Lafferty, J. and Williams, C. and Culotta, A.},
 month = {December},
 note = {\url{https://proceedings.neurips.cc/paper_files/paper/2009/file/39059724f73a9969845dfe4146c5660e-Paper.pdf}},
 publisher = {Curran Associates, Inc.},
 series = {Conference Track Proceedings},
 title = {Modeling Social Annotation Data with Content Relevance using a Topic Model},
 volume = {22},
 year = {2009}
}

@inproceedings{jagarlapudi2009on,
 address = {Vancouver, British Columbia, Canada},
 author = {Jagarlapudi, Saketha and G, Dinesh and S, Raman and Bhattacharyya, Chiranjib and Ben-tal, Aharon and K.r., Ramakrishnan},
 booktitle = {Advances in Neural Information Processing Systems 22 (NIPS)},
 editor = {Bengio, Y. and Schuurmans, D. and Lafferty, J. and Williams, C. and Culotta, A.},
 month = {December},
 note = {\url{https://proceedings.neurips.cc/paper_files/paper/2009/file/d86ea612dec96096c5e0fcc8dd42ab6d-Paper.pdf}},
 publisher = {Curran Associates, Inc.},
 series = {Conference Track Proceedings},
 title = {On the Algorithmics and Applications of a Mixed-norm based Kernel Learning Formulation},
 volume = {22},
 year = {2009}
}

@inproceedings{jern2009bayesian,
 address = {Vancouver, British Columbia, Canada},
 author = {Jern, Alan and Chang, Kai-min and Kemp, Charles},
 booktitle = {Advances in Neural Information Processing Systems 22 (NIPS)},
 editor = {Bengio, Y. and Schuurmans, D. and Lafferty, J. and Williams, C. and Culotta, A.},
 month = {December},
 note = {\url{https://proceedings.neurips.cc/paper_files/paper/2009/file/3435c378bb76d4357324dd7e69f3cd18-Paper.pdf}},
 publisher = {Curran Associates, Inc.},
 series = {Conference Track Proceedings},
 title = {Bayesian Belief Polarization},
 volume = {22},
 year = {2009}
}

@inproceedings{jin2009regularized,
 address = {Vancouver, British Columbia, Canada},
 author = {Jin, Rong and Wang, Shijun and Zhou, Yang},
 booktitle = {Advances in Neural Information Processing Systems 22 (NIPS)},
 editor = {Bengio, Yoshua and Schuurmans, Dan and Lafferty, John and Williams, Chris and Culotta, Aron},
 month = {December},
 note = {\url{https://proceedings.neurips.cc/paper_files/paper/2009/file/a666587afda6e89aec274a3657558a27-Paper.pdf}},
 publisher = {Curran Associates, Inc.},
 series = {Conference Track Proceedings},
 title = {Regularized Distance Metric Learning: Theory and Algorithm},
 volume = {22},
 year = {2009}
}

@inproceedings{jung2009local,
 address = {Vancouver, British Columbia, Canada},
 author = {Jung, Kyomin and Kohli, Pushmeet and Shah, Devavrat},
 booktitle = {Advances in Neural Information Processing Systems 22 (NIPS)},
 editor = {Bengio, Y. and Schuurmans, D. and Lafferty, J. and Williams, C. and Culotta, A.},
 month = {December},
 note = {\url{https://proceedings.neurips.cc/paper_files/paper/2009/file/eecca5b6365d9607ee5a9d336962c534-Paper.pdf}},
 publisher = {Curran Associates, Inc.},
 series = {Conference Track Proceedings},
 title = {Local Rules for Global MAP: When Do They Work ?},
 volume = {22},
 year = {2009}
}

@inproceedings{kanade2009potential,
 address = {Vancouver, British Columbia, Canada},
 author = {Kanade, Varun and Kalai, Adam},
 booktitle = {Advances in Neural Information Processing Systems 22 (NIPS)},
 editor = {Bengio, Y. and Schuurmans, D. and Lafferty, J. and Williams, C. and Culotta, A.},
 month = {December},
 note = {\url{https://proceedings.neurips.cc/paper_files/paper/2009/file/13f9896df61279c928f19721878fac41-Paper.pdf}},
 publisher = {Curran Associates, Inc.},
 series = {Conference Track Proceedings},
 title = {Potential-Based Agnostic Boosting},
 volume = {22},
 year = {2009}
}

@inproceedings{kao2009directed,
 address = {Vancouver, British Columbia, Canada},
 author = {Kao, Yi-Hao and Roy, Benjamin and Yan, Xiang},
 booktitle = {Advances in Neural Information Processing Systems 22 (NIPS)},
 editor = {Bengio, Y. and Schuurmans, D. and Lafferty, J. and Williams, C. and Culotta, A.},
 month = {December},
 note = {\url{https://proceedings.neurips.cc/paper_files/paper/2009/file/0c74b7f78409a4022a2c4c5a5ca3ee19-Paper.pdf}},
 publisher = {Curran Associates, Inc.},
 series = {Conference Track Proceedings},
 title = {Directed Regression},
 volume = {22},
 year = {2009}
}

@inproceedings{kapoor2009breaking,
 address = {Vancouver, British Columbia, Canada},
 author = {Kapoor, Ashish and Horvitz, Eric},
 booktitle = {Advances in Neural Information Processing Systems 22 (NIPS)},
 editor = {Bengio, Y. and Schuurmans, D. and Lafferty, J. and Williams, C. and Culotta, A.},
 month = {December},
 note = {\url{https://proceedings.neurips.cc/paper_files/paper/2009/file/fc221309746013ac554571fbd180e1c8-Paper.pdf}},
 publisher = {Curran Associates, Inc.},
 series = {Conference Track Proceedings},
 title = {Breaking Boundaries Between Induction Time and Diagnosis Time Active Information Acquisition},
 volume = {22},
 year = {2009}
}

@inproceedings{karam2009speaker,
 address = {Vancouver, British Columbia, Canada},
 author = {Karam, Zahi and Sturim, Douglas and Campbell, William},
 booktitle = {Advances in Neural Information Processing Systems 22 (NIPS)},
 editor = {Bengio, Y. and Schuurmans, D. and Lafferty, J. and Williams, C. and Culotta, A.},
 month = {December},
 note = {\url{https://proceedings.neurips.cc/paper_files/paper/2009/file/bac9162b47c56fc8a4d2a519803d51b3-Paper.pdf}},
 publisher = {Curran Associates, Inc.},
 series = {Conference Track Proceedings},
 title = {Speaker Comparison with Inner Product Discriminant Functions},
 volume = {22},
 year = {2009}
}

@inproceedings{karasuyama2009multiple,
 address = {Vancouver, British Columbia, Canada},
 author = {Karasuyama, Masayuki and Takeuchi, Ichiro},
 booktitle = {Advances in Neural Information Processing Systems 22 (NIPS)},
 editor = {Bengio, Y. and Schuurmans, D. and Lafferty, J. and Williams, C. and Culotta, A.},
 month = {December},
 note = {\url{https://proceedings.neurips.cc/paper_files/paper/2009/file/e6b4b2a746ed40e1af829d1fa82daa10-Paper.pdf}},
 publisher = {Curran Associates, Inc.},
 series = {Conference Track Proceedings},
 title = {Multiple Incremental Decremental Learning of Support Vector Machines},
 volume = {22},
 year = {2009}
}

@inproceedings{kawahara2009submodularity,
 address = {Vancouver, British Columbia, Canada},
 author = {Kawahara, Yoshinobu and Nagano, Kiyohito and Tsuda, Koji and Bilmes, Jeff A.},
 booktitle = {Advances in Neural Information Processing Systems 22 (NIPS)},
 editor = {Bengio, Yoshua and Schuurmans, Dan and Lafferty, John and Williams, Chris and Culotta, Aron},
 month = {December},
 note = {\url{https://proceedings.neurips.cc/paper_files/paper/2009/file/9ad6aaed513b73148b7d49f70afcfb32-Paper.pdf}},
 publisher = {Curran Associates, Inc.},
 series = {Conference Track Proceedings},
 title = {Submodularity Cuts and Applications},
 volume = {22},
 year = {2009}
}

@inproceedings{kemp2009abstraction,
 address = {Vancouver, British Columbia, Canada},
 author = {Kemp, Charles and Jern, Alan},
 booktitle = {Advances in Neural Information Processing Systems 22 (NIPS)},
 editor = {Bengio, Yoshua and Schuurmans, Dan and Lafferty, John and Williams, Chris and Culotta, Aron},
 month = {December},
 note = {\url{https://proceedings.neurips.cc/paper_files/paper/2009/file/96da2f590cd7246bbde0051047b0d6f7-Paper.pdf}},
 publisher = {Curran Associates, Inc.},
 series = {Conference Track Proceedings},
 title = {Abstraction and Relational learning},
 volume = {22},
 year = {2009}
}

@inproceedings{kemp2009individuation,
 address = {Vancouver, British Columbia, Canada},
 author = {Kemp, Charles and Jern, Alan and Xu, Fei},
 booktitle = {Advances in Neural Information Processing Systems 22 (NIPS)},
 editor = {Bengio, Y. and Schuurmans, D. and Lafferty, J. and Williams, C. and Culotta, A.},
 month = {December},
 note = {\url{https://proceedings.neurips.cc/paper_files/paper/2009/file/38af86134b65d0f10fe33d30dd76442e-Paper.pdf}},
 publisher = {Curran Associates, Inc.},
 series = {Conference Track Proceedings},
 title = {Individuation, Identification and Object Discovery},
 volume = {22},
 year = {2009}
}

@inproceedings{kemp2009quantification,
 address = {Vancouver, British Columbia, Canada},
 author = {Kemp, Charles},
 booktitle = {Advances in Neural Information Processing Systems 22 (NIPS)},
 editor = {Bengio, Y. and Schuurmans, D. and Lafferty, J. and Williams, C. and Culotta, A.},
 month = {December},
 note = {\url{https://proceedings.neurips.cc/paper_files/paper/2009/file/82161242827b703e6acf9c726942a1e4-Paper.pdf}},
 publisher = {Curran Associates, Inc.},
 series = {Conference Track Proceedings},
 title = {Quantification and the language of thought},
 volume = {22},
 year = {2009}
}

@inproceedings{keshavan2009matrix,
 address = {Vancouver, British Columbia, Canada},
 author = {Keshavan, Raghunandan and Montanari, Andrea and Oh, Sewoong},
 booktitle = {Advances in Neural Information Processing Systems 22 (NIPS)},
 editor = {Bengio, Y. and Schuurmans, D. and Lafferty, J. and Williams, C. and Culotta, A.},
 month = {December},
 note = {\url{https://proceedings.neurips.cc/paper_files/paper/2009/file/aa942ab2bfa6ebda4840e7360ce6e7ef-Paper.pdf}},
 publisher = {Curran Associates, Inc.},
 series = {Conference Track Proceedings},
 title = {Matrix Completion from Noisy Entries},
 volume = {22},
 year = {2009}
}

@inproceedings{kim2009clustering,
 address = {Vancouver, British Columbia, Canada},
 author = {Kim, Jong and Choi, Seungjin},
 booktitle = {Advances in Neural Information Processing Systems 22 (NIPS)},
 editor = {Bengio, Y. and Schuurmans, D. and Lafferty, J. and Williams, C. and Culotta, A.},
 month = {December},
 note = {\url{https://proceedings.neurips.cc/paper_files/paper/2009/file/4e0928de075538c593fbdabb0c5ef2c3-Paper.pdf}},
 publisher = {Curran Associates, Inc.},
 series = {Conference Track Proceedings},
 title = {Clustering Sequence Sets for Motif Discovery},
 volume = {22},
 year = {2009}
}

@inproceedings{kim2009semi,
 address = {Vancouver, British Columbia, Canada},
 author = {Kim, Kwang and Steinke, Florian and Hein, Matthias},
 booktitle = {Advances in Neural Information Processing Systems 22 (NIPS)},
 editor = {Bengio, Y. and Schuurmans, D. and Lafferty, J. and Williams, C. and Culotta, A.},
 month = {December},
 note = {\url{https://proceedings.neurips.cc/paper_files/paper/2009/file/f4552671f8909587cf485ea990207f3b-Paper.pdf}},
 publisher = {Curran Associates, Inc.},
 series = {Conference Track Proceedings},
 title = {Semi-supervised Regression using Hessian energy with an application to semi-supervised dimensionality reduction},
 volume = {22},
 year = {2009}
}

@inproceedings{kim2009unsupervised,
 address = {Vancouver, British Columbia, Canada},
 author = {Kim, Gunhee and Torralba, Antonio},
 booktitle = {Advances in Neural Information Processing Systems 22 (NIPS)},
 editor = {Bengio, Yoshua and Schuurmans, Dan and Lafferty, John and Williams, Chris and Culotta, Aron},
 month = {December},
 note = {\url{https://proceedings.neurips.cc/paper_files/paper/2009/file/a87ff679a2f3e71d9181a67b7542122c-Paper.pdf}},
 publisher = {Curran Associates, Inc.},
 series = {Conference Track Proceedings},
 title = {Unsupervised Detection of Regions of Interest Using Iterative Link Analysis},
 volume = {22},
 year = {2009}
}

@inproceedings{klampfl2009replacing,
 address = {Vancouver, British Columbia, Canada},
 author = {Klampfl, Stefan and Maass, Wolfgang},
 booktitle = {Advances in Neural Information Processing Systems 22 (NIPS)},
 editor = {Bengio, Y. and Schuurmans, D. and Lafferty, J. and Williams, C. and Culotta, A.},
 month = {December},
 note = {\url{https://proceedings.neurips.cc/paper_files/paper/2009/file/08c5433a60135c32e34f46a71175850c-Paper.pdf}},
 publisher = {Curran Associates, Inc.},
 series = {Conference Track Proceedings},
 title = {Replacing Supervised Classification Learning by Slow Feature Analysis in Spiking Neural Networks},
 volume = {22},
 year = {2009}
}

@inproceedings{kloft2009efficient,
 address = {Vancouver, British Columbia, Canada},
 author = {Kloft, Marius and Brefeld, Ulf and Laskov, Pavel and Lüke, Klaus-Robert and Zien, Alexander and Sonnenburg, Sören},
 booktitle = {Advances in Neural Information Processing Systems 22 (NIPS)},
 editor = {Bengio, Y. and Schuurmans, D. and Lafferty, J. and Williams, C. and Culotta, A.},
 month = {December},
 note = {\url{https://proceedings.neurips.cc/paper_files/paper/2009/file/d516b13671a4179d9b7b458a6ebdeb92-Paper.pdf}},
 publisher = {Curran Associates, Inc.},
 series = {Conference Track Proceedings},
 title = {Efficient and Accurate Lp-Norm Multiple Kernel Learning},
 volume = {22},
 year = {2009}
}

@inproceedings{kolar2009sparsistent,
 address = {Vancouver, British Columbia, Canada},
 author = {Kolar, Mladen and Song, Le and Xing, Eric},
 booktitle = {Advances in Neural Information Processing Systems 22 (NIPS)},
 editor = {Bengio, Y. and Schuurmans, D. and Lafferty, J. and Williams, C. and Culotta, A.},
 month = {December},
 note = {\url{https://proceedings.neurips.cc/paper_files/paper/2009/file/7bcdf75ad237b8e02e301f4091fb6bc8-Paper.pdf}},
 publisher = {Curran Associates, Inc.},
 series = {Conference Track Proceedings},
 title = {Sparsistent Learning of Varying-coefficient Models with Structural Changes},
 volume = {22},
 year = {2009}
}

@inproceedings{konidaris2009skill,
 address = {Vancouver, British Columbia, Canada},
 author = {Konidaris, George and Barto, Andrew},
 booktitle = {Advances in Neural Information Processing Systems 22 (NIPS)},
 editor = {Bengio, Y. and Schuurmans, D. and Lafferty, J. and Williams, C. and Culotta, A.},
 month = {December},
 note = {\url{https://proceedings.neurips.cc/paper_files/paper/2009/file/e0cf1f47118daebc5b16269099ad7347-Paper.pdf}},
 publisher = {Curran Associates, Inc.},
 series = {Conference Track Proceedings},
 title = {Skill Discovery in Continuous Reinforcement Learning Domains using Skill Chaining},
 volume = {22},
 year = {2009}
}

@inproceedings{kpotufe2009fast,
 address = {Vancouver, British Columbia, Canada},
 author = {Kpotufe, Samory},
 booktitle = {Advances in Neural Information Processing Systems 22 (NIPS)},
 editor = {Bengio, Y. and Schuurmans, D. and Lafferty, J. and Williams, C. and Culotta, A.},
 month = {December},
 note = {\url{https://proceedings.neurips.cc/paper_files/paper/2009/file/31b3b31a1c2f8a370206f111127c0dbd-Paper.pdf}},
 publisher = {Curran Associates, Inc.},
 series = {Conference Track Proceedings},
 title = {Fast, Smooth and Adaptive Regression in Metric Spaces},
 volume = {22},
 year = {2009}
}

@inproceedings{krishnan2009fast,
 address = {Vancouver, British Columbia, Canada},
 author = {Krishnan, Dilip and Fergus, Rob},
 booktitle = {Advances in Neural Information Processing Systems 22 (NIPS)},
 editor = {Bengio, Y. and Schuurmans, D. and Lafferty, J. and Williams, C. and Culotta, A.},
 month = {December},
 note = {\url{https://proceedings.neurips.cc/paper_files/paper/2009/file/3dd48ab31d016ffcbf3314df2b3cb9ce-Paper.pdf}},
 publisher = {Curran Associates, Inc.},
 series = {Conference Track Proceedings},
 title = {Fast Image Deconvolution using Hyper-Laplacian Priors},
 volume = {22},
 year = {2009}
}

@inproceedings{kulis2009learning,
 address = {Vancouver, British Columbia, Canada},
 author = {Kulis, Brian and Darrell, Trevor},
 booktitle = {Advances in Neural Information Processing Systems 22 (NIPS)},
 editor = {Bengio, Y. and Schuurmans, D. and Lafferty, J. and Williams, C. and Culotta, A.},
 month = {December},
 note = {\url{https://proceedings.neurips.cc/paper_files/paper/2009/file/6602294be910b1e3c4571bd98c4d5484-Paper.pdf}},
 publisher = {Curran Associates, Inc.},
 series = {Conference Track Proceedings},
 title = {Learning to Hash with Binary Reconstructive Embeddings},
 volume = {22},
 year = {2009}
}

@inproceedings{kumar2009ensemble,
 address = {Vancouver, British Columbia, Canada},
 author = {Kumar, Sanjiv and Mohri, Mehryar and Talwalkar, Ameet},
 booktitle = {Advances in Neural Information Processing Systems 22 (NIPS)},
 editor = {Bengio, Yoshua and Schuurmans, Dan and Lafferty, John and Williams, Chris and Culotta, Aron},
 month = {December},
 note = {\url{https://proceedings.neurips.cc/paper_files/paper/2009/file/a49e9411d64ff53eccfdd09ad10a15b3-Paper.pdf}},
 publisher = {Curran Associates, Inc.},
 series = {Conference Track Proceedings},
 title = {Ensemble Nystrom Method},
 volume = {22},
 year = {2009}
}

@inproceedings{kumar2009learning,
 address = {Vancouver, British Columbia, Canada},
 author = {Kumar, M. and Koller, Daphne},
 booktitle = {Advances in Neural Information Processing Systems 22 (NIPS)},
 editor = {Bengio, Y. and Schuurmans, D. and Lafferty, J. and Williams, C. and Culotta, A.},
 month = {December},
 note = {\url{https://proceedings.neurips.cc/paper_files/paper/2009/file/e2a2dcc36a08a345332c751b2f2e476c-Paper.pdf}},
 publisher = {Curran Associates, Inc.},
 series = {Conference Track Proceedings},
 title = {Learning a Small Mixture of Trees},
 volume = {22},
 year = {2009}
}

@inproceedings{lanckriet2009on,
 address = {Vancouver, British Columbia, Canada},
 author = {Lanckriet, Gert and Sriperumbudur, Bharath K.},
 booktitle = {Advances in Neural Information Processing Systems 22 (NIPS)},
 editor = {Bengio, Yoshua and Schuurmans, Dan and Lafferty, John and Williams, Chris and Culotta, Aron},
 month = {December},
 note = {\url{https://proceedings.neurips.cc/paper_files/paper/2009/file/8b5040a8a5baf3e0e67386c2e3a9b903-Paper.pdf}},
 publisher = {Curran Associates, Inc.},
 series = {Conference Track Proceedings},
 title = {On the Convergence of the Concave-Convex Procedure},
 volume = {22},
 year = {2009}
}

@inproceedings{lanctot2009monte,
 address = {Vancouver, British Columbia, Canada},
 author = {Lanctot, Marc and Waugh, Kevin and Zinkevich, Martin and Bowling, Michael},
 booktitle = {Advances in Neural Information Processing Systems 22 (NIPS)},
 editor = {Bengio, Y. and Schuurmans, D. and Lafferty, J. and Williams, C. and Culotta, A.},
 month = {December},
 note = {\url{https://proceedings.neurips.cc/paper_files/paper/2009/file/00411460f7c92d2124a67ea0f4cb5f85-Paper.pdf}},
 publisher = {Curran Associates, Inc.},
 series = {Conference Track Proceedings},
 title = {Monte Carlo Sampling for Regret Minimization in Extensive Games},
 volume = {22},
 year = {2009}
}

@inproceedings{lazarogredilla2009inter,
 address = {Vancouver, British Columbia, Canada},
 author = {Lázaro-Gredilla, Miguel and Figueiras-Vidal, Aníbal},
 booktitle = {Advances in Neural Information Processing Systems 22 (NIPS)},
 editor = {Bengio, Y. and Schuurmans, D. and Lafferty, J. and Williams, C. and Culotta, A.},
 month = {December},
 note = {\url{https://proceedings.neurips.cc/paper_files/paper/2009/file/5ea1649a31336092c05438df996a3e59-Paper.pdf}},
 publisher = {Curran Associates, Inc.},
 series = {Conference Track Proceedings},
 title = {Inter-domain Gaussian Processes for Sparse Inference using Inducing Features},
 volume = {22},
 year = {2009}
}

@inproceedings{lee2009unsupervised,
 address = {Vancouver, British Columbia, Canada},
 author = {Lee, Honglak and Pham, Peter and Largman, Yan and Ng, Andrew},
 booktitle = {Advances in Neural Information Processing Systems 22 (NIPS)},
 editor = {Bengio, Yoshua and Schuurmans, Dan and Lafferty, John and Williams, Chris and Culotta, Aron},
 month = {December},
 note = {\url{https://proceedings.neurips.cc/paper_files/paper/2009/file/a113c1ecd3cace2237256f4c712f61b5-Paper.pdf}},
 publisher = {Curran Associates, Inc.},
 series = {Conference Track Proceedings},
 title = {Unsupervised feature learning for audio classification using convolutional deep belief networks},
 volume = {22},
 year = {2009}
}

@inproceedings{leordeanu2009integer,
 address = {Vancouver, British Columbia, Canada},
 author = {Leordeanu, Marius and Hebert, Martial and Sukthankar, Rahul},
 booktitle = {Advances in Neural Information Processing Systems 22 (NIPS)},
 editor = {Bengio, Y. and Schuurmans, D. and Lafferty, J. and Williams, C. and Culotta, A.},
 month = {December},
 note = {\url{https://proceedings.neurips.cc/paper_files/paper/2009/file/fc2c7c47b918d0c2d792a719dfb602ef-Paper.pdf}},
 publisher = {Curran Associates, Inc.},
 series = {Conference Track Proceedings},
 title = {An Integer Projected Fixed Point Method for Graph Matching and MAP Inference},
 volume = {22},
 year = {2009}
}

@inproceedings{li2009probabilistic,
 address = {Vancouver, British Columbia, Canada},
 author = {Li, Wu-jun and Yeung, Dit-Yan and Zhang, Zhihua},
 booktitle = {Advances in Neural Information Processing Systems 22 (NIPS)},
 editor = {Bengio, Y. and Schuurmans, D. and Lafferty, J. and Williams, C. and Culotta, A.},
 month = {December},
 note = {\url{https://proceedings.neurips.cc/paper_files/paper/2009/file/69adc1e107f7f7d035d7baf04342e1ca-Paper.pdf}},
 publisher = {Curran Associates, Inc.},
 series = {Conference Track Proceedings},
 title = {Probabilistic Relational PCA},
 volume = {22},
 year = {2009}
}

@inproceedings{liang2009asymptotically,
 address = {Vancouver, British Columbia, Canada},
 author = {Liang, Percy S. and Bouchard, Guillaume and Bach, Francis and Jordan, Michael},
 booktitle = {Advances in Neural Information Processing Systems 22 (NIPS)},
 editor = {Bengio, Y. and Schuurmans, D. and Lafferty, J. and Williams, C. and Culotta, A.},
 month = {December},
 note = {\url{https://proceedings.neurips.cc/paper_files/paper/2009/file/43fa7f58b7eac7ac872209342e62e8f1-Paper.pdf}},
 publisher = {Curran Associates, Inc.},
 series = {Conference Track Proceedings},
 title = {Asymptotically Optimal Regularization in Smooth Parametric Models},
 volume = {22},
 year = {2009}
}

@inproceedings{liu2009nonparametric,
 address = {Vancouver, British Columbia, Canada},
 author = {Liu, Han and Chen, Xi},
 booktitle = {Advances in Neural Information Processing Systems 22 (NIPS)},
 editor = {Bengio, Y. and Schuurmans, D. and Lafferty, J. and Williams, C. and Culotta, A.},
 month = {December},
 note = {\url{https://proceedings.neurips.cc/paper_files/paper/2009/file/0cb929eae7a499e50248a3a78f7acfc7-Paper.pdf}},
 publisher = {Curran Associates, Inc.},
 series = {Conference Track Proceedings},
 title = {Nonparametric Greedy Algorithms for the Sparse Learning Problem},
 volume = {22},
 year = {2009}
}

@inproceedings{lu2009modeling,
 address = {Vancouver, British Columbia, Canada},
 author = {Lu, Hongjing and Weiden, Matthew and Yuille, Alan L},
 booktitle = {Advances in Neural Information Processing Systems 22 (NIPS)},
 editor = {Bengio, Y. and Schuurmans, D. and Lafferty, J. and Williams, C. and Culotta, A.},
 month = {December},
 note = {\url{https://proceedings.neurips.cc/paper_files/paper/2009/file/1e48c4420b7073bc11916c6c1de226bb-Paper.pdf}},
 publisher = {Curran Associates, Inc.},
 series = {Conference Track Proceedings},
 title = {Modeling the Spacing Effect in Sequential Category Learning},
 volume = {22},
 year = {2009}
}

@inproceedings{luecke2009occlusive,
 address = {Vancouver, British Columbia, Canada},
 author = {Lücke, Jörg and Turner, Richard and Sahani, Maneesh and Henniges, Marc},
 booktitle = {Advances in Neural Information Processing Systems 22 (NIPS)},
 editor = {Bengio, Y. and Schuurmans, D. and Lafferty, J. and Williams, C. and Culotta, A.},
 month = {December},
 note = {\url{https://proceedings.neurips.cc/paper_files/paper/2009/file/d67d8ab4f4c10bf22aa353e27879133c-Paper.pdf}},
 publisher = {Curran Associates, Inc.},
 series = {Conference Track Proceedings},
 title = {Occlusive Components Analysis},
 volume = {22},
 year = {2009}
}

@inproceedings{luo2009who,
 address = {Vancouver, British Columbia, Canada},
 author = {Luo, Jie and Caputo, Barbara and Ferrari, Vittorio},
 booktitle = {Advances in Neural Information Processing Systems 22 (NIPS)},
 editor = {Bengio, Y. and Schuurmans, D. and Lafferty, J. and Williams, C. and Culotta, A.},
 month = {December},
 note = {\url{https://proceedings.neurips.cc/paper_files/paper/2009/file/16e6a3326dd7d868cbc926602a61e4d0-Paper.pdf}},
 publisher = {Curran Associates, Inc.},
 series = {Conference Track Proceedings},
 title = {Who's Doing What: Joint Modeling of Names and Verbs for Simultaneous Face and Pose Annotation},
 volume = {22},
 year = {2009}
}

@inproceedings{luttinen2009variational,
 address = {Vancouver, British Columbia, Canada},
 author = {Luttinen, Jaakko and Ilin, Alexander},
 booktitle = {Advances in Neural Information Processing Systems 22 (NIPS)},
 editor = {Bengio, Y. and Schuurmans, D. and Lafferty, J. and Williams, C. and Culotta, A.},
 month = {December},
 note = {\url{https://proceedings.neurips.cc/paper_files/paper/2009/file/4a47d2983c8bd392b120b627e0e1cab4-Paper.pdf}},
 publisher = {Curran Associates, Inc.},
 series = {Conference Track Proceedings},
 title = {Variational Gaussian-process Factor Analysis for Modeling Spatio-temporal Data},
 volume = {22},
 year = {2009}
}

@inproceedings{maei2009convergent,
 address = {Vancouver, British Columbia, Canada},
 author = {Maei, Hamid and Szepesvári, Csaba and Bhatnagar, Shalabh and Precup, Doina and Silver, David and Sutton, Richard S.},
 booktitle = {Advances in Neural Information Processing Systems 22 (NIPS)},
 editor = {Bengio, Y. and Schuurmans, D. and Lafferty, J. and Williams, C. and Culotta, A.},
 month = {December},
 note = {\url{https://proceedings.neurips.cc/paper_files/paper/2009/file/3a15c7d0bbe60300a39f76f8a5ba6896-Paper.pdf}},
 publisher = {Curran Associates, Inc.},
 series = {Conference Track Proceedings},
 title = {Convergent Temporal-Difference Learning with Arbitrary Smooth Function Approximation},
 volume = {22},
 year = {2009}
}

@inproceedings{maillard2009compressed,
 address = {Vancouver, British Columbia, Canada},
 author = {Maillard, Odalric and Munos, Rémi},
 booktitle = {Advances in Neural Information Processing Systems 22 (NIPS)},
 editor = {Bengio, Y. and Schuurmans, D. and Lafferty, J. and Williams, C. and Culotta, A.},
 month = {December},
 note = {\url{https://proceedings.neurips.cc/paper_files/paper/2009/file/01882513d5fa7c329e940dda99b12147-Paper.pdf}},
 publisher = {Curran Associates, Inc.},
 series = {Conference Track Proceedings},
 title = {Compressed Least-Squares Regression},
 volume = {22},
 year = {2009}
}

@inproceedings{malisiewicz2009beyond,
 address = {Vancouver, British Columbia, Canada},
 author = {Malisiewicz, Tomasz and Efros, Alyosha},
 booktitle = {Advances in Neural Information Processing Systems 22 (NIPS)},
 editor = {Bengio, Yoshua and Schuurmans, Dan and Lafferty, John and Williams, Chris and Culotta, Aron},
 month = {December},
 note = {\url{https://proceedings.neurips.cc/paper_files/paper/2009/file/93db85ed909c13838ff95ccfa94cebd9-Paper.pdf}},
 publisher = {Curran Associates, Inc.},
 series = {Conference Track Proceedings},
 title = {Beyond Categories: The Visual Memex Model for Reasoning About Object Relationships},
 volume = {22},
 year = {2009}
}

@inproceedings{margaritis2009toward,
 address = {Vancouver, British Columbia, Canada},
 author = {Margaritis, Dimitris},
 booktitle = {Advances in Neural Information Processing Systems 22 (NIPS)},
 editor = {Bengio, Y. and Schuurmans, D. and Lafferty, J. and Williams, C. and Culotta, A.},
 month = {December},
 note = {\url{https://proceedings.neurips.cc/paper_files/paper/2009/file/6da37dd3139aa4d9aa55b8d237ec5d4a-Paper.pdf}},
 publisher = {Curran Associates, Inc.},
 series = {Conference Track Proceedings},
 title = {Toward Provably Correct Feature Selection in Arbitrary Domains},
 volume = {22},
 year = {2009}
}

@inproceedings{mccallum2009factorie,
 address = {Vancouver, British Columbia, Canada},
 author = {McCallum, Andrew and Schultz, Karl and Singh, Sameer},
 booktitle = {Advances in Neural Information Processing Systems 22 (NIPS)},
 editor = {Bengio, Y. and Schuurmans, D. and Lafferty, J. and Williams, C. and Culotta, A.},
 month = {December},
 note = {\url{https://proceedings.neurips.cc/paper_files/paper/2009/file/847cc55b7032108eee6dd897f3bca8a5-Paper.pdf}},
 publisher = {Curran Associates, Inc.},
 series = {Conference Track Proceedings},
 title = {FACTORIE: Probabilistic Programming via Imperatively Defined Factor Graphs},
 volume = {22},
 year = {2009}
}

@inproceedings{mcdonald2009efficient,
 address = {Vancouver, British Columbia, Canada},
 author = {McDonald, Ryan and Mohri, Mehryar and Silberman, Nathan and Walker, Dan and Mann, Gideon},
 booktitle = {Advances in Neural Information Processing Systems 22 (NIPS)},
 editor = {Bengio, Y. and Schuurmans, D. and Lafferty, J. and Williams, C. and Culotta, A.},
 month = {December},
 note = {\url{https://proceedings.neurips.cc/paper_files/paper/2009/file/d81f9c1be2e08964bf9f24b15f0e4900-Paper.pdf}},
 publisher = {Curran Associates, Inc.},
 series = {Conference Track Proceedings},
 title = {Efficient Large-Scale Distributed Training of Conditional Maximum Entropy Models},
 volume = {22},
 year = {2009}
}

@inproceedings{meka2009matrix,
 address = {Vancouver, British Columbia, Canada},
 author = {Meka, Raghu and Jain, Prateek and Dhillon, Inderjit},
 booktitle = {Advances in Neural Information Processing Systems 22 (NIPS)},
 editor = {Bengio, Y. and Schuurmans, D. and Lafferty, J. and Williams, C. and Culotta, A.},
 month = {December},
 note = {\url{https://proceedings.neurips.cc/paper_files/paper/2009/file/1fc214004c9481e4c8073e85323bfd4b-Paper.pdf}},
 publisher = {Curran Associates, Inc.},
 series = {Conference Track Proceedings},
 title = {Matrix Completion from Power-Law Distributed Samples},
 volume = {22},
 year = {2009}
}

@inproceedings{meng2009extending,
 address = {Vancouver, British Columbia, Canada},
 author = {Meng, Yicong and Shi, Bertram},
 booktitle = {Advances in Neural Information Processing Systems 22 (NIPS)},
 editor = {Bengio, Yoshua and Schuurmans, Dan and Lafferty, John and Williams, Chris and Culotta, Aron},
 month = {December},
 note = {\url{https://proceedings.neurips.cc/paper_files/paper/2009/file/884d247c6f65a96a7da4d1105d584ddd-Paper.pdf}},
 publisher = {Curran Associates, Inc.},
 series = {Conference Track Proceedings},
 title = {Extending Phase Mechanism to Differential Motion Opponency for Motion Pop-out},
 volume = {22},
 year = {2009}
}

@inproceedings{miller2009nonparametric,
 address = {Vancouver, British Columbia, Canada},
 author = {Miller, Kurt and Jordan, Michael and Griffiths, Thomas},
 booktitle = {Advances in Neural Information Processing Systems 22 (NIPS)},
 editor = {Bengio, Y. and Schuurmans, D. and Lafferty, J. and Williams, C. and Culotta, A.},
 month = {December},
 note = {\url{https://proceedings.neurips.cc/paper_files/paper/2009/file/437d7d1d97917cd627a34a6a0fb41136-Paper.pdf}},
 publisher = {Curran Associates, Inc.},
 series = {Conference Track Proceedings},
 title = {Nonparametric Latent Feature Models for Link Prediction},
 volume = {22},
 year = {2009}
}

@inproceedings{moghaddam2009accelerating,
 address = {Vancouver, British Columbia, Canada},
 author = {Moghaddam, Baback and Khan, Emtiyaz and Murphy, Kevin P. and Marlin, Benjamin M.},
 booktitle = {Advances in Neural Information Processing Systems 22 (NIPS)},
 editor = {Bengio, Yoshua and Schuurmans, Dan and Lafferty, John and Williams, Chris and Culotta, Aron},
 month = {December},
 note = {\url{https://proceedings.neurips.cc/paper_files/paper/2009/file/a1519de5b5d44b31a01de013b9b51a80-Paper.pdf}},
 publisher = {Curran Associates, Inc.},
 series = {Conference Track Proceedings},
 title = {Accelerating Bayesian Structural Inference for Non-Decomposable Gaussian Graphical Models},
 volume = {22},
 year = {2009}
}

@inproceedings{montanari2009which,
 address = {Vancouver, British Columbia, Canada},
 author = {Montanari, Andrea and Pereira, Jose},
 booktitle = {Advances in Neural Information Processing Systems 22 (NIPS)},
 editor = {Bengio, Y. and Schuurmans, D. and Lafferty, J. and Williams, C. and Culotta, A.},
 month = {December},
 note = {\url{https://proceedings.neurips.cc/paper_files/paper/2009/file/22fb0cee7e1f3bde58293de743871417-Paper.pdf}},
 publisher = {Curran Associates, Inc.},
 series = {Conference Track Proceedings},
 title = {Which Graphical Models are Difficult to Learn?},
 volume = {22},
 year = {2009}
}

@inproceedings{morimura2009generalized,
 address = {Vancouver, British Columbia, Canada},
 author = {Morimura, Tetsuro and Uchibe, Eiji and Yoshimoto, Junichiro and Doya, Kenji},
 booktitle = {Advances in Neural Information Processing Systems 22 (NIPS)},
 editor = {Bengio, Y. and Schuurmans, D. and Lafferty, J. and Williams, C. and Culotta, A.},
 month = {December},
 note = {\url{https://proceedings.neurips.cc/paper_files/paper/2009/file/acf4b89d3d503d8252c9c4ba75ddbf6d-Paper.pdf}},
 publisher = {Curran Associates, Inc.},
 series = {Conference Track Proceedings},
 title = {A Generalized Natural Actor-Critic Algorithm},
 volume = {22},
 year = {2009}
}

@inproceedings{nadler2009statistical,
 address = {Vancouver, British Columbia, Canada},
 author = {Nadler, Boaz and Srebro, Nathan and Zhou, Xueyuan},
 booktitle = {Advances in Neural Information Processing Systems 22 (NIPS)},
 editor = {Bengio, Y. and Schuurmans, D. and Lafferty, J. and Williams, C. and Culotta, A.},
 month = {December},
 note = {\url{https://proceedings.neurips.cc/paper_files/paper/2009/file/68ce199ec2c5517597ce0a4d89620f55-Paper.pdf}},
 publisher = {Curran Associates, Inc.},
 series = {Conference Track Proceedings},
 title = {Statistical Analysis of Semi-Supervised Learning: The Limit of Infinite Unlabelled Data},
 volume = {22},
 year = {2009}
}

@inproceedings{nair20093d,
 address = {Vancouver, British Columbia, Canada},
 author = {Nair, Vinod and Hinton, Geoffrey E},
 booktitle = {Advances in Neural Information Processing Systems 22 (NIPS)},
 editor = {Bengio, Y. and Schuurmans, D. and Lafferty, J. and Williams, C. and Culotta, A.},
 month = {December},
 note = {\url{https://proceedings.neurips.cc/paper_files/paper/2009/file/6e7b33fdea3adc80ebd648fffb665bb8-Paper.pdf}},
 publisher = {Curran Associates, Inc.},
 series = {Conference Track Proceedings},
 title = {3D Object Recognition with Deep Belief Nets},
 volume = {22},
 year = {2009}
}

@inproceedings{negahban2009unified,
 address = {Vancouver, British Columbia, Canada},
 author = {Negahban, Sahand and Yu, Bin and Wainwright, Martin J and Ravikumar, Pradeep},
 booktitle = {Advances in Neural Information Processing Systems 22 (NIPS)},
 editor = {Bengio, Y. and Schuurmans, D. and Lafferty, J. and Williams, C. and Culotta, A.},
 month = {December},
 note = {\url{https://proceedings.neurips.cc/paper_files/paper/2009/file/dc58e3a306451c9d670adcd37004f48f-Paper.pdf}},
 publisher = {Curran Associates, Inc.},
 series = {Conference Track Proceedings},
 title = {A unified framework for high-dimensional analysis of M-estimators with decomposable regularizers},
 volume = {22},
 year = {2009}
}

@inproceedings{nessler2009stdp,
 address = {Vancouver, British Columbia, Canada},
 author = {Nessler, Bernhard and Pfeiffer, Michael and Maass, Wolfgang},
 booktitle = {Advances in Neural Information Processing Systems 22 (NIPS)},
 editor = {Bengio, Yoshua and Schuurmans, Dan and Lafferty, John and Williams, Chris and Culotta, Aron},
 month = {December},
 note = {\url{https://proceedings.neurips.cc/paper_files/paper/2009/file/a5cdd4aa0048b187f7182f1b9ce7a6a7-Paper.pdf}},
 publisher = {Curran Associates, Inc.},
 series = {Conference Track Proceedings},
 title = {STDP enables spiking neurons to detect hidden causes of their inputs},
 volume = {22},
 year = {2009}
}

@inproceedings{nowak2009noisy,
 address = {Vancouver, British Columbia, Canada},
 author = {Nowak, Robert},
 booktitle = {Advances in Neural Information Processing Systems 22 (NIPS)},
 editor = {Bengio, Y. and Schuurmans, D. and Lafferty, J. and Williams, C. and Culotta, A.},
 month = {December},
 note = {\url{https://proceedings.neurips.cc/paper_files/paper/2009/file/556f391937dfd4398cbac35e050a2177-Paper.pdf}},
 publisher = {Curran Associates, Inc.},
 series = {Conference Track Proceedings},
 title = {Noisy Generalized Binary Search},
 volume = {22},
 year = {2009}
}

@inproceedings{onken2009correlation,
 address = {Vancouver, British Columbia, Canada},
 author = {Onken, Arno and Grünewälder, Steffen and Obermayer, Klaus},
 booktitle = {Advances in Neural Information Processing Systems 22 (NIPS)},
 editor = {Bengio, Y. and Schuurmans, D. and Lafferty, J. and Williams, C. and Culotta, A.},
 month = {December},
 note = {\url{https://proceedings.neurips.cc/paper_files/paper/2009/file/4ea06fbc83cdd0a06020c35d50e1e89a-Paper.pdf}},
 publisher = {Curran Associates, Inc.},
 series = {Conference Track Proceedings},
 title = {Correlation Coefficients are Insufficient for Analyzing Spike Count Dependencies},
 volume = {22},
 year = {2009}
}

@inproceedings{orbanz2009construction,
 address = {Vancouver, British Columbia, Canada},
 author = {Orbanz, Peter},
 booktitle = {Advances in Neural Information Processing Systems 22 (NIPS)},
 editor = {Bengio, Yoshua and Schuurmans, Dan and Lafferty, John and Williams, Chris and Culotta, Aron},
 month = {December},
 note = {\url{https://proceedings.neurips.cc/paper_files/paper/2009/file/892c91e0a653ba19df81a90f89d99bcd-Paper.pdf}},
 publisher = {Curran Associates, Inc.},
 series = {Conference Track Proceedings},
 title = {Construction of Nonparametric Bayesian Models from Parametric Bayes Equations},
 volume = {22},
 year = {2009}
}

@inproceedings{ouyang2009learning,
 address = {Vancouver, British Columbia, Canada},
 author = {Ouyang, Tom and Davis, Randall},
 booktitle = {Advances in Neural Information Processing Systems 22 (NIPS)},
 editor = {Bengio, Y. and Schuurmans, D. and Lafferty, J. and Williams, C. and Culotta, A.},
 month = {December},
 note = {\url{https://proceedings.neurips.cc/paper_files/paper/2009/file/cf67355a3333e6e143439161adc2d82e-Paper.pdf}},
 publisher = {Curran Associates, Inc.},
 series = {Conference Track Proceedings},
 title = {Learning from Neighboring Strokes: Combining Appearance and Context for Multi-Domain Sketch Recognition},
 volume = {22},
 year = {2009}
}

@inproceedings{ozakin2009submanifold,
 address = {Vancouver, British Columbia, Canada},
 author = {Ozakin, Arkadas and Gray, Alexander},
 booktitle = {Advances in Neural Information Processing Systems 22 (NIPS)},
 editor = {Bengio, Y. and Schuurmans, D. and Lafferty, J. and Williams, C. and Culotta, A.},
 month = {December},
 note = {\url{https://proceedings.neurips.cc/paper_files/paper/2009/file/2ac2406e835bd49c70469acae337d292-Paper.pdf}},
 publisher = {Curran Associates, Inc.},
 series = {Conference Track Proceedings},
 title = {Submanifold Density Estimation},
 volume = {22},
 year = {2009}
}

@inproceedings{palatucci2009zero,
 address = {Vancouver, British Columbia, Canada},
 author = {Palatucci, Mark and Pomerleau, Dean and Hinton, Geoffrey E and Mitchell, Tom M},
 booktitle = {Advances in Neural Information Processing Systems 22 (NIPS)},
 editor = {Bengio, Y. and Schuurmans, D. and Lafferty, J. and Williams, C. and Culotta, A.},
 month = {December},
 note = {\url{https://proceedings.neurips.cc/paper_files/paper/2009/file/1543843a4723ed2ab08e18053ae6dc5b-Paper.pdf}},
 publisher = {Curran Associates, Inc.},
 series = {Conference Track Proceedings},
 title = {Zero-Shot Learning with Semantic Output Codes},
 volume = {22},
 year = {2009}
}

@inproceedings{pashler2009predicting,
 address = {Vancouver, British Columbia, Canada},
 author = {Pashler, Harold and Cepeda, Nicholas and Lindsey, Robert V and Vul, Ed and Mozer, Michael C},
 booktitle = {Advances in Neural Information Processing Systems 22 (NIPS)},
 editor = {Bengio, Y. and Schuurmans, D. and Lafferty, J. and Williams, C. and Culotta, A.},
 month = {December},
 note = {\url{https://proceedings.neurips.cc/paper_files/paper/2009/file/6bc24fc1ab650b25b4114e93a98f1eba-Paper.pdf}},
 publisher = {Curran Associates, Inc.},
 series = {Conference Track Proceedings},
 title = {Predicting the Optimal Spacing of Study: A Multiscale Context Model of Memory},
 volume = {22},
 year = {2009}
}

@inproceedings{peng2009conditional,
 address = {Vancouver, British Columbia, Canada},
 author = {Peng, Jian and Bo, Liefeng and Xu, Jinbo},
 booktitle = {Advances in Neural Information Processing Systems 22 (NIPS)},
 editor = {Bengio, Y. and Schuurmans, D. and Lafferty, J. and Williams, C. and Culotta, A.},
 month = {December},
 note = {\url{https://proceedings.neurips.cc/paper_files/paper/2009/file/e820a45f1dfc7b95282d10b6087e11c0-Paper.pdf}},
 publisher = {Curran Associates, Inc.},
 series = {Conference Track Proceedings},
 title = {Conditional Neural Fields},
 volume = {22},
 year = {2009}
}

@inproceedings{perina2009free,
 address = {Vancouver, British Columbia, Canada},
 author = {Perina, Alessandro and Cristani, Marco and Castellani, Umberto and Murino, Vittorio and Jojic, Nebojsa},
 booktitle = {Advances in Neural Information Processing Systems 22 (NIPS)},
 editor = {Bengio, Y. and Schuurmans, D. and Lafferty, J. and Williams, C. and Culotta, A.},
 month = {December},
 note = {\url{https://proceedings.neurips.cc/paper_files/paper/2009/file/08d98638c6fcd194a4b1e6992063e944-Paper.pdf}},
 publisher = {Curran Associates, Inc.},
 series = {Conference Track Proceedings},
 title = {Free Energy Score Space},
 volume = {22},
 year = {2009}
}

@inproceedings{perkins2009maximum,
 address = {Vancouver, British Columbia, Canada},
 author = {Perkins, Theodore},
 booktitle = {Advances in Neural Information Processing Systems 22 (NIPS)},
 editor = {Bengio, Y. and Schuurmans, D. and Lafferty, J. and Williams, C. and Culotta, A.},
 month = {December},
 note = {\url{https://proceedings.neurips.cc/paper_files/paper/2009/file/afda332245e2af431fb7b672a68b659d-Paper.pdf}},
 publisher = {Curran Associates, Inc.},
 series = {Conference Track Proceedings},
 title = {Maximum likelihood trajectories for continuous-time Markov chains},
 volume = {22},
 year = {2009}
}

@inproceedings{petrik2009robust,
 address = {Vancouver, British Columbia, Canada},
 author = {Petrik, Marek and Zilberstein, Shlomo},
 booktitle = {Advances in Neural Information Processing Systems 22 (NIPS)},
 editor = {Bengio, Y. and Schuurmans, D. and Lafferty, J. and Williams, C. and Culotta, A.},
 month = {December},
 note = {\url{https://proceedings.neurips.cc/paper_files/paper/2009/file/ec5decca5ed3d6b8079e2e7e7bacc9f2-Paper.pdf}},
 publisher = {Curran Associates, Inc.},
 series = {Conference Track Proceedings},
 title = {Robust Value Function Approximation Using Bilinear Programming},
 volume = {22},
 year = {2009}
}

@inproceedings{petterson2009exponential,
 address = {Vancouver, British Columbia, Canada},
 author = {Petterson, James and Yu, Jin and Mcauley, Julian and Caetano, Tibério},
 booktitle = {Advances in Neural Information Processing Systems 22 (NIPS)},
 editor = {Bengio, Y. and Schuurmans, D. and Lafferty, J. and Williams, C. and Culotta, A.},
 month = {December},
 note = {\url{https://proceedings.neurips.cc/paper_files/paper/2009/file/85d8ce590ad8981ca2c8286f79f59954-Paper.pdf}},
 publisher = {Curran Associates, Inc.},
 series = {Conference Track Proceedings},
 title = {Exponential Family Graph Matching and Ranking},
 volume = {22},
 year = {2009}
}

@inproceedings{pfister2009know,
 address = {Vancouver, British Columbia, Canada},
 author = {Pfister, Jean-Pascal and Dayan, Peter and Lengyel, Máté},
 booktitle = {Advances in Neural Information Processing Systems 22 (NIPS)},
 editor = {Bengio, Y. and Schuurmans, D. and Lafferty, J. and Williams, C. and Culotta, A.},
 month = {December},
 note = {\url{https://proceedings.neurips.cc/paper_files/paper/2009/file/e4bb4c5173c2ce17fd8fcd40041c068f-Paper.pdf}},
 publisher = {Curran Associates, Inc.},
 series = {Conference Track Proceedings},
 title = {Know Thy Neighbour: A Normative Theory of Synaptic Depression},
 volume = {22},
 year = {2009}
}

@inproceedings{pillow2009time,
 address = {Vancouver, British Columbia, Canada},
 author = {Pillow, Jonathan},
 booktitle = {Advances in Neural Information Processing Systems 22 (NIPS)},
 editor = {Bengio, Y. and Schuurmans, D. and Lafferty, J. and Williams, C. and Culotta, A.},
 month = {December},
 note = {\url{https://proceedings.neurips.cc/paper_files/paper/2009/file/f3f27a324736617f20abbf2ffd806f6d-Paper.pdf}},
 publisher = {Curran Associates, Inc.},
 series = {Conference Track Proceedings},
 title = {Time-rescaling methods for the estimation and assessment of non-Poisson neural encoding models},
 volume = {22},
 year = {2009}
}

@inproceedings{pirsiavash2009bilinear,
 address = {Vancouver, British Columbia, Canada},
 author = {Pirsiavash, Hamed and Ramanan, Deva and Fowlkes, Charless},
 booktitle = {Advances in Neural Information Processing Systems 22 (NIPS)},
 editor = {Bengio, Y. and Schuurmans, D. and Lafferty, J. and Williams, C. and Culotta, A.},
 month = {December},
 note = {\url{https://proceedings.neurips.cc/paper_files/paper/2009/file/147702db07145348245dc5a2f2fe5683-Paper.pdf}},
 publisher = {Curran Associates, Inc.},
 series = {Conference Track Proceedings},
 title = {Bilinear Classifiers for Visual Recognition},
 volume = {22},
 year = {2009}
}

@inproceedings{quadrianto2009convex,
 address = {Vancouver, British Columbia, Canada},
 author = {Quadrianto, Novi and Lim, John and Schuurmans, Dale and Caetano, Tibério},
 booktitle = {Advances in Neural Information Processing Systems 22 (NIPS)},
 editor = {Bengio, Y. and Schuurmans, D. and Lafferty, J. and Williams, C. and Culotta, A.},
 month = {December},
 note = {\url{https://proceedings.neurips.cc/paper_files/paper/2009/file/7250eb93b3c18cc9daa29cf58af7a004-Paper.pdf}},
 publisher = {Curran Associates, Inc.},
 series = {Conference Track Proceedings},
 title = {Convex Relaxation of Mixture Regression with Efficient Algorithms},
 volume = {22},
 year = {2009}
}

@inproceedings{quadrianto2009distribution,
 address = {Vancouver, British Columbia, Canada},
 author = {Quadrianto, Novi and Petterson, James and Smola, Alex},
 booktitle = {Advances in Neural Information Processing Systems 22 (NIPS)},
 editor = {Bengio, Y. and Schuurmans, D. and Lafferty, J. and Williams, C. and Culotta, A.},
 month = {December},
 note = {\url{https://proceedings.neurips.cc/paper_files/paper/2009/file/2bb232c0b13c774965ef8558f0fbd615-Paper.pdf}},
 publisher = {Curran Associates, Inc.},
 series = {Conference Track Proceedings},
 title = {Distribution Matching for Transduction},
 volume = {22},
 year = {2009}
}

@inproceedings{raginsky2009locality,
 address = {Vancouver, British Columbia, Canada},
 author = {Raginsky, Maxim and Lazebnik, Svetlana},
 booktitle = {Advances in Neural Information Processing Systems 22 (NIPS)},
 editor = {Bengio, Yoshua and Schuurmans, Dan and Lafferty, John and Williams, Chris and Culotta, Aron},
 month = {December},
 note = {\url{https://proceedings.neurips.cc/paper_files/paper/2009/file/a5e00132373a7031000fd987a3c9f87b-Paper.pdf}},
 publisher = {Curran Associates, Inc.},
 series = {Conference Track Proceedings},
 title = {Locality-sensitive binary codes from shift-invariant kernels},
 volume = {22},
 year = {2009}
}

@inproceedings{rai2009multi,
 address = {Vancouver, British Columbia, Canada},
 author = {Rai, Piyush and Daume, Hal},
 booktitle = {Advances in Neural Information Processing Systems 22 (NIPS)},
 editor = {Bengio, Y. and Schuurmans, D. and Lafferty, J. and Williams, C. and Culotta, A.},
 month = {December},
 note = {\url{https://proceedings.neurips.cc/paper_files/paper/2009/file/09c6c3783b4a70054da74f2538ed47c6-Paper.pdf}},
 publisher = {Curran Associates, Inc.},
 series = {Conference Track Proceedings},
 title = {Multi-Label Prediction via Sparse Infinite CCA},
 volume = {22},
 year = {2009}
}

@inproceedings{ram2009linear,
 address = {Vancouver, British Columbia, Canada},
 author = {Ram, Parikshit and Lee, Dongryeol and March, William and Gray, Alexander},
 booktitle = {Advances in Neural Information Processing Systems 22 (NIPS)},
 editor = {Bengio, Y. and Schuurmans, D. and Lafferty, J. and Williams, C. and Culotta, A.},
 month = {December},
 note = {\url{https://proceedings.neurips.cc/paper_files/paper/2009/file/2421fcb1263b9530df88f7f002e78ea5-Paper.pdf}},
 publisher = {Curran Associates, Inc.},
 series = {Conference Track Proceedings},
 title = {Linear-Time Algorithms for Pairwise Statistical Problems},
 volume = {22},
 year = {2009}
}

@inproceedings{ram2009rank,
 address = {Vancouver, British Columbia, Canada},
 author = {Ram, Parikshit and Lee, Dongryeol and Ouyang, Hua and Gray, Alexander},
 booktitle = {Advances in Neural Information Processing Systems 22 (NIPS)},
 editor = {Bengio, Y. and Schuurmans, D. and Lafferty, J. and Williams, C. and Culotta, A.},
 month = {December},
 note = {\url{https://proceedings.neurips.cc/paper_files/paper/2009/file/ddb30680a691d157187ee1cf9e896d03-Paper.pdf}},
 publisher = {Curran Associates, Inc.},
 series = {Conference Track Proceedings},
 title = {Rank-Approximate Nearest Neighbor Search: Retaining Meaning and Speed in High Dimensions},
 volume = {22},
 year = {2009}
}

@inproceedings{rangan2009asymptotic,
 address = {Vancouver, British Columbia, Canada},
 author = {Rangan, Sundeep and Goyal, Vivek and Fletcher, Alyson K},
 booktitle = {Advances in Neural Information Processing Systems 22 (NIPS)},
 editor = {Bengio, Y. and Schuurmans, D. and Lafferty, J. and Williams, C. and Culotta, A.},
 month = {December},
 note = {\url{https://proceedings.neurips.cc/paper_files/paper/2009/file/bdb106a0560c4e46ccc488ef010af787-Paper.pdf}},
 publisher = {Curran Associates, Inc.},
 series = {Conference Track Proceedings},
 title = {Asymptotic Analysis of MAP Estimation via the Replica Method and Compressed Sensing},
 volume = {22},
 year = {2009}
}

@inproceedings{rangan2009orthogonal,
 address = {Vancouver, British Columbia, Canada},
 author = {Rangan, Sundeep and Fletcher, Alyson K.},
 booktitle = {Advances in Neural Information Processing Systems 22 (NIPS)},
 editor = {Bengio, Yoshua and Schuurmans, Dan and Lafferty, John and Williams, Chris and Culotta, Aron},
 month = {December},
 note = {\url{https://proceedings.neurips.cc/paper_files/paper/2009/file/8d6dc35e506fc23349dd10ee68dabb64-Paper.pdf}},
 publisher = {Curran Associates, Inc.},
 series = {Conference Track Proceedings},
 title = {Orthogonal Matching Pursuit From Noisy Random Measurements: A New Analysis},
 volume = {22},
 year = {2009}
}

@inproceedings{rao2009spatial,
 address = {Vancouver, British Columbia, Canada},
 author = {Rao, Vinayak and Teh, Yee},
 booktitle = {Advances in Neural Information Processing Systems 22 (NIPS)},
 editor = {Bengio, Y. and Schuurmans, D. and Lafferty, J. and Williams, C. and Culotta, A.},
 month = {December},
 note = {\url{https://proceedings.neurips.cc/paper_files/paper/2009/file/0537fb40a68c18da59a35c2bfe1ca554-Paper.pdf}},
 publisher = {Curran Associates, Inc.},
 series = {Conference Track Proceedings},
 title = {Spatial Normalized Gamma Processes},
 volume = {22},
 year = {2009}
}

@inproceedings{raskutti2009lower,
 address = {Vancouver, British Columbia, Canada},
 author = {Raskutti, Garvesh and Yu, Bin and Wainwright, Martin J},
 booktitle = {Advances in Neural Information Processing Systems 22 (NIPS)},
 editor = {Bengio, Y. and Schuurmans, D. and Lafferty, J. and Williams, C. and Culotta, A.},
 month = {December},
 note = {\url{https://proceedings.neurips.cc/paper_files/paper/2009/file/b1563a78ec59337587f6ab6397699afc-Paper.pdf}},
 publisher = {Curran Associates, Inc.},
 series = {Conference Track Proceedings},
 title = {Lower bounds on minimax rates for nonparametric regression with additive sparsity and smoothness},
 volume = {22},
 year = {2009}
}

@inproceedings{rish2009discriminative,
 address = {Vancouver, British Columbia, Canada},
 author = {Rish, Irina and Thyreau, Benjamin and Thirion, Bertrand and Plaze, Marion and Paillere-martinot, Marie-laure and Martelli, Catherine and Martinot, Jean-luc and Poline, Jean-baptiste and Cecchi, Guillermo},
 booktitle = {Advances in Neural Information Processing Systems 22 (NIPS)},
 editor = {Bengio, Y. and Schuurmans, D. and Lafferty, J. and Williams, C. and Culotta, A.},
 month = {December},
 note = {\url{https://proceedings.neurips.cc/paper_files/paper/2009/file/788d986905533aba051261497ecffcbb-Paper.pdf}},
 publisher = {Curran Associates, Inc.},
 series = {Conference Track Proceedings},
 title = {Discriminative Network Models of Schizophrenia},
 volume = {22},
 year = {2009}
}

@inproceedings{rohanimanesh2009training,
 address = {Vancouver, British Columbia, Canada},
 author = {Rohanimanesh, Khashayar and Singh, Sameer and McCallum, Andrew and Black, Michael},
 booktitle = {Advances in Neural Information Processing Systems 22 (NIPS)},
 editor = {Bengio, Y. and Schuurmans, D. and Lafferty, J. and Williams, C. and Culotta, A.},
 month = {December},
 note = {\url{https://proceedings.neurips.cc/paper_files/paper/2009/file/e205ee2a5de471a70c1fd1b46033a75f-Paper.pdf}},
 publisher = {Curran Associates, Inc.},
 series = {Conference Track Proceedings},
 title = {Training Factor Graphs with Reinforcement Learning for Efficient MAP Inference},
 volume = {22},
 year = {2009}
}

@inproceedings{russell2009segmenting,
 address = {Vancouver, British Columbia, Canada},
 author = {Russell, Bryan and Efros, Alyosha and Sivic, Josef and Freeman, Bill and Zisserman, Andrew},
 booktitle = {Advances in Neural Information Processing Systems 22 (NIPS)},
 editor = {Bengio, Y. and Schuurmans, D. and Lafferty, J. and Williams, C. and Culotta, A.},
 month = {December},
 note = {\url{https://proceedings.neurips.cc/paper_files/paper/2009/file/fba9d88164f3e2d9109ee770223212a0-Paper.pdf}},
 publisher = {Curran Associates, Inc.},
 series = {Conference Track Proceedings},
 title = {Segmenting Scenes by Matching Image Composites},
 volume = {22},
 year = {2009}
}

@inproceedings{saenko2009filtering,
 address = {Vancouver, British Columbia, Canada},
 author = {Saenko, Kate and Darrell, Trevor},
 booktitle = {Advances in Neural Information Processing Systems 22 (NIPS)},
 editor = {Bengio, Y. and Schuurmans, D. and Lafferty, J. and Williams, C. and Culotta, A.},
 month = {December},
 note = {\url{https://proceedings.neurips.cc/paper_files/paper/2009/file/208e43f0e45c4c78cafadb83d2888cb6-Paper.pdf}},
 publisher = {Curran Associates, Inc.},
 series = {Conference Track Proceedings},
 title = {Filtering Abstract Senses From Image Search Results},
 volume = {22},
 year = {2009}
}

@inproceedings{salakhutdinov2009learning,
 address = {Vancouver, British Columbia, Canada},
 author = {Salakhutdinov, Russ R},
 booktitle = {Advances in Neural Information Processing Systems 22 (NIPS)},
 editor = {Bengio, Y. and Schuurmans, D. and Lafferty, J. and Williams, C. and Culotta, A.},
 month = {December},
 note = {\url{https://proceedings.neurips.cc/paper_files/paper/2009/file/b7ee6f5f9aa5cd17ca1aea43ce848496-Paper.pdf}},
 publisher = {Curran Associates, Inc.},
 series = {Conference Track Proceedings},
 title = {Learning in Markov Random Fields using Tempered Transitions},
 volume = {22},
 year = {2009}
}

@inproceedings{sanborn2009hierarchical,
 address = {Vancouver, British Columbia, Canada},
 author = {Sanborn, Adam and Chater, Nick and Heller, Katherine A},
 booktitle = {Advances in Neural Information Processing Systems 22 (NIPS)},
 editor = {Bengio, Y. and Schuurmans, D. and Lafferty, J. and Williams, C. and Culotta, A.},
 month = {December},
 note = {\url{https://proceedings.neurips.cc/paper_files/paper/2009/file/731c83db8d2ff01bdc000083fd3c3740-Paper.pdf}},
 publisher = {Curran Associates, Inc.},
 series = {Conference Track Proceedings},
 title = {Hierarchical Learning of Dimensional Biases in Human Categorization},
 volume = {22},
 year = {2009}
}

@inproceedings{schlecht2009learning,
 address = {Vancouver, British Columbia, Canada},
 author = {Schlecht, Joseph and Barnard, Kobus},
 booktitle = {Advances in Neural Information Processing Systems 22 (NIPS)},
 editor = {Bengio, Y. and Schuurmans, D. and Lafferty, J. and Williams, C. and Culotta, A.},
 month = {December},
 note = {\url{https://proceedings.neurips.cc/paper_files/paper/2009/file/024d7f84fff11dd7e8d9c510137a2381-Paper.pdf}},
 publisher = {Curran Associates, Inc.},
 series = {Conference Track Proceedings},
 title = {Learning Models of Object Structure},
 volume = {22},
 year = {2009}
}

@inproceedings{schmidt2009linearly,
 address = {Vancouver, British Columbia, Canada},
 author = {Schmidt, Mikkel},
 booktitle = {Advances in Neural Information Processing Systems 22 (NIPS)},
 editor = {Bengio, Y. and Schuurmans, D. and Lafferty, J. and Williams, C. and Culotta, A.},
 month = {December},
 note = {\url{https://proceedings.neurips.cc/paper_files/paper/2009/file/371bce7dc83817b7893bcdeed13799b5-Paper.pdf}},
 publisher = {Curran Associates, Inc.},
 series = {Conference Track Proceedings},
 title = {Linearly Constrained Bayesian Matrix Factorization for Blind Source Separation},
 volume = {22},
 year = {2009}
}

@inproceedings{seeger2009speeding,
 address = {Vancouver, British Columbia, Canada},
 author = {Seeger, Matthias},
 booktitle = {Advances in Neural Information Processing Systems 22 (NIPS)},
 editor = {Bengio, Y. and Schuurmans, D. and Lafferty, J. and Williams, C. and Culotta, A.},
 month = {December},
 note = {\url{https://proceedings.neurips.cc/paper_files/paper/2009/file/6d70cb65d15211726dcce4c0e971e21c-Paper.pdf}},
 publisher = {Curran Associates, Inc.},
 series = {Conference Track Proceedings},
 title = {Speeding up Magnetic Resonance Image Acquisition by Bayesian Multi-Slice Adaptive Compressed Sensing},
 volume = {22},
 year = {2009}
}

@inproceedings{shani2009improving,
 address = {Vancouver, British Columbia, Canada},
 author = {Shani, Guy and Meek, Christopher},
 booktitle = {Advances in Neural Information Processing Systems 22 (NIPS)},
 editor = {Bengio, Y. and Schuurmans, D. and Lafferty, J. and Williams, C. and Culotta, A.},
 month = {December},
 note = {\url{https://proceedings.neurips.cc/paper_files/paper/2009/file/70c639df5e30bdee440e4cdf599fec2b-Paper.pdf}},
 publisher = {Curran Associates, Inc.},
 series = {Conference Track Proceedings},
 title = {Improving Existing Fault Recovery Policies},
 volume = {22},
 year = {2009}
}

@inproceedings{shen2009positive,
 address = {Vancouver, British Columbia, Canada},
 author = {Shen, Chunhua and Kim, Junae and Wang, Lei and Hengel, Anton},
 booktitle = {Advances in Neural Information Processing Systems 22 (NIPS)},
 editor = {Bengio, Y. and Schuurmans, D. and Lafferty, J. and Williams, C. and Culotta, A.},
 month = {December},
 note = {\url{https://proceedings.neurips.cc/paper_files/paper/2009/file/051e4e127b92f5d98d3c79b195f2b291-Paper.pdf}},
 publisher = {Curran Associates, Inc.},
 series = {Conference Track Proceedings},
 title = {Positive Semidefinite Metric Learning with Boosting},
 volume = {22},
 year = {2009}
}

@inproceedings{shervashidze2009fast,
 address = {Vancouver, British Columbia, Canada},
 author = {Shervashidze, Nino and Borgwardt, Karsten},
 booktitle = {Advances in Neural Information Processing Systems 22 (NIPS)},
 editor = {Bengio, Y. and Schuurmans, D. and Lafferty, J. and Williams, C. and Culotta, A.},
 month = {December},
 note = {\url{https://proceedings.neurips.cc/paper_files/paper/2009/file/0a49e3c3a03ebde64f85c0bacd8a08e2-Paper.pdf}},
 publisher = {Curran Associates, Inc.},
 series = {Conference Track Proceedings},
 title = {Fast Subtree Kernels on Graphs},
 volume = {22},
 year = {2009}
}

@inproceedings{shi2009neural,
 address = {Vancouver, British Columbia, Canada},
 author = {Shi, Lei and Griffiths, Thomas},
 booktitle = {Advances in Neural Information Processing Systems 22 (NIPS)},
 editor = {Bengio, Y. and Schuurmans, D. and Lafferty, J. and Williams, C. and Culotta, A.},
 month = {December},
 note = {\url{https://proceedings.neurips.cc/paper_files/paper/2009/file/754dda4b1ba34c6fa89716b85d68532b-Paper.pdf}},
 publisher = {Curran Associates, Inc.},
 series = {Conference Track Proceedings},
 title = {Neural Implementation of Hierarchical Bayesian Inference by Importance Sampling},
 volume = {22},
 year = {2009}
}

@inproceedings{singer2009efficient,
 address = {Vancouver, British Columbia, Canada},
 author = {Singer, Yoram and Duchi, John C},
 booktitle = {Advances in Neural Information Processing Systems 22 (NIPS)},
 editor = {Bengio, Y. and Schuurmans, D. and Lafferty, J. and Williams, C. and Culotta, A.},
 month = {December},
 note = {\url{https://proceedings.neurips.cc/paper_files/paper/2009/file/621bf66ddb7c962aa0d22ac97d69b793-Paper.pdf}},
 publisher = {Curran Associates, Inc.},
 series = {Conference Track Proceedings},
 title = {Efficient Learning using Forward-Backward Splitting},
 volume = {22},
 year = {2009}
}

@inproceedings{singhmiller2009learning,
 address = {Vancouver, British Columbia, Canada},
 author = {Singh-miller, Natasha and Collins, Michael},
 booktitle = {Advances in Neural Information Processing Systems 22 (NIPS)},
 editor = {Bengio, Y. and Schuurmans, D. and Lafferty, J. and Williams, C. and Culotta, A.},
 month = {December},
 note = {\url{https://proceedings.neurips.cc/paper_files/paper/2009/file/15d4e891d784977cacbfcbb00c48f133-Paper.pdf}},
 publisher = {Curran Associates, Inc.},
 series = {Conference Track Proceedings},
 title = {Learning Label Embeddings for Nearest-Neighbor Multi-Class Classification with an Application to Speech Recognition},
 volume = {22},
 year = {2009}
}

@inproceedings{sinha2009semi,
 address = {Vancouver, British Columbia, Canada},
 author = {Sinha, Kaushik and Belkin, Mikhail},
 booktitle = {Advances in Neural Information Processing Systems 22 (NIPS)},
 editor = {Bengio, Y. and Schuurmans, D. and Lafferty, J. and Williams, C. and Culotta, A.},
 month = {December},
 note = {\url{https://proceedings.neurips.cc/paper_files/paper/2009/file/82b8a3434904411a9fdc43ca87cee70c-Paper.pdf}},
 publisher = {Curran Associates, Inc.},
 series = {Conference Track Proceedings},
 title = {Semi-supervised Learning using Sparse Eigenfunction Bases},
 volume = {22},
 year = {2009}
}

@inproceedings{smaragdis2009sparse,
 address = {Vancouver, British Columbia, Canada},
 author = {Smaragdis, Paris and Shashanka, Madhusudana and Raj, Bhiksha},
 booktitle = {Advances in Neural Information Processing Systems 22 (NIPS)},
 editor = {Bengio, Yoshua and Schuurmans, Dan and Lafferty, John and Williams, Chris and Culotta, Aron},
 month = {December},
 note = {\url{https://proceedings.neurips.cc/paper_files/paper/2009/file/9c3b1830513cc3b8fc4b76635d32e692-Paper.pdf}},
 publisher = {Curran Associates, Inc.},
 series = {Conference Track Proceedings},
 title = {A Sparse Non-Parametric Approach for Single Channel Separation of Known Sounds},
 volume = {22},
 year = {2009}
}

@inproceedings{socher2009bayesian,
 address = {Vancouver, British Columbia, Canada},
 author = {Socher, Richard and Gershman, Samuel and Sederberg, Per and Norman, Kenneth and Perotte, Adler and Blei, David},
 booktitle = {Advances in Neural Information Processing Systems 22 (NIPS)},
 editor = {Bengio, Y. and Schuurmans, D. and Lafferty, J. and Williams, C. and Culotta, A.},
 month = {December},
 note = {\url{https://proceedings.neurips.cc/paper_files/paper/2009/file/efe937780e95574250dabe07151bdc23-Paper.pdf}},
 publisher = {Curran Associates, Inc.},
 series = {Conference Track Proceedings},
 title = {A Bayesian Analysis of Dynamics in Free Recall},
 volume = {22},
 year = {2009}
}

@inproceedings{sollich2009kernels,
 address = {Vancouver, British Columbia, Canada},
 author = {Sollich, Peter and Urry, Matthew and Coti, Camille},
 booktitle = {Advances in Neural Information Processing Systems 22 (NIPS)},
 editor = {Bengio, Yoshua and Schuurmans, Dan and Lafferty, John and Williams, Chris and Culotta, Aron},
 month = {December},
 note = {\url{https://proceedings.neurips.cc/paper_files/paper/2009/file/92cc227532d17e56e07902b254dfad10-Paper.pdf}},
 publisher = {Curran Associates, Inc.},
 series = {Conference Track Proceedings},
 title = {Kernels and learning curves for Gaussian process regression on random graphs},
 volume = {22},
 year = {2009}
}

@inproceedings{song2009time,
 address = {Vancouver, British Columbia, Canada},
 author = {Song, Le and Kolar, Mladen and Xing, Eric},
 booktitle = {Advances in Neural Information Processing Systems 22 (NIPS)},
 editor = {Bengio, Yoshua and Schuurmans, Dan and Lafferty, John and Williams, Chris and Culotta, Aron},
 month = {December},
 note = {\url{https://proceedings.neurips.cc/paper_files/paper/2009/file/a67f096809415ca1c9f112d96d27689b-Paper.pdf}},
 publisher = {Curran Associates, Inc.},
 series = {Conference Track Proceedings},
 title = {Time-Varying Dynamic Bayesian Networks},
 volume = {22},
 year = {2009}
}

@inproceedings{sprekeler2009code,
 address = {Vancouver, British Columbia, Canada},
 author = {Sprekeler, Henning and Hennequin, Guillaume and Gerstner, Wulfram},
 booktitle = {Advances in Neural Information Processing Systems 22 (NIPS)},
 editor = {Bengio, Y. and Schuurmans, D. and Lafferty, J. and Williams, C. and Culotta, A.},
 month = {December},
 note = {\url{https://proceedings.neurips.cc/paper_files/paper/2009/file/04ecb1fa28506ccb6f72b12c0245ddbc-Paper.pdf}},
 publisher = {Curran Associates, Inc.},
 series = {Conference Track Proceedings},
 title = {Code-Specific Policy Gradient Rules for Spiking Neurons},
 volume = {22},
 year = {2009}
}

@inproceedings{steinwart2009fast,
 address = {Vancouver, British Columbia, Canada},
 author = {Steinwart, Ingo and Christmann, Andreas},
 booktitle = {Advances in Neural Information Processing Systems 22 (NIPS)},
 editor = {Bengio, Yoshua and Schuurmans, Dan and Lafferty, John and Williams, Chris and Culotta, Aron},
 month = {December},
 note = {\url{https://proceedings.neurips.cc/paper_files/paper/2009/file/a89cf525e1d9f04d16ce31165e139a4b-Paper.pdf}},
 publisher = {Curran Associates, Inc.},
 series = {Conference Track Proceedings},
 title = {Fast Learning from Non-i.i.d. Observations},
 volume = {22},
 year = {2009}
}

@inproceedings{stevenson2009structural,
 address = {Vancouver, British Columbia, Canada},
 author = {Stevenson, Ian and Koerding, Konrad},
 booktitle = {Advances in Neural Information Processing Systems 22 (NIPS)},
 editor = {Bengio, Y. and Schuurmans, D. and Lafferty, J. and Williams, C. and Culotta, A.},
 month = {December},
 note = {\url{https://proceedings.neurips.cc/paper_files/paper/2009/file/f197002b9a0853eca5e046d9ca4663d5-Paper.pdf}},
 publisher = {Curran Associates, Inc.},
 series = {Conference Track Proceedings},
 title = {Structural inference affects depth perception in the context of potential occlusion},
 volume = {22},
 year = {2009}
}

@inproceedings{steyvers2009wisdom,
 address = {Vancouver, British Columbia, Canada},
 author = {Steyvers, Mark and Miller, Brent and Hemmer, Pernille and Lee, Michael},
 booktitle = {Advances in Neural Information Processing Systems 22 (NIPS)},
 editor = {Bengio, Y. and Schuurmans, D. and Lafferty, J. and Williams, C. and Culotta, A.},
 month = {December},
 note = {\url{https://proceedings.neurips.cc/paper_files/paper/2009/file/4c27cea8526af8cfee3be5e183ac9605-Paper.pdf}},
 publisher = {Curran Associates, Inc.},
 series = {Conference Track Proceedings},
 title = {The Wisdom of Crowds in the Recollection of Order Information},
 volume = {22},
 year = {2009}
}

@inproceedings{streeter2009online,
 address = {Vancouver, British Columbia, Canada},
 author = {Streeter, Matthew and Golovin, Daniel and Krause, Andreas},
 booktitle = {Advances in Neural Information Processing Systems 22 (NIPS)},
 editor = {Bengio, Y. and Schuurmans, D. and Lafferty, J. and Williams, C. and Culotta, A.},
 month = {December},
 note = {\url{https://proceedings.neurips.cc/paper_files/paper/2009/file/e0c641195b27425bb056ac56f8953d24-Paper.pdf}},
 publisher = {Curran Associates, Inc.},
 series = {Conference Track Proceedings},
 title = {Online Learning of Assignments},
 volume = {22},
 year = {2009}
}

@inproceedings{subramanya2009entropic,
 address = {Vancouver, British Columbia, Canada},
 author = {Subramanya, Amarnag and Bilmes, Jeff A},
 booktitle = {Advances in Neural Information Processing Systems 22 (NIPS)},
 editor = {Bengio, Y. and Schuurmans, D. and Lafferty, J. and Williams, C. and Culotta, A.},
 month = {December},
 note = {\url{https://proceedings.neurips.cc/paper_files/paper/2009/file/0768281a05da9f27df178b5c39a51263-Paper.pdf}},
 publisher = {Curran Associates, Inc.},
 series = {Conference Track Proceedings},
 title = {Entropic Graph Regularization in Non-Parametric Semi-Supervised Classification},
 volume = {22},
 year = {2009}
}

@inproceedings{sun2009efficient,
 address = {Vancouver, British Columbia, Canada},
 author = {Sun, Liang and Liu, Jun and Chen, Jianhui and Ye, Jieping},
 booktitle = {Advances in Neural Information Processing Systems 22 (NIPS)},
 editor = {Bengio, Y. and Schuurmans, D. and Lafferty, J. and Williams, C. and Culotta, A.},
 month = {December},
 note = {\url{https://proceedings.neurips.cc/paper_files/paper/2009/file/4ca82782c5372a547c104929f03fe7a9-Paper.pdf}},
 publisher = {Curran Associates, Inc.},
 series = {Conference Track Proceedings},
 title = {Efficient Recovery of Jointly Sparse Vectors},
 volume = {22},
 year = {2009}
}

@inproceedings{sutskever2009modelling,
 address = {Vancouver, British Columbia, Canada},
 author = {Sutskever, Ilya and Tenenbaum, Joshua and Salakhutdinov, Russ R},
 booktitle = {Advances in Neural Information Processing Systems 22 (NIPS)},
 editor = {Bengio, Y. and Schuurmans, D. and Lafferty, J. and Williams, C. and Culotta, A.},
 month = {December},
 note = {\url{https://proceedings.neurips.cc/paper_files/paper/2009/file/5705e1164a8394aace6018e27d20d237-Paper.pdf}},
 publisher = {Curran Associates, Inc.},
 series = {Conference Track Proceedings},
 title = {Modelling Relational Data using Bayesian Clustered Tensor Factorization},
 volume = {22},
 year = {2009}
}

@inproceedings{swirszcz2009grouped,
 address = {Vancouver, British Columbia, Canada},
 author = {Swirszcz, Grzegorz and Abe, Naoki and Lozano, Aurelie C},
 booktitle = {Advances in Neural Information Processing Systems 22 (NIPS)},
 editor = {Bengio, Y. and Schuurmans, D. and Lafferty, J. and Williams, C. and Culotta, A.},
 month = {December},
 note = {\url{https://proceedings.neurips.cc/paper_files/paper/2009/file/dd45045f8c68db9f54e70c67048d32e8-Paper.pdf}},
 publisher = {Curran Associates, Inc.},
 series = {Conference Track Proceedings},
 title = {Grouped Orthogonal Matching Pursuit for Variable Selection and Prediction},
 volume = {22},
 year = {2009}
}

@inproceedings{syed2009adapting,
 address = {Vancouver, British Columbia, Canada},
 author = {Syed, Umar and Slivkins, Aleksandrs and Mishra, Nina},
 booktitle = {Advances in Neural Information Processing Systems 22 (NIPS)},
 editor = {Bengio, Y. and Schuurmans, D. and Lafferty, J. and Williams, C. and Culotta, A.},
 month = {December},
 note = {\url{https://proceedings.neurips.cc/paper_files/paper/2009/file/6aab1270668d8cac7cef2566a1c5f569-Paper.pdf}},
 publisher = {Curran Associates, Inc.},
 series = {Conference Track Proceedings},
 title = {Adapting to the Shifting Intent of Search Queries},
 volume = {22},
 year = {2009}
}

@inproceedings{teh2009indian,
 address = {Vancouver, British Columbia, Canada},
 author = {Teh, Yee and Gorur, Dilan},
 booktitle = {Advances in Neural Information Processing Systems 22 (NIPS)},
 editor = {Bengio, Y. and Schuurmans, D. and Lafferty, J. and Williams, C. and Culotta, A.},
 month = {December},
 note = {\url{https://proceedings.neurips.cc/paper_files/paper/2009/file/f1b6f2857fb6d44dd73c7041e0aa0f19-Paper.pdf}},
 publisher = {Curran Associates, Inc.},
 series = {Conference Track Proceedings},
 title = {Indian Buffet Processes with Power-law Behavior},
 volume = {22},
 year = {2009}
}

@inproceedings{todorov2009compositionality,
 address = {Vancouver, British Columbia, Canada},
 author = {Todorov, Emanuel},
 booktitle = {Advances in Neural Information Processing Systems 22 (NIPS)},
 editor = {Bengio, Y. and Schuurmans, D. and Lafferty, J. and Williams, C. and Culotta, A.},
 month = {December},
 note = {\url{https://proceedings.neurips.cc/paper_files/paper/2009/file/3eb71f6293a2a31f3569e10af6552658-Paper.pdf}},
 publisher = {Curran Associates, Inc.},
 series = {Conference Track Proceedings},
 title = {Compositionality of Optimal Control Laws},
 volume = {22},
 year = {2009}
}

@inproceedings{ullman2009help,
 address = {Vancouver, British Columbia, Canada},
 author = {Ullman, Tomer and Baker, Chris and Macindoe, Owen and Evans, Owain and Goodman, Noah and Tenenbaum, Joshua},
 booktitle = {Advances in Neural Information Processing Systems 22 (NIPS)},
 editor = {Bengio, Y. and Schuurmans, D. and Lafferty, J. and Williams, C. and Culotta, A.},
 month = {December},
 note = {\url{https://proceedings.neurips.cc/paper_files/paper/2009/file/52292e0c763fd027c6eba6b8f494d2eb-Paper.pdf}},
 publisher = {Curran Associates, Inc.},
 series = {Conference Track Proceedings},
 title = {Help or Hinder: Bayesian Models of Social Goal Inference},
 volume = {22},
 year = {2009}
}

@inproceedings{valizadegan2009learning,
 address = {Vancouver, British Columbia, Canada},
 author = {Valizadegan, Hamed and Jin, Rong and Zhang, Ruofei and Mao, Jianchang},
 booktitle = {Advances in Neural Information Processing Systems 22 (NIPS)},
 editor = {Bengio, Y. and Schuurmans, D. and Lafferty, J. and Williams, C. and Culotta, A.},
 month = {December},
 note = {\url{https://proceedings.neurips.cc/paper_files/paper/2009/file/b3967a0e938dc2a6340e258630febd5a-Paper.pdf}},
 publisher = {Curran Associates, Inc.},
 series = {Conference Track Proceedings},
 title = {Learning to Rank by Optimizing NDCG Measure},
 volume = {22},
 year = {2009}
}

@inproceedings{vanhatalo2009gaussian,
 address = {Vancouver, British Columbia, Canada},
 author = {Vanhatalo, Jarno and Jylänki, Pasi and Vehtari, Aki},
 booktitle = {Advances in Neural Information Processing Systems 22 (NIPS)},
 editor = {Bengio, Y. and Schuurmans, D. and Lafferty, J. and Williams, C. and Culotta, A.},
 month = {December},
 note = {\url{https://proceedings.neurips.cc/paper_files/paper/2009/file/13fe9d84310e77f13a6d184dbf1232f3-Paper.pdf}},
 publisher = {Curran Associates, Inc.},
 series = {Conference Track Proceedings},
 title = {Gaussian Process Regression with Student-t Likelihood},
 volume = {22},
 year = {2009}
}

@inproceedings{vanpaemel2009measuring,
 address = {Vancouver, British Columbia, Canada},
 author = {Vanpaemel, Wolf},
 booktitle = {Advances in Neural Information Processing Systems 22 (NIPS)},
 editor = {Bengio, Y. and Schuurmans, D. and Lafferty, J. and Williams, C. and Culotta, A.},
 month = {December},
 note = {\url{https://proceedings.neurips.cc/paper_files/paper/2009/file/f7cade80b7cc92b991cf4d2806d6bd78-Paper.pdf}},
 publisher = {Curran Associates, Inc.},
 series = {Conference Track Proceedings},
 title = {Measuring model complexity with the prior predictive},
 volume = {22},
 year = {2009}
}

@inproceedings{vayatis2009auc,
 address = {Vancouver, British Columbia, Canada},
 author = {Vayatis, Nicolas and Depecker, Marine and Clémençon, Stéphan},
 booktitle = {Advances in Neural Information Processing Systems 22 (NIPS)},
 editor = {Bengio, Y. and Schuurmans, D. and Lafferty, J. and Williams, C. and Culotta, A.},
 month = {December},
 note = {\url{https://proceedings.neurips.cc/paper_files/paper/2009/file/40008b9a5380fcacce3976bf7c08af5b-Paper.pdf}},
 publisher = {Curran Associates, Inc.},
 series = {Conference Track Proceedings},
 title = {AUC Optimization and the Two-sample Problem},
 volume = {22},
 year = {2009}
}

@inproceedings{vedaldi2009structured,
 address = {Vancouver, British Columbia, Canada},
 author = {Vedaldi, Andrea and Zisserman, Andrew},
 booktitle = {Advances in Neural Information Processing Systems 22 (NIPS)},
 editor = {Bengio, Y. and Schuurmans, D. and Lafferty, J. and Williams, C. and Culotta, A.},
 month = {December},
 note = {\url{https://proceedings.neurips.cc/paper_files/paper/2009/file/2a38a4a9316c49e5a833517c45d31070-Paper.pdf}},
 publisher = {Curran Associates, Inc.},
 series = {Conference Track Proceedings},
 title = {Structured Output Regression for Detection with Partial Truncation},
 volume = {22},
 year = {2009}
}

@inproceedings{veness2009bootstrapping,
 address = {Vancouver, British Columbia, Canada},
 author = {Veness, Joel and Silver, David and Blair, Alan and Uther, William},
 booktitle = {Advances in Neural Information Processing Systems 22 (NIPS)},
 editor = {Bengio, Y. and Schuurmans, D. and Lafferty, J. and Williams, C. and Culotta, A.},
 month = {December},
 note = {\url{https://proceedings.neurips.cc/paper_files/paper/2009/file/389bc7bb1e1c2a5e7e147703232a88f6-Paper.pdf}},
 publisher = {Curran Associates, Inc.},
 series = {Conference Track Proceedings},
 title = {Bootstrapping from Game Tree Search},
 volume = {22},
 year = {2009}
}

@inproceedings{venkataraman2009tracking,
 address = {Vancouver, British Columbia, Canada},
 author = {Venkataraman, Shobha and Blum, Avrim and Song, Dawn and Sen, Subhabrata and Spatscheck, Oliver},
 booktitle = {Advances in Neural Information Processing Systems 22 (NIPS)},
 editor = {Bengio, Y. and Schuurmans, D. and Lafferty, J. and Williams, C. and Culotta, A.},
 month = {December},
 note = {\url{https://proceedings.neurips.cc/paper_files/paper/2009/file/b6edc1cd1f36e45daf6d7824d7bb2283-Paper.pdf}},
 publisher = {Curran Associates, Inc.},
 series = {Conference Track Proceedings},
 title = {Tracking Dynamic Sources of Malicious Activity at Internet Scale},
 volume = {22},
 year = {2009}
}

@inproceedings{vul2009explaining,
 address = {Vancouver, British Columbia, Canada},
 author = {Vul, Ed and Alvarez, George and Tenenbaum, Joshua and Black, Michael},
 booktitle = {Advances in Neural Information Processing Systems 22 (NIPS)},
 editor = {Bengio, Y. and Schuurmans, D. and Lafferty, J. and Williams, C. and Culotta, A.},
 month = {December},
 note = {\url{https://proceedings.neurips.cc/paper_files/paper/2009/file/d79aac075930c83c2f1e369a511148fe-Paper.pdf}},
 publisher = {Curran Associates, Inc.},
 series = {Conference Track Proceedings},
 title = {Explaining human multiple object tracking as resource-constrained approximate inference in a dynamic probabilistic model},
 volume = {22},
 year = {2009}
}

@inproceedings{wallach2009rethinking,
 address = {Vancouver, British Columbia, Canada},
 author = {Wallach, Hanna and Mimno, David and McCallum, Andrew},
 booktitle = {Advances in Neural Information Processing Systems 22 (NIPS)},
 editor = {Bengio, Y. and Schuurmans, D. and Lafferty, J. and Williams, C. and Culotta, A.},
 month = {December},
 note = {\url{https://proceedings.neurips.cc/paper_files/paper/2009/file/0d0871f0806eae32d30983b62252da50-Paper.pdf}},
 publisher = {Curran Associates, Inc.},
 series = {Conference Track Proceedings},
 title = {Rethinking LDA: Why Priors Matter},
 volume = {22},
 year = {2009}
}

@inproceedings{wang2009decoupling,
 address = {Vancouver, British Columbia, Canada},
 author = {Wang, Chong and Blei, David},
 booktitle = {Advances in Neural Information Processing Systems 22 (NIPS)},
 editor = {Bengio, Y. and Schuurmans, D. and Lafferty, J. and Williams, C. and Culotta, A.},
 month = {December},
 note = {\url{https://proceedings.neurips.cc/paper_files/paper/2009/file/3b8a614226a953a8cd9526fca6fe9ba5-Paper.pdf}},
 publisher = {Curran Associates, Inc.},
 series = {Conference Track Proceedings},
 title = {Decoupling Sparsity and Smoothness in the Discrete Hierarchical Dirichlet Process},
 volume = {22},
 year = {2009}
}

@inproceedings{wang2009rate,
 address = {Vancouver, British Columbia, Canada},
 author = {Wang, Yang and Haffari, Gholamreza and Wang, Shaojun and Mori, Greg},
 booktitle = {Advances in Neural Information Processing Systems 22 (NIPS)},
 editor = {Bengio, Y. and Schuurmans, D. and Lafferty, J. and Williams, C. and Culotta, A.},
 month = {December},
 note = {\url{https://proceedings.neurips.cc/paper_files/paper/2009/file/e5841df2166dd424a57127423d276bbe-Paper.pdf}},
 publisher = {Curran Associates, Inc.},
 series = {Conference Track Proceedings},
 title = {A Rate Distortion Approach for Semi-Supervised Conditional Random Fields},
 volume = {22},
 year = {2009}
}

@inproceedings{wang2009sufficient,
 address = {Vancouver, British Columbia, Canada},
 author = {Wang, Liwei},
 booktitle = {Advances in Neural Information Processing Systems 22 (NIPS)},
 editor = {Bengio, Y. and Schuurmans, D. and Lafferty, J. and Williams, C. and Culotta, A.},
 month = {December},
 note = {\url{https://proceedings.neurips.cc/paper_files/paper/2009/file/b1d10e7bafa4421218a51b1e1f1b0ba2-Paper.pdf}},
 publisher = {Curran Associates, Inc.},
 series = {Conference Track Proceedings},
 title = {Sufficient Conditions for Agnostic Active Learnable},
 volume = {22},
 year = {2009}
}

@inproceedings{wang2009variational,
 address = {Vancouver, British Columbia, Canada},
 author = {Wang, Chong and Blei, David},
 booktitle = {Advances in Neural Information Processing Systems 22 (NIPS)},
 editor = {Bengio, Y. and Schuurmans, D. and Lafferty, J. and Williams, C. and Culotta, A.},
 month = {December},
 note = {\url{https://proceedings.neurips.cc/paper_files/paper/2009/file/ca46c1b9512a7a8315fa3c5a946e8265-Paper.pdf}},
 publisher = {Curran Associates, Inc.},
 series = {Conference Track Proceedings},
 title = {Variational Inference for the Nested Chinese Restaurant Process},
 volume = {22},
 year = {2009}
}

@inproceedings{watanabe2009graph,
 address = {Vancouver, British Columbia, Canada},
 author = {Watanabe, Yusuke and Fukumizu, Kenji},
 booktitle = {Advances in Neural Information Processing Systems 22 (NIPS)},
 editor = {Bengio, Y. and Schuurmans, D. and Lafferty, J. and Williams, C. and Culotta, A.},
 month = {December},
 note = {\url{https://proceedings.neurips.cc/paper_files/paper/2009/file/b6f0479ae87d244975439c6124592772-Paper.pdf}},
 publisher = {Curran Associates, Inc.},
 series = {Conference Track Proceedings},
 title = {Graph Zeta Function in the Bethe Free Energy and Loopy Belief Propagation},
 volume = {22},
 year = {2009}
}

@inproceedings{waugh2009strategy,
 address = {Vancouver, British Columbia, Canada},
 author = {Waugh, Kevin and Bard, Nolan and Bowling, Michael},
 booktitle = {Advances in Neural Information Processing Systems 22 (NIPS)},
 editor = {Bengio, Y. and Schuurmans, D. and Lafferty, J. and Williams, C. and Culotta, A.},
 month = {December},
 note = {\url{https://proceedings.neurips.cc/paper_files/paper/2009/file/e0ec453e28e061cc58ac43f91dc2f3f0-Paper.pdf}},
 publisher = {Curran Associates, Inc.},
 series = {Conference Track Proceedings},
 title = {Strategy Grafting in Extensive Games},
 volume = {22},
 year = {2009}
}

@inproceedings{whitehill2009whose,
 address = {Vancouver, British Columbia, Canada},
 author = {Whitehill, Jacob and Wu, Ting-Fan and Bergsma, Jacob and Movellan, Javier and Ruvolo, Paul},
 booktitle = {Advances in Neural Information Processing Systems 22 (NIPS)},
 editor = {Bengio, Y. and Schuurmans, D. and Lafferty, J. and Williams, C. and Culotta, A.},
 month = {December},
 note = {\url{https://proceedings.neurips.cc/paper_files/paper/2009/file/f899139df5e1059396431415e770c6dd-Paper.pdf}},
 publisher = {Curran Associates, Inc.},
 series = {Conference Track Proceedings},
 title = {Whose Vote Should Count More: Optimal Integration of Labels from Labelers of Unknown Expertise},
 volume = {22},
 year = {2009}
}

@inproceedings{wilder2009sequential,
 address = {Vancouver, British Columbia, Canada},
 author = {Wilder, Matthew and Jones, Matt and Mozer, Michael C.},
 booktitle = {Advances in Neural Information Processing Systems 22 (NIPS)},
 editor = {Bengio, Y. and Schuurmans, D. and Lafferty, J. and Williams, C. and Culotta, A.},
 month = {December},
 note = {\url{https://proceedings.neurips.cc/paper_files/paper/2009/file/522a9ae9a99880d39e5daec35375e999-Paper.pdf}},
 publisher = {Curran Associates, Inc.},
 series = {Conference Track Proceedings},
 title = {Sequential Effects Reflect Parallel Learning of Multiple Environmental Regularities},
 volume = {22},
 year = {2009}
}

@inproceedings{wilson2009neural,
 address = {Vancouver, British Columbia, Canada},
 author = {Wilson, Robert and Finkel, Leif},
 booktitle = {Advances in Neural Information Processing Systems 22 (NIPS)},
 editor = {Bengio, Y. and Schuurmans, D. and Lafferty, J. and Williams, C. and Culotta, A.},
 month = {December},
 note = {\url{https://proceedings.neurips.cc/paper_files/paper/2009/file/6d0f846348a856321729a2f36734d1a7-Paper.pdf}},
 publisher = {Curran Associates, Inc.},
 series = {Conference Track Proceedings},
 title = {A Neural Implementation of the Kalman Filter},
 volume = {22},
 year = {2009}
}

@inproceedings{wipf2009sparse,
 address = {Vancouver, British Columbia, Canada},
 author = {Wipf, David and Nagarajan, Srikantan},
 booktitle = {Advances in Neural Information Processing Systems 22 (NIPS)},
 editor = {Bengio, Y. and Schuurmans, D. and Lafferty, J. and Williams, C. and Culotta, A.},
 month = {December},
 note = {\url{https://proceedings.neurips.cc/paper_files/paper/2009/file/1ce927f875864094e3906a4a0b5ece68-Paper.pdf}},
 publisher = {Curran Associates, Inc.},
 series = {Conference Track Proceedings},
 title = {Sparse Estimation Using General Likelihoods and Non-Factorial Priors},
 volume = {22},
 year = {2009}
}

@inproceedings{wright2009robust,
 address = {Vancouver, British Columbia, Canada},
 author = {Wright, John and Ganesh, Arvind and Rao, Shankar and Peng, Yigang and Ma, Yi},
 booktitle = {Advances in Neural Information Processing Systems 22 (NIPS)},
 editor = {Bengio, Y. and Schuurmans, D. and Lafferty, J. and Williams, C. and Culotta, A.},
 month = {December},
 note = {\url{https://proceedings.neurips.cc/paper_files/paper/2009/file/c45147dee729311ef5b5c3003946c48f-Paper.pdf}},
 publisher = {Curran Associates, Inc.},
 series = {Conference Track Proceedings},
 title = {Robust Principal Component Analysis: Exact Recovery of Corrupted Low-Rank Matrices via Convex Optimization},
 volume = {22},
 year = {2009}
}

@inproceedings{wu2009fast,
 address = {Vancouver, British Columbia, Canada},
 author = {Wu, Xiao-ming and So, Anthony and Li, Zhenguo and Li, Shuo-yen},
 booktitle = {Advances in Neural Information Processing Systems 22 (NIPS)},
 editor = {Bengio, Yoshua and Schuurmans, Dan and Lafferty, John and Williams, Chris and Culotta, Aron},
 month = {December},
 note = {\url{https://proceedings.neurips.cc/paper_files/paper/2009/file/96ea64f3a1aa2fd00c72faacf0cb8ac9-Paper.pdf}},
 publisher = {Curran Associates, Inc.},
 series = {Conference Track Proceedings},
 title = {Fast Graph Laplacian Regularized Kernel Learning via Semidefinite–Quadratic–Linear Programming},
 volume = {22},
 year = {2009}
}

@inproceedings{wu2009learning,
 address = {Vancouver, British Columbia, Canada},
 author = {Wu, Lei and Jin, Rong and Hoi, Steven and Zhu, Jianke and Yu, Nenghai},
 booktitle = {Advances in Neural Information Processing Systems 22 (NIPS)},
 editor = {Bengio, Y. and Schuurmans, D. and Lafferty, J. and Williams, C. and Culotta, A.},
 month = {December},
 note = {\url{https://proceedings.neurips.cc/paper_files/paper/2009/file/2f2b265625d76a6704b08093c652fd79-Paper.pdf}},
 publisher = {Curran Associates, Inc.},
 series = {Conference Track Proceedings},
 title = {Learning Bregman Distance Functions and Its Application for Semi-Supervised Clustering},
 volume = {22},
 year = {2009}
}

@inproceedings{xi2009boosting,
 address = {Vancouver, British Columbia, Canada},
 author = {Xi, Yongxin and Hasson, Uri and Ramadge, Peter J and Xiang, Zhen},
 booktitle = {Advances in Neural Information Processing Systems 22 (NIPS)},
 editor = {Bengio, Y. and Schuurmans, D. and Lafferty, J. and Williams, C. and Culotta, A.},
 month = {December},
 note = {\url{https://proceedings.neurips.cc/paper_files/paper/2009/file/f2217062e9a397a1dca429e7d70bc6ca-Paper.pdf}},
 publisher = {Curran Associates, Inc.},
 series = {Conference Track Proceedings},
 title = {Boosting with Spatial Regularization},
 volume = {22},
 year = {2009}
}

@inproceedings{xia2009statistical,
 address = {Vancouver, British Columbia, Canada},
 author = {Xia, Fen and Liu, Tie-yan and Li, Hang},
 booktitle = {Advances in Neural Information Processing Systems 22 (NIPS)},
 editor = {Bengio, Y. and Schuurmans, D. and Lafferty, J. and Williams, C. and Culotta, A.},
 month = {December},
 note = {\url{https://proceedings.neurips.cc/paper_files/paper/2009/file/ba2fd310dcaa8781a9a652a31baf3c68-Paper.pdf}},
 publisher = {Curran Associates, Inc.},
 series = {Conference Track Proceedings},
 title = {Statistical Consistency of Top-k Ranking},
 volume = {22},
 year = {2009}
}

@inproceedings{xiao2009dual,
 address = {Vancouver, British Columbia, Canada},
 author = {Xiao, Lin},
 booktitle = {Advances in Neural Information Processing Systems 22 (NIPS)},
 editor = {Bengio, Y. and Schuurmans, D. and Lafferty, J. and Williams, C. and Culotta, A.},
 month = {December},
 note = {\url{https://proceedings.neurips.cc/paper_files/paper/2009/file/7cce53cf90577442771720a370c3c723-Paper.pdf}},
 publisher = {Curran Associates, Inc.},
 series = {Conference Track Proceedings},
 title = {Dual Averaging Method for Regularized Stochastic Learning and Online Optimization},
 volume = {22},
 year = {2009}
}

@inproceedings{xu2009adaptive,
 address = {Vancouver, British Columbia, Canada},
 author = {Xu, Zenglin and Jin, Rong and Zhu, Jianke and King, Irwin and Lyu, Michael and Yang, Zhirong},
 booktitle = {Advances in Neural Information Processing Systems 22 (NIPS)},
 editor = {Bengio, Yoshua and Schuurmans, Dan and Lafferty, John and Williams, Chris and Culotta, Aron},
 month = {December},
 note = {\url{https://proceedings.neurips.cc/paper_files/paper/2009/file/8a0e1141fd37fa5b98d5bb769ba1a7cc-Paper.pdf}},
 publisher = {Curran Associates, Inc.},
 series = {Conference Track Proceedings},
 title = {Adaptive Regularization for Transductive Support Vector Machine},
 volume = {22},
 year = {2009}
}

@inproceedings{yan2009parallel,
 address = {Vancouver, British Columbia, Canada},
 author = {Yan, Feng and Xu, Ningyi and Qi, Yuan},
 booktitle = {Advances in Neural Information Processing Systems 22 (NIPS)},
 editor = {Bengio, Y. and Schuurmans, D. and Lafferty, J. and Williams, C. and Culotta, A.},
 month = {December},
 note = {\url{https://proceedings.neurips.cc/paper_files/paper/2009/file/ed265bc903a5a097f61d3ec064d96d2e-Paper.pdf}},
 publisher = {Curran Associates, Inc.},
 series = {Conference Track Proceedings},
 title = {Parallel Inference for Latent Dirichlet Allocation on Graphics Processing Units},
 volume = {22},
 year = {2009}
}

@inproceedings{yang2009dirichlet,
 address = {Vancouver, British Columbia, Canada},
 author = {Yang, Shuang-hong and Zha, Hongyuan and Hu, Bao-gang},
 booktitle = {Advances in Neural Information Processing Systems 22 (NIPS)},
 editor = {Bengio, Y. and Schuurmans, D. and Lafferty, J. and Williams, C. and Culotta, A.},
 month = {December},
 note = {\url{https://proceedings.neurips.cc/paper_files/paper/2009/file/6c8349cc7260ae62e3b1396831a8398f-Paper.pdf}},
 publisher = {Curran Associates, Inc.},
 series = {Conference Track Proceedings},
 title = {Dirichlet-Bernoulli Alignment: A Generative Model for Multi-Class Multi-Label Multi-Instance Corpora},
 volume = {22},
 year = {2009}
}

@inproceedings{yang2009heavy,
 address = {Vancouver, British Columbia, Canada},
 author = {Yang, Zhirong and King, Irwin and Xu, Zenglin and Oja, Erkki},
 booktitle = {Advances in Neural Information Processing Systems 22 (NIPS)},
 editor = {Bengio, Y. and Schuurmans, D. and Lafferty, J. and Williams, C. and Culotta, A.},
 month = {December},
 note = {\url{https://proceedings.neurips.cc/paper_files/paper/2009/file/2291d2ec3b3048d1a6f86c2c4591b7e0-Paper.pdf}},
 publisher = {Curran Associates, Inc.},
 series = {Conference Track Proceedings},
 title = {Heavy-Tailed Symmetric Stochastic Neighbor Embedding},
 volume = {22},
 year = {2009}
}

@inproceedings{yang2009heterogeneous,
 address = {Vancouver, British Columbia, Canada},
 author = {Yang, Xiaolin and Kim, Seyoung and Xing, Eric},
 booktitle = {Advances in Neural Information Processing Systems 22 (NIPS)},
 editor = {Bengio, Y. and Schuurmans, D. and Lafferty, J. and Williams, C. and Culotta, A.},
 month = {December},
 note = {\url{https://proceedings.neurips.cc/paper_files/paper/2009/file/58c54802a9fb9526cd0923353a34a7ae-Paper.pdf}},
 publisher = {Curran Associates, Inc.},
 series = {Conference Track Proceedings},
 title = {Heterogeneous multitask learning with joint sparsity constraints},
 volume = {22},
 year = {2009}
}

@inproceedings{yang2009noise,
 address = {Vancouver, British Columbia, Canada},
 author = {Yang, Zhi and Zhao, Qi and Keefer, Edward and Liu, Wentai},
 booktitle = {Advances in Neural Information Processing Systems 22 (NIPS)},
 editor = {Bengio, Yoshua and Schuurmans, Dan and Lafferty, John and Williams, Chris and Culotta, Aron},
 month = {December},
 note = {\url{https://proceedings.neurips.cc/paper_files/paper/2009/file/8e296a067a37563370ded05f5a3bf3ec-Paper.pdf}},
 publisher = {Curran Associates, Inc.},
 series = {Conference Track Proceedings},
 title = {Noise Characterization, Modeling, and Reduction for In Vivo Neural Recording},
 volume = {22},
 year = {2009}
}

@inproceedings{yao2009hierarchical,
 address = {Vancouver, British Columbia, Canada},
 author = {Yao, Bangpeng and Walther, Dirk and Beck, Diane and Li, Fei-fei},
 booktitle = {Advances in Neural Information Processing Systems 22 (NIPS)},
 editor = {Bengio, Yoshua and Schuurmans, Dan and Lafferty, John and Williams, Chris and Culotta, Aron},
 month = {December},
 note = {\url{https://proceedings.neurips.cc/paper_files/paper/2009/file/a86c450b76fb8c371afead6410d55534-Paper.pdf}},
 publisher = {Curran Associates, Inc.},
 series = {Conference Track Proceedings},
 title = {Hierarchical Mixture of Classification Experts Uncovers Interactions between Brain Regions},
 volume = {22},
 year = {2009}
}

@inproceedings{yao2009multi,
 address = {Vancouver, British Columbia, Canada},
 author = {Yao, Hengshuai and Bhatnagar, Shalabh and Diao, Dongcui and Sutton, Richard S and Szepesvári, Csaba},
 booktitle = {Advances in Neural Information Processing Systems 22 (NIPS)},
 editor = {Bengio, Y. and Schuurmans, D. and Lafferty, J. and Williams, C. and Culotta, A.},
 month = {December},
 note = {\url{https://proceedings.neurips.cc/paper_files/paper/2009/file/c52f1bd66cc19d05628bd8bf27af3ad6-Paper.pdf}},
 publisher = {Curran Associates, Inc.},
 series = {Conference Track Proceedings},
 title = {Multi-Step Dyna Planning for Policy Evaluation and Control},
 volume = {22},
 year = {2009}
}

@inproceedings{ye2009conditional,
 address = {Vancouver, British Columbia, Canada},
 author = {Ye, Nan and Lee, Wee and Chieu, Hai and Wu, Dan},
 booktitle = {Advances in Neural Information Processing Systems 22 (NIPS)},
 editor = {Bengio, Yoshua and Schuurmans, Dan and Lafferty, John and Williams, Chris and Culotta, Aron},
 month = {December},
 note = {\url{https://proceedings.neurips.cc/paper_files/paper/2009/file/94f6d7e04a4d452035300f18b984988c-Paper.pdf}},
 publisher = {Curran Associates, Inc.},
 series = {Conference Track Proceedings},
 title = {Conditional Random Fields with High-Order Features for Sequence Labeling},
 volume = {22},
 year = {2009}
}

@inproceedings{ying2009analysis,
 address = {Vancouver, British Columbia, Canada},
 author = {Ying, Yiming and Campbell, Colin and Girolami, Mark},
 booktitle = {Advances in Neural Information Processing Systems 22 (NIPS)},
 editor = {Bengio, Y. and Schuurmans, D. and Lafferty, J. and Williams, C. and Culotta, A.},
 month = {December},
 note = {\url{https://proceedings.neurips.cc/paper_files/paper/2009/file/7f1de29e6da19d22b51c68001e7e0e54-Paper.pdf}},
 publisher = {Curran Associates, Inc.},
 series = {Conference Track Proceedings},
 title = {Analysis of SVM with Indefinite Kernels},
 volume = {22},
 year = {2009}
}

@inproceedings{ying2009sparse,
 address = {Vancouver, British Columbia, Canada},
 author = {Ying, Yiming and Huang, Kaizhu and Campbell, Colin},
 booktitle = {Advances in Neural Information Processing Systems 22 (NIPS)},
 editor = {Bengio, Y. and Schuurmans, D. and Lafferty, J. and Williams, C. and Culotta, A.},
 month = {December},
 note = {\url{https://proceedings.neurips.cc/paper_files/paper/2009/file/37bc2f75bf1bcfe8450a1a41c200364c-Paper.pdf}},
 publisher = {Curran Associates, Inc.},
 series = {Conference Track Proceedings},
 title = {Sparse Metric Learning via Smooth Optimization},
 volume = {22},
 year = {2009}
}

@inproceedings{yu2009general,
 address = {Vancouver, British Columbia, Canada},
 author = {Yu, Yao-liang and Li, Yuxi and Schuurmans, Dale and Szepesvári, Csaba},
 booktitle = {Advances in Neural Information Processing Systems 22 (NIPS)},
 editor = {Bengio, Yoshua and Schuurmans, Dan and Lafferty, John and Williams, Chris and Culotta, Aron},
 month = {December},
 note = {\url{https://proceedings.neurips.cc/paper_files/paper/2009/file/a684eceee76fc522773286a895bc8436-Paper.pdf}},
 publisher = {Curran Associates, Inc.},
 series = {Conference Track Proceedings},
 title = {A General Projection Property for Distribution Families},
 volume = {22},
 year = {2009}
}

@inproceedings{yu2009nonlinear,
 address = {Vancouver, British Columbia, Canada},
 author = {Yu, Kai and Zhang, Tong and Gong, Yihong},
 booktitle = {Advances in Neural Information Processing Systems 22 (NIPS)},
 editor = {Bengio, Y. and Schuurmans, D. and Lafferty, J. and Williams, C. and Culotta, A.},
 month = {December},
 note = {\url{https://proceedings.neurips.cc/paper_files/paper/2009/file/2afe4567e1bf64d32a5527244d104cea-Paper.pdf}},
 publisher = {Curran Associates, Inc.},
 series = {Conference Track Proceedings},
 title = {Nonlinear Learning using Local Coordinate Coding},
 volume = {22},
 year = {2009}
}

@inproceedings{zhang2009optimal,
 address = {Vancouver, British Columbia, Canada},
 author = {Zhang, Zhihua and Dai, Guang},
 booktitle = {Advances in Neural Information Processing Systems 22 (NIPS)},
 editor = {Bengio, Yoshua and Schuurmans, Dan and Lafferty, John and Williams, Chris and Culotta, Aron},
 month = {December},
 note = {\url{https://proceedings.neurips.cc/paper_files/paper/2009/file/a8e864d04c95572d1aece099af852d0a-Paper.pdf}},
 publisher = {Curran Associates, Inc.},
 series = {Conference Track Proceedings},
 title = {Optimal Scoring for Unsupervised Learning},
 volume = {22},
 year = {2009}
}

@inproceedings{zhao2009anomaly,
 address = {Vancouver, British Columbia, Canada},
 author = {Zhao, Manqi and Saligrama, Venkatesh},
 booktitle = {Advances in Neural Information Processing Systems 22 (NIPS)},
 editor = {Bengio, Yoshua and Schuurmans, Dan and Lafferty, John and Williams, Chris and Culotta, Aron},
 month = {December},
 note = {\url{https://proceedings.neurips.cc/paper_files/paper/2009/file/996a7fa078cc36c46d02f9af3bef918b-Paper.pdf}},
 publisher = {Curran Associates, Inc.},
 series = {Conference Track Proceedings},
 title = {Anomaly Detection with Score functions based on Nearest Neighbor Graphs},
 volume = {22},
 year = {2009}
}

@inproceedings{zhao2009duol,
 address = {Vancouver, British Columbia, Canada},
 author = {Zhao, Peilin and Hoi, Steven and Jin, Rong},
 booktitle = {Advances in Neural Information Processing Systems 22 (NIPS)},
 editor = {Bengio, Y. and Schuurmans, D. and Lafferty, J. and Williams, C. and Culotta, A.},
 month = {December},
 note = {\url{https://proceedings.neurips.cc/paper_files/paper/2009/file/013d407166ec4fa56eb1e1f8cbe183b9-Paper.pdf}},
 publisher = {Curran Associates, Inc.},
 series = {Conference Track Proceedings},
 title = {DUOL: A Double Updating Approach for Online Learning},
 volume = {22},
 year = {2009}
}

@inproceedings{zheng2009optimizing,
 address = {Vancouver, British Columbia, Canada},
 author = {Zheng, Wenming and Lin, Zhouchen},
 booktitle = {Advances in Neural Information Processing Systems 22 (NIPS)},
 editor = {Bengio, Y. and Schuurmans, D. and Lafferty, J. and Williams, C. and Culotta, A.},
 month = {December},
 note = {\url{https://proceedings.neurips.cc/paper_files/paper/2009/file/c16a5320fa475530d9583c34fd356ef5-Paper.pdf}},
 publisher = {Curran Associates, Inc.},
 series = {Conference Track Proceedings},
 title = {Optimizing Multi-Class Spatio-Spectral Filters via Bayes Error Estimation for EEG Classification},
 volume = {22},
 year = {2009}
}

@inproceedings{zhou2009canonical,
 address = {Vancouver, British Columbia, Canada},
 author = {Zhou, Feng and Torre, Fernando},
 booktitle = {Advances in Neural Information Processing Systems 22 (NIPS)},
 editor = {Bengio, Y. and Schuurmans, D. and Lafferty, J. and Williams, C. and Culotta, A.},
 month = {December},
 note = {\url{https://proceedings.neurips.cc/paper_files/paper/2009/file/2ca65f58e35d9ad45bf7f3ae5cfd08f1-Paper.pdf}},
 publisher = {Curran Associates, Inc.},
 series = {Conference Track Proceedings},
 title = {Canonical Time Warping for Alignment of Human Behavior},
 volume = {22},
 year = {2009}
}

@inproceedings{zhou2009efficient,
 address = {Vancouver, British Columbia, Canada},
 author = {Zhou, Chunxiao and Wang, Huixia and Wang, Yongmei},
 booktitle = {Advances in Neural Information Processing Systems 22 (NIPS)},
 editor = {Bengio, Y. and Schuurmans, D. and Lafferty, J. and Williams, C. and Culotta, A.},
 month = {December},
 note = {\url{https://proceedings.neurips.cc/paper_files/paper/2009/file/afd4836712c5e77550897e25711e1d96-Paper.pdf}},
 publisher = {Curran Associates, Inc.},
 series = {Conference Track Proceedings},
 title = {Efficient Moments-based Permutation Tests},
 volume = {22},
 year = {2009}
}

@inproceedings{zhou2009non,
 address = {Vancouver, British Columbia, Canada},
 author = {Zhou, Mingyuan and Chen, Haojun and Ren, Lu and Sapiro, Guillermo and Carin, Lawrence and Paisley, John},
 booktitle = {Advances in Neural Information Processing Systems 22 (NIPS)},
 editor = {Bengio, Y. and Schuurmans, D. and Lafferty, J. and Williams, C. and Culotta, A.},
 month = {December},
 note = {\url{https://proceedings.neurips.cc/paper_files/paper/2009/file/cfecdb276f634854f3ef915e2e980c31-Paper.pdf}},
 publisher = {Curran Associates, Inc.},
 series = {Conference Track Proceedings},
 title = {Non-Parametric Bayesian Dictionary Learning for Sparse Image Representations},
 volume = {22},
 year = {2009}
}

@inproceedings{zhou2009thresholding,
 address = {Vancouver, British Columbia, Canada},
 author = {Zhou, Shuheng},
 booktitle = {Advances in Neural Information Processing Systems 22 (NIPS)},
 editor = {Bengio, Yoshua and Schuurmans, Dan and Lafferty, John and Williams, Chris and Culotta, Aron},
 month = {December},
 note = {\url{https://proceedings.neurips.cc/paper_files/paper/2009/file/92fb0c6d1758261f10d052e6e2c1123c-Paper.pdf}},
 publisher = {Curran Associates, Inc.},
 series = {Conference Track Proceedings},
 title = {Thresholding Procedures for High Dimensional Variable Selection and Statistical Estimation},
 volume = {22},
 year = {2009}
}

@inproceedings{zhu2009human,
 address = {Vancouver, British Columbia, Canada},
 author = {Zhu, Jerry and Gibson, Bryan and Rogers, Timothy T},
 booktitle = {Advances in Neural Information Processing Systems 22 (NIPS)},
 editor = {Bengio, Y. and Schuurmans, D. and Lafferty, J. and Williams, C. and Culotta, A.},
 month = {December},
 note = {\url{https://proceedings.neurips.cc/paper_files/paper/2009/file/f7664060cc52bc6f3d620bcedc94a4b6-Paper.pdf}},
 publisher = {Curran Associates, Inc.},
 series = {Conference Track Proceedings},
 title = {Human Rademacher Complexity},
 volume = {22},
 year = {2009}
}

@inproceedings{zhu2009nonparametric,
 address = {Vancouver, British Columbia, Canada},
 author = {Zhu, Long and Chen, Yuanahao and Freeman, Bill and Torralba, Antonio},
 booktitle = {Advances in Neural Information Processing Systems 22 (NIPS)},
 editor = {Bengio, Y. and Schuurmans, D. and Lafferty, J. and Williams, C. and Culotta, A.},
 month = {December},
 note = {\url{https://proceedings.neurips.cc/paper_files/paper/2009/file/f7e6c85504ce6e82442c770f7c8606f0-Paper.pdf}},
 publisher = {Curran Associates, Inc.},
 series = {Conference Track Proceedings},
 title = {Nonparametric Bayesian Texture Learning and Synthesis},
 volume = {22},
 year = {2009}
}

@inproceedings{zinkevich2009slow,
 address = {Vancouver, British Columbia, Canada},
 author = {Zinkevich, Martin and Langford, John and Smola, Alex},
 booktitle = {Advances in Neural Information Processing Systems 22 (NIPS)},
 editor = {Bengio, Y. and Schuurmans, D. and Lafferty, J. and Williams, C. and Culotta, A.},
 month = {December},
 note = {\url{https://proceedings.neurips.cc/paper_files/paper/2009/file/b55ec28c52d5f6205684a473a2193564-Paper.pdf}},
 publisher = {Curran Associates, Inc.},
 series = {Conference Track Proceedings},
 title = {Slow Learners are Fast},
 volume = {22},
 year = {2009}
}

@inproceedings{zoran2009textquotesingle,
 address = {Vancouver, British Columbia, Canada},
 author = {Zoran, Daniel and Weiss, Yair},
 booktitle = {Advances in Neural Information Processing Systems 22 (NIPS)},
 editor = {Bengio, Y. and Schuurmans, D. and Lafferty, J. and Williams, C. and Culotta, A.},
 month = {December},
 note = {\url{https://proceedings.neurips.cc/paper_files/paper/2009/file/37f0e884fbad9667e38940169d0a3c95-Paper.pdf}},
 publisher = {Curran Associates, Inc.},
 series = {Conference Track Proceedings},
 title = {The ‘Tree-dependent Components’ of Natural Scenes are Edge Filters},
 volume = {22},
 year = {2009}
}
