@inproceedings{abbasiyadkori2011improved,
  address = {Granada, Spain},
  author = {Abbasi-Yadkori, Yasin and Pál, Dávid and Szepesvári, Csaba},
  booktitle = {Advances in Neural Information Processing Systems 24 (NIPS)},
  editor = {J. Shawe-Taylor and R. Zemel and P. Bartlett and F. Pereira and K.Q. Weinberger},
  month = {December},
  note = {\url{https://proceedings.neurips.cc/paper_files/paper/2011/file/e1d5be1c7f2f456670de3d53c7b54f4a-Paper.pdf}},
  openalex = {W2119738618},
  publisher = {Curran Associates, Inc.},
  series = {Conference Track Proceedings},
  title = {Improved Algorithms for Linear Stochastic Bandits},
  volume = {24},
  year = {2011}
}

@inproceedings{abbott2011testing,
  address = {Granada, Spain},
  author = {Abbott, Joshua T. and Heller, Katherine and Ghahramani, Zoubin and Griffiths, Thomas L.},
  booktitle = {Advances in Neural Information Processing Systems 24 (NIPS)},
  editor = {Shawe-Taylor, J. and Zemel, R. and Bartlett, P. and Pereira, F. and Weinberger, K. Q.},
  month = {December},
  note = {\url{https://proceedings.neurips.cc/paper_files/paper/2011/file/2c89109d42178de8a367c0228f169bf8-Paper.pdf}},
  openalex = {W2153317636},
  publisher = {Curran Associates, Inc.},
  series = {Conference Track Proceedings},
  title = {Testing a Bayesian Measure of Representativeness Using a Large Image Database},
  volume = {24},
  year = {2011}
}

@inproceedings{abernethy2011collaborative,
  address = {Granada, Spain},
  author = {Abernethy, Jacob and Frongillo, Rafael},
  booktitle = {Advances in Neural Information Processing Systems 24 (NIPS)},
  editor = {Shawe-Taylor, J. and Zemel, R. and Bartlett, P. and Pereira, F. and Weinberger, K.Q.},
  month = {December},
  note = {\url{https://proceedings.neurips.cc/paper_files/paper/2011/file/4edaa105d5f53590338791951e38c3ad-Paper.pdf}},
  openalex = {W2145612656},
  publisher = {Curran Associates, Inc.},
  series = {Conference Track Proceedings},
  title = {A Collaborative Mechanism for Crowdsourcing Prediction Problems},
  volume = {24},
  year = {2011}
}

@inproceedings{adametz2011bayesian,
  address = {Granada, Spain},
  author = {Adametz, David and Röth, Volker},
  booktitle = {Advances in Neural Information Processing Systems 24 (NIPS)},
  editor = {Shawe-Taylor, J. and Zemel, R. and Bartlett, P. and Pereira, F. and Weinberger, K. Q.},
  month = {December},
  note = {\url{https://proceedings.neurips.cc/paper_files/paper/2011/file/3621f1454cacf995530ea53652ddf8fb-Paper.pdf}},
  openalex = {W2110709386},
  publisher = {Curran Associates, Inc.},
  series = {Conference Track Proceedings},
  title = {Bayesian Partitioning of Large-Scale Distance Data},
  volume = {24},
  year = {2011}
}

@inproceedings{agarwal2011distributed,
  address = {Granada, Spain},
  author = {Agarwal, Alekh and Duchi, John C.},
  booktitle = {Advances in Neural Information Processing Systems 24 (NIPS)},
  editor = {J. Shawe-Taylor and R. Zemel and P. Bartlett and F. Pereira and K.Q. Weinberger},
  month = {December},
  note = {\url{https://proceedings.neurips.cc/paper_files/paper/2011/file/f0e52b27a7a5d6a1a87373dffa53dbe5-Paper.pdf}},
  openalex = {W2952033860},
  publisher = {Curran Associates, Inc.},
  series = {Conference Track Proceedings},
  title = {Distributed Delayed Stochastic Optimization},
  volume = {24},
  year = {2011}
}

@inproceedings{agarwal2011stochastic,
  address = {Granada, Spain},
  author = {Agarwal, Alekh and Foster, Dean P. and Hsu, Daniel and Kakade, Sham M. and Rakhlin, Alexander},
  booktitle = {Advances in Neural Information Processing Systems 24 (NIPS)},
  editor = {Shawe-Taylor, J. and Zemel, R. and Bartlett, P. and Pereira, F. and Weinberger, K.Q.},
  month = {December},
  note = {\url{https://proceedings.neurips.cc/paper_files/paper/2011/file/67e103b0761e60683e83c559be18d40c-Paper.pdf}},
  openalex = {W2567882221},
  publisher = {Curran Associates, Inc.},
  series = {Conference Track Proceedings},
  title = {Stochastic Convex Optimization with Bandit Feedback},
  volume = {24},
  year = {2011}
}

@inproceedings{ailon2011active,
  address = {Granada, Spain},
  author = {Ailon, Nir},
  booktitle = {Advances in Neural Information Processing Systems 24 (NIPS)},
  editor = {Shawe-Taylor, J. and Zemel, R. and Bartlett, P. and Pereira, F. and Weinberger, K.Q.},
  month = {December},
  note = {\url{https://proceedings.neurips.cc/paper_files/paper/2011/file/81448138f5f163ccdba4acc69819f280-Paper.pdf}},
  openalex = {W2161073979},
  publisher = {Curran Associates, Inc.},
  series = {Conference Track Proceedings},
  title = {Active Learning Ranking from Pairwise Preferences with Almost Optimal Query Complexity},
  volume = {24},
  year = {2011}
}

@inproceedings{alamgir2011phase,
  address = {Granada, Spain},
  author = {Alamgir, Morteza and Luxburg, Ulrike},
  booktitle = {Advances in Neural Information Processing Systems 24 (NIPS)},
  editor = {Shawe-Taylor, J. and Zemel, R. and Bartlett, P. and Pereira, F. and Weinberger, K.Q.},
  month = {December},
  note = {\url{https://proceedings.neurips.cc/paper_files/paper/2011/file/07cdfd23373b17c6b337251c22b7ea57-Paper.pdf}},
  publisher = {Curran Associates, Inc.},
  series = {Conference Track Proceedings},
  title = {Phase transition in the family of p-resistances},
  volume = {24},
  year = {2011}
}

@inproceedings{alexe2011exploiting,
  address = {Granada, Spain},
  author = {Alexe, Bogdan and Petrescu, Viviana and Ferrari, Vittorio},
  booktitle = {Advances in Neural Information Processing Systems 24 (NIPS)},
  editor = {Shawe-Taylor, J. and Zemel, R. and Bartlett, P. and Pereira, F. and Weinberger, K.Q.},
  month = {December},
  note = {\url{https://proceedings.neurips.cc/paper_files/paper/2011/file/729c68884bd359ade15d5f163166738a-Paper.pdf}},
  openalex = {W2104472613},
  publisher = {Curran Associates, Inc.},
  series = {Conference Track Proceedings},
  title = {Exploiting spatial overlap to efficiently compute appearance distances between image windows},
  volume = {24},
  year = {2011}
}

@inproceedings{allahverdyan2011comparative,
  address = {Granada, Spain},
  author = {Allahverdyan, A. E. and Galstyan, Aram},
  booktitle = {Advances in Neural Information Processing Systems 24 (NIPS)},
  editor = {J. Shawe-Taylor and R. Zemel and P. Bartlett and F. Pereira and K.Q. Weinberger},
  month = {December},
  note = {\url{https://proceedings.neurips.cc/paper_files/paper/2011/file/c8c41c4a18675a74e01c8a20e8a0f662-Paper.pdf}},
  openalex = {W2099856937},
  publisher = {Curran Associates, Inc.},
  series = {Conference Track Proceedings},
  title = {Comparative Analysis of Viterbi Training and Maximum Likelihood Estimation for HMMs},
  volume = {24},
  year = {2011}
}

@inproceedings{anandkumar2011high,
  address = {Granada, Spain},
  author = {Anandkumar, Animashree and Tan, Vincent and Willsky, Alan},
  booktitle = {Advances in Neural Information Processing Systems 24 (NIPS)},
  editor = {Shawe-Taylor, J. and Zemel, R. and Bartlett, P. and Pereira, F. and Weinberger, K.Q.},
  month = {December},
  note = {\url{https://proceedings.neurips.cc/paper_files/paper/2011/file/5055cbf43fac3f7e2336b27310f0b9ef-Paper.pdf}},
  publisher = {Curran Associates, Inc.},
  series = {Conference Track Proceedings},
  title = {High-Dimensional Graphical Model Selection: Tractable Graph Families and Necessary Conditions},
  volume = {24},
  year = {2011}
}

@inproceedings{anandkumar2011spectral,
  address = {Granada, Spain},
  author = {Anandkumar, Animashree and Chaudhuri, Kamalika and Hsu, Daniel and Kakade, Sham M. and Song, Le and Zhang, Tong},
  booktitle = {Advances in Neural Information Processing Systems 24 (NIPS)},
  editor = {Shawe-Taylor, J. and Zemel, R. and Bartlett, P. and Pereira, F. and Weinberger, K.Q.},
  month = {December},
  note = {\url{https://proceedings.neurips.cc/paper_files/paper/2011/file/208e43f0e45c4c78cafadb83d2888cb6-Paper.pdf}},
  openalex = {W2161260504},
  publisher = {Curran Associates, Inc.},
  series = {Conference Track Proceedings},
  title = {Spectral Methods for Learning Multivariate Latent Tree Structure},
  volume = {24},
  year = {2011}
}

@inproceedings{armagan2011generalized,
  address = {Granada, Spain},
  author = {Armagan, Artin and Dunson, David B. and Clyde, Merlise A.},
  booktitle = {Advances in Neural Information Processing Systems 24 (NIPS)},
  editor = {Shawe-Taylor, J. and Zemel, R. and Bartlett, P. and Pereira, F. and Weinberger, K.Q.},
  month = {December},
  note = {\url{https://proceedings.neurips.cc/paper_files/paper/2011/file/ad972f10e0800b49d76fed33a21f6698-Paper.pdf}},
  openalex = {W2952132522},
  publisher = {Curran Associates, Inc.},
  series = {Conference Track Proceedings},
  title = {Generalized Beta Mixtures of Gaussians},
  volume = {24},
  year = {2011}
}

@inproceedings{austerweil2011ideal,
  address = {Granada, Spain},
  author = {Austerweil, Joseph L. and Friesen, Abram L. and Griffiths, Thomas L.},
  booktitle = {Advances in Neural Information Processing Systems 24 (NIPS)},
  editor = {J. Shawe-Taylor and R. Zemel and P. Bartlett and F. Pereira and K.Q. Weinberger},
  month = {December},
  note = {\url{https://proceedings.neurips.cc/paper_files/paper/2011/file/ffd52f3c7e12435a724a8f30fddadd9c-Paper.pdf}},
  openalex = {W2097223681},
  publisher = {Curran Associates, Inc.},
  series = {Conference Track Proceedings},
  title = {An ideal observer model for identifying the reference frame of objects},
  volume = {24},
  year = {2011}
}

@inproceedings{azimi2011budgeted,
  address = {Granada, Spain},
  author = {Azimi, Javad and Fern, Alan and Fern, Xiaoli Z.},
  booktitle = {Advances in Neural Information Processing Systems 24 (NIPS)},
  editor = {Shawe-Taylor, J. and Zemel, R. and Bartlett, P. and Pereira, F. and Weinberger, K. Q.},
  month = {December},
  note = {\url{https://proceedings.neurips.cc/paper_files/paper/2011/file/3a066bda8c96b9478bb0512f0a43028c-Paper.pdf}},
  openalex = {W2165647971},
  publisher = {Curran Associates, Inc.},
  series = {Conference Track Proceedings},
  title = {Budgeted Optimization with Concurrent Stochastic-Duration Experiments},
  volume = {24},
  year = {2011}
}

@inproceedings{bach2011shaping,
  address = {Granada, Spain},
  author = {Bach, Francis},
  booktitle = {Advances in Neural Information Processing Systems 24 (NIPS)},
  editor = {Shawe-Taylor, J. and Zemel, R. and Bartlett, P. and Pereira, F. and Weinberger, K.Q.},
  month = {December},
  note = {\url{https://proceedings.neurips.cc/paper_files/paper/2011/file/c20ad4d76fe97759aa27a0c99bff6710-Paper.pdf}},
  openalex = {W2140542589},
  publisher = {Curran Associates, Inc.},
  series = {Conference Track Proceedings},
  title = {Shaping Level Sets with Submodular Functions},
  volume = {24},
  year = {2011}
}

@inproceedings{balakrishnan2011noise,
  address = {Granada, Spain},
  author = {Balakrishnan, Sivaraman and Xu, Min and Krishnamurthy, Akshay and Singh, Aarti},
  booktitle = {Advances in Neural Information Processing Systems 24 (NIPS)},
  editor = {J. Shawe-Taylor and R. Zemel and P. Bartlett and F. Pereira and K.Q. Weinberger},
  month = {December},
  note = {\url{https://proceedings.neurips.cc/paper_files/paper/2011/file/dbe272bab69f8e13f14b405e038deb64-Paper.pdf}},
  openalex = {W2103759851},
  publisher = {Curran Associates, Inc.},
  series = {Conference Track Proceedings},
  title = {Noise Thresholds for Spectral Clustering},
  volume = {24},
  year = {2011}
}

@inproceedings{barreto2011reinforcement,
  address = {Granada, Spain},
  author = {Barreto, Andre and Precup, Doina and Pineau, Joelle},
  booktitle = {Advances in Neural Information Processing Systems 24 (NIPS)},
  editor = {Shawe-Taylor, J. and Zemel, R. and Bartlett, P. and Pereira, F. and Weinberger, K.Q.},
  month = {December},
  note = {\url{https://proceedings.neurips.cc/paper_files/paper/2011/file/b534ba68236ba543ae44b22bd110a1d6-Paper.pdf}},
  publisher = {Curran Associates, Inc.},
  series = {Conference Track Proceedings},
  title = {Reinforcement Learning using Kernel-Based Stochastic Factorization},
  volume = {24},
  year = {2011}
}

@inproceedings{bergamo2011picodes,
  address = {Granada, Spain},
  author = {Bergamo, Alessandro and Torresani, Lorenzo and Fitzgibbon, Andrew},
  booktitle = {Advances in Neural Information Processing Systems 24 (NIPS)},
  editor = {Shawe-Taylor, J. and Zemel, R. and Bartlett, P. and Pereira, F. and Weinberger, K.Q.},
  month = {December},
  note = {\url{https://proceedings.neurips.cc/paper_files/paper/2011/file/1896a3bf730516dd643ba67b4c447d36-Paper.pdf}},
  openalex = {W2167057485},
  publisher = {Curran Associates, Inc.},
  series = {Conference Track Proceedings},
  title = {PiCoDes: Learning a Compact Code for Novel-Category Recognition},
  volume = {24},
  year = {2011}
}

@inproceedings{bergstra2011algorithms,
  address = {Granada, Spain},
  author = {Bergstra, James and Bardenet, R. and Bengio, Yoshua and Kégl, Balázs},
  booktitle = {Advances in Neural Information Processing Systems 24 (NIPS)},
  editor = {Shawe-Taylor, J. and Zemel, R. and Bartlett, P. and Pereira, F. and Weinberger, K.Q.},
  month = {December},
  note = {\url{https://proceedings.neurips.cc/paper_files/paper/2011/file/86e8f7ab32cfd12577bc2619bc635690-Paper.pdf}},
  openalex = {W2106411961},
  publisher = {Curran Associates, Inc.},
  series = {Conference Track Proceedings},
  title = {Algorithms for Hyper-Parameter Optimization},
  volume = {24},
  year = {2011}
}

@inproceedings{bhand2011unsupervised,
  address = {Granada, Spain},
  author = {Bhand, Maneesh and Mudur, Ritvik and Suresh, Bipin and Saxe, Andrew and Ng, Andrew Y.},
  booktitle = {Advances in Neural Information Processing Systems 24 (NIPS)},
  editor = {J. Shawe-Taylor and R. Zemel and P. Bartlett and F. Pereira and K.Q. Weinberger},
  month = {December},
  note = {\url{https://proceedings.neurips.cc/paper_files/paper/2011/file/e19347e1c3ca0c0b97de5fb3b690855a-Paper.pdf}},
  openalex = {W2109171929},
  publisher = {Curran Associates, Inc.},
  series = {Conference Track Proceedings},
  title = {Unsupervised learning models of primary cortical receptive fields and receptive field plasticity},
  volume = {24},
  year = {2011}
}

@inproceedings{blanchard2011generalizing,
  address = {Granada, Spain},
  author = {Blanchard, Gilles and Lee, Gyemin and Scott, Clayton},
  booktitle = {Advances in Neural Information Processing Systems 24 (NIPS)},
  editor = {Shawe-Taylor, J. and Zemel, R. and Bartlett, P. and Pereira, F. and Weinberger, K.Q.},
  month = {December},
  note = {\url{https://proceedings.neurips.cc/paper_files/paper/2011/file/b571ecea16a9824023ee1af16897a582-Paper.pdf}},
  openalex = {W2126151240},
  publisher = {Curran Associates, Inc.},
  series = {Conference Track Proceedings},
  title = {Generalizing from Several Related Classification Tasks to a New Unlabeled Sample},
  volume = {24},
  year = {2011}
}

@inproceedings{bo2011hierarchical,
  address = {Granada, Spain},
  author = {Bo, Liefeng and Ren, Xiaofeng and Fox, Dieter},
  booktitle = {Advances in Neural Information Processing Systems 24 (NIPS)},
  editor = {J. Shawe-Taylor and R. Zemel and P. Bartlett and F. Pereira and K.Q. Weinberger},
  month = {December},
  note = {\url{https://proceedings.neurips.cc/paper_files/paper/2011/file/f8151fdd6026f82036ab63052b97505b-Paper.pdf}},
  openalex = {W2155284717},
  publisher = {Curran Associates, Inc.},
  series = {Conference Track Proceedings},
  title = {Hierarchical Matching Pursuit for Image Classification: Architecture and Fast Algorithms},
  volume = {24},
  year = {2011}
}

@inproceedings{bogojeska2011history,
  address = {Granada, Spain},
  author = {Bogojeska, Jasmina},
  booktitle = {Advances in Neural Information Processing Systems 24 (NIPS)},
  editor = {Shawe-Taylor, J. and Zemel, R. and Bartlett, P. and Pereira, F. and Weinberger, K. Q.},
  month = {December},
  note = {\url{https://proceedings.neurips.cc/paper_files/paper/2011/file/3fe94a002317b5f9259f82690aeea4cd-Paper.pdf}},
  openalex = {W2149889242},
  publisher = {Curran Associates, Inc.},
  series = {Conference Track Proceedings},
  title = {History distribution matching method for predicting effectiveness of HIV combination therapies},
  volume = {24},
  year = {2011}
}

@inproceedings{boumal2011rtrmc,
  address = {Granada, Spain},
  author = {Boumal, Nicolas and Absil, Pierre-Antoine},
  booktitle = {Advances in Neural Information Processing Systems 24 (NIPS)},
  editor = {Shawe-Taylor, J. and Zemel, R. and Bartlett, P. and Pereira, F. and Weinberger, K. Q.},
  month = {December},
  note = {\url{https://proceedings.neurips.cc/paper_files/paper/2011/file/37bc2f75bf1bcfe8450a1a41c200364c-Paper.pdf}},
  openalex = {W2145179194},
  publisher = {Curran Associates, Inc.},
  series = {Conference Track Proceedings},
  title = {RTRMC: A Riemannian trust-region method for low-rank matrix completion},
  volume = {24},
  year = {2011}
}

@inproceedings{boutsidis2011sparse,
  address = {Granada, Spain},
  author = {Boutsidis, Christos and Drineas, Petros and Magdon‐Ismail, Malik},
  booktitle = {Advances in Neural Information Processing Systems 24 (NIPS)},
  editor = {Shawe-Taylor, J. and Zemel, R. and Bartlett, P. and Pereira, F. and Weinberger, K.Q.},
  month = {December},
  note = {\url{https://proceedings.neurips.cc/paper_files/paper/2011/file/b3ba8f1bee1238a2f37603d90b58898d-Paper.pdf}},
  openalex = {W2137416090},
  publisher = {Curran Associates, Inc.},
  series = {Conference Track Proceedings},
  title = {Sparse Features for PCA-Like Linear Regression},
  volume = {24},
  year = {2011}
}

@inproceedings{boyles2011statistical,
  address = {Granada, Spain},
  author = {Boyles, Levi and Korattikara, Anoop and Ramanan, Deva and Welling, Max},
  booktitle = {Advances in Neural Information Processing Systems 24 (NIPS)},
  editor = {Shawe-Taylor, J. and Zemel, R. and Bartlett, P. and Pereira, F. and Weinberger, K.Q.},
  month = {December},
  note = {\url{https://proceedings.neurips.cc/paper_files/paper/2011/file/b24d516bb65a5a58079f0f3526c87c57-Paper.pdf}},
  openalex = {W2113783689},
  publisher = {Curran Associates, Inc.},
  series = {Conference Track Proceedings},
  title = {Statistical Tests for Optimization Efficiency},
  volume = {24},
  year = {2011}
}

@inproceedings{brea2011sequence,
  address = {Granada, Spain},
  author = {Brea, Johanni and Senn, Walter and Pfister, Jean-Pascal},
  booktitle = {Advances in Neural Information Processing Systems 24 (NIPS)},
  editor = {Shawe-Taylor, J. and Zemel, R. and Bartlett, P. and Pereira, F. and Weinberger, K.Q.},
  month = {December},
  note = {\url{https://proceedings.neurips.cc/paper_files/paper/2011/file/795c7a7a5ec6b460ec00c5841019b9e9-Paper.pdf}},
  openalex = {W2137383364},
  publisher = {Curran Associates, Inc.},
  series = {Conference Track Proceedings},
  title = {Sequence learning with hidden units in spiking neural networks},
  volume = {24},
  year = {2011}
}

@inproceedings{brendel2011demixed,
  address = {Granada, Spain},
  author = {Kobak, Dmitry and Brendel, Wieland and Constantinidis, Christos and Feierstein, Claudia E. and Kepecs, Ádám and Mainen, Zachary F. and Qi, Xue-Lian and Romo, Ranulfo and Uchida, Naoshige and Machens, Christian K.},
  booktitle = {Advances in Neural Information Processing Systems 24 (NIPS)},
  editor = {J. Shawe-Taylor and R. Zemel and P. Bartlett and F. Pereira and K.Q. Weinberger},
  month = {December},
  note = {\url{https://proceedings.neurips.cc/paper_files/paper/2011/file/f4a331b7a22d1b237565d8813a34d8ac-Paper.pdf}},
  openalex = {W2337492206},
  publisher = {Curran Associates, Inc.},
  series = {Conference Track Proceedings},
  title = {Demixed principal component analysis of neural population data},
  volume = {24},
  year = {2011}
}

@inproceedings{broeck2011on,
  address = {Granada, Spain},
  author = {Broeck, Guy},
  booktitle = {Advances in Neural Information Processing Systems 24 (NIPS)},
  editor = {Shawe-Taylor, J. and Zemel, R. and Bartlett, P. and Pereira, F. and Weinberger, K.Q.},
  month = {December},
  note = {\url{https://proceedings.neurips.cc/paper_files/paper/2011/file/846c260d715e5b854ffad5f70a516c88-Paper.pdf}},
  publisher = {Curran Associates, Inc.},
  series = {Conference Track Proceedings},
  title = {On the Completeness of First-Order Knowledge Compilation for Lifted Probabilistic Inference},
  volume = {24},
  year = {2011}
}

@inproceedings{bui2011committing,
  address = {Granada, Spain},
  author = {Bui, Loc and Johari, Ramesh and Mannor, Shie},
  booktitle = {Advances in Neural Information Processing Systems 24 (NIPS)},
  editor = {J. Shawe-Taylor and R. Zemel and P. Bartlett and F. Pereira and K.Q. Weinberger},
  month = {December},
  note = {\url{https://proceedings.neurips.cc/paper_files/paper/2011/file/d56b9fc4b0f1be8871f5e1c40c0067e7-Paper.pdf}},
  publisher = {Curran Associates, Inc.},
  series = {Conference Track Proceedings},
  title = {Committing Bandits},
  volume = {24},
  year = {2011}
}

@inproceedings{cabral2011matrix,
  address = {Granada, Spain},
  author = {Cabral, Ricardo and Torre, Fernando and Costeira, Joao P and Bernardino, Alexandre},
  booktitle = {Advances in Neural Information Processing Systems 24 (NIPS)},
  editor = {Shawe-Taylor, J. and Zemel, R. and Bartlett, P. and Pereira, F. and Weinberger, K.Q.},
  month = {December},
  note = {\url{https://proceedings.neurips.cc/paper_files/paper/2011/file/65a99bb7a3115fdede20da98b08a370f-Paper.pdf}},
  publisher = {Curran Associates, Inc.},
  series = {Conference Track Proceedings},
  title = {Matrix Completion for Multi-label Image Classification},
  volume = {24},
  year = {2011}
}

@inproceedings{carpentier2011finite,
  address = {Granada, Spain},
  author = {Carpentier, Alexandra and Munos, Rémi},
  booktitle = {Advances in Neural Information Processing Systems 24 (NIPS)},
  editor = {Shawe-Taylor, J. and Zemel, R. and Bartlett, P. and Pereira, F. and Weinberger, K.Q.},
  month = {December},
  note = {\url{https://proceedings.neurips.cc/paper_files/paper/2011/file/872488f88d1b2db54d55bc8bba2fad1b-Paper.pdf}},
  openalex = {W2165419534},
  publisher = {Curran Associates, Inc.},
  series = {Conference Track Proceedings},
  title = {Finite Time Analysis of Stratified Sampling for Monte Carlo},
  volume = {24},
  year = {2011}
}

@inproceedings{carpentier2011sparse,
  address = {Granada, Spain},
  author = {Carpentier, Alexandra and Maillard, Odalric-Ambrym and Munos, Rémi},
  booktitle = {Advances in Neural Information Processing Systems 24 (NIPS)},
  editor = {Shawe-Taylor, J. and Zemel, R. and Bartlett, P. and Pereira, F. and Weinberger, K. Q.},
  month = {December},
  note = {\url{https://proceedings.neurips.cc/paper_files/paper/2011/file/2387337ba1e0b0249ba90f55b2ba2521-Paper.pdf}},
  publisher = {Curran Associates, Inc.},
  series = {Conference Track Proceedings},
  title = {Sparse Recovery with Brownian Sensing},
  volume = {24},
  year = {2011}
}

@inproceedings{cesabianchi2011efficient,
  address = {Granada, Spain},
  author = {Cesa‐Bianchi, Nicolò and Shamir, Ohad},
  booktitle = {Advances in Neural Information Processing Systems 24 (NIPS)},
  editor = {Shawe-Taylor, J. and Zemel, R. and Bartlett, P. and Pereira, F. and Weinberger, K. Q.},
  month = {December},
  note = {\url{https://proceedings.neurips.cc/paper_files/paper/2011/file/3cec07e9ba5f5bb252d13f5f431e4bbb-Paper.pdf}},
  openalex = {W2953342608},
  publisher = {Curran Associates, Inc.},
  series = {Conference Track Proceedings},
  title = {Efficient Online Learning via Randomized Rounding},
  volume = {24},
  year = {2011}
}

@inproceedings{chapelle2011empirical,
  address = {Granada, Spain},
  author = {Chapelle, Olivier and Li, Lihong},
  booktitle = {Advances in Neural Information Processing Systems 24 (NIPS)},
  editor = {J. Shawe-Taylor and R. Zemel and P. Bartlett and F. Pereira and K.Q. Weinberger},
  month = {December},
  note = {\url{https://proceedings.neurips.cc/paper_files/paper/2011/file/e53a0a2978c28872a4505bdb51db06dc-Paper.pdf}},
  openalex = {W2108738385},
  publisher = {Curran Associates, Inc.},
  series = {Conference Track Proceedings},
  title = {An Empirical Evaluation of Thompson Sampling},
  volume = {24},
  year = {2011}
}

@inproceedings{chen2011co,
  address = {Granada, Spain},
  author = {Chen, Minmin and Weinberger, Kilian Q. and Blitzer, John},
  booktitle = {Advances in Neural Information Processing Systems 24 (NIPS)},
  editor = {Shawe-Taylor, J. and Zemel, R. and Bartlett, P. and Pereira, F. and Weinberger, K.Q.},
  month = {December},
  note = {\url{https://proceedings.neurips.cc/paper_files/paper/2011/file/93fb9d4b16aa750c7475b6d601c35c2c-Paper.pdf}},
  openalex = {W2118045473},
  publisher = {Curran Associates, Inc.},
  series = {Conference Track Proceedings},
  title = {Co-Training for Domain Adaptation},
  volume = {24},
  year = {2011}
}

@inproceedings{chen2011extracting,
  address = {Granada, Spain},
  author = {Chen, Ke and Salman, Ahmad},
  booktitle = {Advances in Neural Information Processing Systems 24 (NIPS)},
  editor = {Shawe-Taylor, J. and Zemel, R. and Bartlett, P. and Pereira, F. and Weinberger, K.Q.},
  month = {December},
  note = {\url{https://proceedings.neurips.cc/paper_files/paper/2011/file/45fbc6d3e05ebd93369ce542e8f2322d-Paper.pdf}},
  openalex = {W2099797668},
  publisher = {Curran Associates, Inc.},
  series = {Conference Track Proceedings},
  title = {Extracting Speaker-Specific Information with a Regularized Siamese Deep Network},
  volume = {24},
  year = {2011}
}

@inproceedings{chen2011on,
  address = {Granada, Spain},
  author = {Chen, Bo and Carlson, David and Carin, Lawrence},
  booktitle = {Advances in Neural Information Processing Systems 24 (NIPS)},
  editor = {Shawe-Taylor, J. and Zemel, R. and Bartlett, P. and Pereira, F. and Weinberger, K.Q.},
  month = {December},
  note = {\url{https://proceedings.neurips.cc/paper_files/paper/2011/file/08b255a5d42b89b0585260b6f2360bdd-Paper.pdf}},
  openalex = {W2167505465},
  publisher = {Curran Associates, Inc.},
  series = {Conference Track Proceedings},
  title = {On the Analysis of Multi-Channel Neural Spike Data},
  volume = {24},
  year = {2011}
}

@inproceedings{chen2011predicting,
  address = {Granada, Spain},
  author = {Chen, Bo and Navalpakkam, Vidhya and Perona, Pietro},
  booktitle = {Advances in Neural Information Processing Systems 24 (NIPS)},
  editor = {Shawe-Taylor, J. and Zemel, R. and Bartlett, P. and Pereira, F. and Weinberger, K.Q.},
  month = {December},
  note = {\url{https://proceedings.neurips.cc/paper_files/paper/2011/file/78b9cab19959e4af8ff46156ee460c74-Paper.pdf}},
  openalex = {W2160017737},
  publisher = {Curran Associates, Inc.},
  series = {Conference Track Proceedings},
  title = {Predicting response time and error rates in visual search},
  volume = {24},
  year = {2011}
}

@inproceedings{chierichetti2011reconstructing,
  address = {Granada, Spain},
  author = {Chierichetti, Flavio and Liben‐Nowell, David and Kleinberg, Jon},
  booktitle = {Advances in Neural Information Processing Systems 24 (NIPS)},
  editor = {J. Shawe-Taylor and R. Zemel and P. Bartlett and F. Pereira and K.Q. Weinberger},
  month = {December},
  note = {\url{https://proceedings.neurips.cc/paper_files/paper/2011/file/f4be00279ee2e0a53eafdaa94a151e2c-Paper.pdf}},
  openalex = {W2157999928},
  publisher = {Curran Associates, Inc.},
  series = {Conference Track Proceedings},
  title = {Reconstructing Patterns of Information Diffusion from Incomplete Observations},
  volume = {24},
  year = {2011}
}

@inproceedings{choi2011confidence,
  address = {Granada, Spain},
  author = {Airoldi, Edoardo M. and Choi, David and Wolfe, Patrick J.},
  booktitle = {Advances in Neural Information Processing Systems 24 (NIPS)},
  editor = {Shawe-Taylor, J. and Zemel, R. and Bartlett, P. and Pereira, F. and Weinberger, K.Q.},
  month = {December},
  note = {\url{https://proceedings.neurips.cc/paper_files/paper/2011/file/a7d8ae4569120b5bec12e7b6e9648b86-Paper.pdf}},
  openalex = {W2933202385},
  publisher = {Curran Associates, Inc.},
  series = {Conference Track Proceedings},
  title = {Confidence sets for network structure},
  volume = {24},
  year = {2011}
}

@inproceedings{choi2011map,
  address = {Granada, Spain},
  author = {Choi, Jaedeug and Kim, Kee-eung},
  booktitle = {Advances in Neural Information Processing Systems 24 (NIPS)},
  editor = {Shawe-Taylor, J. and Zemel, R. and Bartlett, P. and Pereira, F. and Weinberger, K. Q.},
  month = {December},
  note = {\url{https://proceedings.neurips.cc/paper_files/paper/2011/file/3a15c7d0bbe60300a39f76f8a5ba6896-Paper.pdf}},
  openalex = {W2163037893},
  publisher = {Curran Associates, Inc.},
  series = {Conference Track Proceedings},
  title = {MAP Inference for Bayesian Inverse Reinforcement Learning},
  volume = {24},
  year = {2011}
}

@inproceedings{clemenccon2011on,
  address = {Granada, Spain},
  author = {Clémençcon, Stéphan J.},
  booktitle = {Advances in Neural Information Processing Systems 24 (NIPS)},
  editor = {Shawe-Taylor, J. and Zemel, R. and Bartlett, P. and Pereira, F. and Weinberger, K.Q.},
  month = {December},
  note = {\url{https://proceedings.neurips.cc/paper_files/paper/2011/file/a1d0c6e83f027327d8461063f4ac58a6-Paper.pdf}},
  openalex = {W2134926334},
  publisher = {Curran Associates, Inc.},
  series = {Conference Track Proceedings},
  title = {On U-processes and clustering performance},
  volume = {24},
  year = {2011}
}

@inproceedings{coates2011selecting,
  address = {Granada, Spain},
  author = {Coates, Adam and Ng, Andrew},
  booktitle = {Advances in Neural Information Processing Systems 24 (NIPS)},
  editor = {Shawe-Taylor, J. and Zemel, R. and Bartlett, P. and Pereira, F. and Weinberger, K.Q.},
  month = {December},
  note = {\url{https://proceedings.neurips.cc/paper_files/paper/2011/file/6c1da886822c67822bcf3679d04369fa-Paper.pdf}},
  publisher = {Curran Associates, Inc.},
  series = {Conference Track Proceedings},
  title = {Selecting Receptive Fields in Deep Networks},
  volume = {24},
  year = {2011}
}

@inproceedings{cotter2011better,
  address = {Granada, Spain},
  author = {Cotter, Andrew and Shamir, Ohad and Srebro, Nati and Sridharan, Karthik},
  booktitle = {Advances in Neural Information Processing Systems 24 (NIPS)},
  editor = {Shawe-Taylor, J. and Zemel, R. and Bartlett, P. and Pereira, F. and Weinberger, K.Q.},
  month = {December},
  note = {\url{https://proceedings.neurips.cc/paper_files/paper/2011/file/b55ec28c52d5f6205684a473a2193564-Paper.pdf}},
  openalex = {W2108948681},
  publisher = {Curran Associates, Inc.},
  series = {Conference Track Proceedings},
  title = {Better Mini-Batch Algorithms via Accelerated Gradient Methods},
  volume = {24},
  year = {2011}
}

@inproceedings{dai2011greedy,
  address = {Granada, Spain},
  author = {Dai, Dong and Zhang, Tong},
  booktitle = {Advances in Neural Information Processing Systems 24 (NIPS)},
  editor = {Shawe-Taylor, J. and Zemel, R. and Bartlett, P. and Pereira, F. and Weinberger, K.Q.},
  month = {December},
  note = {\url{https://proceedings.neurips.cc/paper_files/paper/2011/file/aba3b6fd5d186d28e06ff97135cade7f-Paper.pdf}},
  openalex = {W2116356927},
  publisher = {Curran Associates, Inc.},
  series = {Conference Track Proceedings},
  title = {Greedy Model Averaging},
  volume = {24},
  year = {2011}
}

@inproceedings{damianou2011variational,
  address = {Granada, Spain},
  author = {Damianou, Andreas and Titsias, Michalis K. and Lawrence, Neil D.},
  booktitle = {Advances in Neural Information Processing Systems 24 (NIPS)},
  editor = {Shawe-Taylor, J. and Zemel, R. and Bartlett, P. and Pereira, F. and Weinberger, K.Q.},
  month = {December},
  note = {\url{https://proceedings.neurips.cc/paper_files/paper/2011/file/af4732711661056eadbf798ba191272a-Paper.pdf}},
  openalex = {W2132191455},
  publisher = {Curran Associates, Inc.},
  series = {Conference Track Proceedings},
  title = {Variational Gaussian Process Dynamical Systems},
  volume = {24},
  year = {2011}
}

@inproceedings{delaitre2011learning,
  address = {Granada, Spain},
  author = {Delaitre, Vincent and Šivic, Josef and Laptev, Ivan},
  booktitle = {Advances in Neural Information Processing Systems 24 (NIPS)},
  editor = {Shawe-Taylor, J. and Zemel, R. and Bartlett, P. and Pereira, F. and Weinberger, K.Q.},
  month = {December},
  note = {\url{https://proceedings.neurips.cc/paper_files/paper/2011/file/a67f096809415ca1c9f112d96d27689b-Paper.pdf}},
  openalex = {W2158234032},
  publisher = {Curran Associates, Inc.},
  series = {Conference Track Proceedings},
  title = {Learning person-object interactions for action recognition in still images},
  volume = {24},
  year = {2011}
}

@inproceedings{delalleau2011shallow,
  address = {Granada, Spain},
  author = {Delalleau, Olivier and Bengio, Yoshua},
  booktitle = {Advances in Neural Information Processing Systems 24 (NIPS)},
  editor = {Shawe-Taylor, J. and Zemel, R. and Bartlett, P. and Pereira, F. and Weinberger, K.Q.},
  month = {December},
  note = {\url{https://proceedings.neurips.cc/paper_files/paper/2011/file/8e6b42f1644ecb1327dc03ab345e618b-Paper.pdf}},
  openalex = {W2141473882},
  publisher = {Curran Associates, Inc.},
  series = {Conference Track Proceedings},
  title = {Shallow vs. Deep Sum-Product Networks},
  volume = {24},
  year = {2011}
}

@inproceedings{dembczynski2011exact,
  address = {Granada, Spain},
  author = {Dembczyński, Krzysztof and Waegeman, Willem and Cheng, Weiwei and Hüllermeier, Eyke},
  booktitle = {Advances in Neural Information Processing Systems 24 (NIPS)},
  editor = {Shawe-Taylor, J. and Zemel, R. and Bartlett, P. and Pereira, F. and Weinberger, K.Q.},
  month = {December},
  note = {\url{https://proceedings.neurips.cc/paper_files/paper/2011/file/71ad16ad2c4d81f348082ff6c4b20768-Paper.pdf}},
  openalex = {W2127570136},
  publisher = {Curran Associates, Inc.},
  series = {Conference Track Proceedings},
  title = {An Exact Algorithm for F-Measure Maximization},
  volume = {24},
  year = {2011}
}

@inproceedings{deng2011fast,
  address = {Granada, Spain},
  author = {Deng, Jia and Satheesh, Sanjeev and Berg, Alexander C. and Li, Fei},
  booktitle = {Advances in Neural Information Processing Systems 24 (NIPS)},
  editor = {Shawe-Taylor, J. and Zemel, R. and Bartlett, P. and Pereira, F. and Weinberger, K.Q.},
  month = {December},
  note = {\url{https://proceedings.neurips.cc/paper_files/paper/2011/file/5a4b25aaed25c2ee1b74de72dc03c14e-Paper.pdf}},
  openalex = {W2157065343},
  publisher = {Curran Associates, Inc.},
  series = {Conference Track Proceedings},
  title = {Fast and Balanced: Efficient Label Tree Learning for Large Scale Object Recognition},
  volume = {24},
  year = {2011}
}

@inproceedings{desjardins2011on,
  address = {Granada, Spain},
  author = {Desjardins, Guillaume and Bengio, Yoshua and Courville, Aaron},
  booktitle = {Advances in Neural Information Processing Systems 24 (NIPS)},
  editor = {Shawe-Taylor, J. and Zemel, R. and Bartlett, P. and Pereira, F. and Weinberger, K.Q.},
  month = {December},
  note = {\url{https://proceedings.neurips.cc/paper_files/paper/2011/file/861dc9bd7f4e7dd3cccd534d0ae2a2e9-Paper.pdf}},
  openalex = {W2137510948},
  publisher = {Curran Associates, Inc.},
  series = {Conference Track Proceedings},
  title = {On Tracking The Partition Function},
  volume = {24},
  year = {2011}
}

@inproceedings{dethier2011brain,
  address = {Granada, Spain},
  author = {Dethier, Julie and Nuyujukian, Paul and Eliasmith, Chris and Stewart, Terrence and Elasaad, Shauki and Shenoy, Krishna V and Boahen, Kwabena A},
  booktitle = {Advances in Neural Information Processing Systems 24 (NIPS)},
  editor = {Shawe-Taylor, J. and Zemel, R. and Bartlett, P. and Pereira, F. and Weinberger, K. Q.},
  month = {December},
  note = {\url{https://proceedings.neurips.cc/paper_files/paper/2011/file/25df35de87aa441b88f22a6c2a830a17-Paper.pdf}},
  publisher = {Curran Associates, Inc.},
  series = {Conference Track Proceedings},
  title = {A Brain-Machine Interface Operating with a Real-Time Spiking Neural Network Control Algorithm},
  volume = {24},
  year = {2011}
}

@inproceedings{dhillon2011multi,
  address = {Granada, Spain},
  author = {Dhillon, Paramveer S. and Foster, Dean P. and Ungar, Lyle},
  booktitle = {Advances in Neural Information Processing Systems 24 (NIPS)},
  editor = {Shawe-Taylor, J. and Zemel, R. and Bartlett, P. and Pereira, F. and Weinberger, K.Q.},
  month = {December},
  note = {\url{https://proceedings.neurips.cc/paper_files/paper/2011/file/6c4b761a28b734fe93831e3fb400ce87-Paper.pdf}},
  openalex = {W2129625650},
  publisher = {Curran Associates, Inc.},
  series = {Conference Track Proceedings},
  title = {Multi-View Learning of Word Embeddings via CCA},
  volume = {24},
  year = {2011}
}

@inproceedings{dhillon2011nearest,
  address = {Granada, Spain},
  author = {Dhillon, Inderjit S. and Ravikumar, Pradeep and Tewari, Ambuj},
  booktitle = {Advances in Neural Information Processing Systems 24 (NIPS)},
  editor = {Shawe-Taylor, J. and Zemel, R. and Bartlett, P. and Pereira, F. and Weinberger, K.Q.},
  month = {December},
  note = {\url{https://proceedings.neurips.cc/paper_files/paper/2011/file/160c88652d47d0be60bfbfed25111412-Paper.pdf}},
  openalex = {W2096725512},
  publisher = {Curran Associates, Inc.},
  series = {Conference Track Proceedings},
  title = {Nearest Neighbor based Greedy Coordinate Descent},
  volume = {24},
  year = {2011}
}

@inproceedings{dikmen2011nonnegative,
  address = {Granada, Spain},
  author = {Dikmen, Onur and Févotte, Cédric},
  booktitle = {Advances in Neural Information Processing Systems 24 (NIPS)},
  editor = {Shawe-Taylor, J. and Zemel, R. and Bartlett, P. and Pereira, F. and Weinberger, K.Q.},
  month = {December},
  note = {\url{https://proceedings.neurips.cc/paper_files/paper/2011/file/81dc9bdb52d04dc20036dbd8313ed055-Paper.pdf}},
  openalex = {W2121791723},
  publisher = {Curran Associates, Inc.},
  series = {Conference Track Proceedings},
  title = {Nonnegative dictionary learning in the exponential noise model for adaptive music signal representation},
  volume = {24},
  year = {2011}
}

@inproceedings{ding2011learning,
  address = {Granada, Spain},
  author = {Ding, Shilin and Wahba, Grace and Zhu, Jerry},
  booktitle = {Advances in Neural Information Processing Systems 24 (NIPS)},
  editor = {Shawe-Taylor, J. and Zemel, R. and Bartlett, P. and Pereira, F. and Weinberger, K.Q.},
  month = {December},
  note = {\url{https://proceedings.neurips.cc/paper_files/paper/2011/file/0336dcbab05b9d5ad24f4333c7658a0e-Paper.pdf}},
  publisher = {Curran Associates, Inc.},
  series = {Conference Track Proceedings},
  title = {Learning Higher-Order Graph Structure with Features by Structure Penalty},
  volume = {24},
  year = {2011}
}

@inproceedings{ding2011t,
  address = {Granada, Spain},
  author = {Ding, Nan and Qi, Yuan and Vishwanathan, S. V. N.},
  booktitle = {Advances in Neural Information Processing Systems 24 (NIPS)},
  editor = {Shawe-Taylor, J. and Zemel, R. and Bartlett, P. and Pereira, F. and Weinberger, K.Q.},
  month = {December},
  note = {\url{https://proceedings.neurips.cc/paper_files/paper/2011/file/8c235f89a8143a28a1d6067e959dd858-Paper.pdf}},
  openalex = {W2131810416},
  publisher = {Curran Associates, Inc.},
  series = {Conference Track Proceedings},
  title = {t-divergence Based Approximate Inference},
  volume = {24},
  year = {2011}
}

@inproceedings{dubout2011boosting,
  address = {Granada, Spain},
  author = {Dubout, Charles and Fleuret, François},
  booktitle = {Advances in Neural Information Processing Systems 24 (NIPS)},
  editor = {Shawe-Taylor, J. and Zemel, R. and Bartlett, P. and Pereira, F. and Weinberger, K.Q.},
  month = {December},
  note = {\url{https://proceedings.neurips.cc/paper_files/paper/2011/file/8c6744c9d42ec2cb9e8885b54ff744d0-Paper.pdf}},
  openalex = {W2171012768},
  publisher = {Curran Associates, Inc.},
  series = {Conference Track Proceedings},
  title = {Boosting with Maximum Adaptive Sampling},
  volume = {24},
  year = {2011}
}

@inproceedings{duvenaud2011additive,
  address = {Granada, Spain},
  author = {Duvenaud, David and Nickisch, Hannes and Rasmussen, Carl Edward},
  booktitle = {Advances in Neural Information Processing Systems 24 (NIPS)},
  editor = {Shawe-Taylor, J. and Zemel, R. and Bartlett, P. and Pereira, F. and Weinberger, K.Q.},
  month = {December},
  note = {\url{https://proceedings.neurips.cc/paper_files/paper/2011/file/4c5bde74a8f110656874902f07378009-Paper.pdf}},
  openalex = {W2130283669},
  publisher = {Curran Associates, Inc.},
  series = {Conference Track Proceedings},
  title = {Additive Gaussian Processes},
  volume = {24},
  year = {2011}
}

@inproceedings{eberts2011optimal,
  address = {Granada, Spain},
  author = {Eberts, Mona and Steinwart, Ingo},
  booktitle = {Advances in Neural Information Processing Systems 24 (NIPS)},
  editor = {Shawe-Taylor, J. and Zemel, R. and Bartlett, P. and Pereira, F. and Weinberger, K.Q.},
  month = {December},
  note = {\url{https://proceedings.neurips.cc/paper_files/paper/2011/file/51ef186e18dc00c2d31982567235c559-Paper.pdf}},
  openalex = {W2097581423},
  publisher = {Curran Associates, Inc.},
  series = {Conference Track Proceedings},
  title = {Optimal learning rates for least squares SVMs using Gaussian kernels},
  volume = {24},
  year = {2011}
}

@inproceedings{ekanadham2011blind,
  address = {Granada, Spain},
  author = {Ekanadham, Chaitanya and Tranchina, Daniel and Simoncelli, Eero P.},
  booktitle = {Advances in Neural Information Processing Systems 24 (NIPS)},
  editor = {J. Shawe-Taylor and R. Zemel and P. Bartlett and F. Pereira and K.Q. Weinberger},
  month = {December},
  note = {\url{https://proceedings.neurips.cc/paper_files/paper/2011/file/e0ec453e28e061cc58ac43f91dc2f3f0-Paper.pdf}},
  openalex = {W2125857237},
  publisher = {Curran Associates, Inc.},
  series = {Conference Track Proceedings},
  title = {A blind sparse deconvolution method for neural spike identification},
  volume = {24},
  year = {2011}
}

@inproceedings{elhamifar2011sparse,
  address = {Granada, Spain},
  author = {Elhamifar, Ehsan and Vidal, René},
  booktitle = {Advances in Neural Information Processing Systems 24 (NIPS)},
  editor = {J. Shawe-Taylor and R. Zemel and P. Bartlett and F. Pereira and K.Q. Weinberger},
  month = {December},
  note = {\url{https://proceedings.neurips.cc/paper_files/paper/2011/file/fc490ca45c00b1249bbe3554a4fdf6fb-Paper.pdf}},
  openalex = {W2157872906},
  publisher = {Curran Associates, Inc.},
  series = {Conference Track Proceedings},
  title = {Sparse Manifold Clustering and Embedding},
  volume = {24},
  year = {2011}
}

@inproceedings{ermon2011accelerated,
  address = {Granada, Spain},
  author = {Ermon, Stefano and Gomes, Carla P. and Sabharwal, Ashish and Selman, Bart},
  booktitle = {Advances in Neural Information Processing Systems 24 (NIPS)},
  editor = {Shawe-Taylor, J. and Zemel, R. and Bartlett, P. and Pereira, F. and Weinberger, K.Q.},
  month = {December},
  note = {\url{https://proceedings.neurips.cc/paper_files/paper/2011/file/7fb8ceb3bd59c7956b1df66729296a4c-Paper.pdf}},
  openalex = {W2136961580},
  publisher = {Curran Associates, Inc.},
  series = {Conference Track Proceedings},
  title = {Accelerated Adaptive Markov Chain for Partition Function Computation},
  volume = {24},
  year = {2011}
}

@inproceedings{erven2011adaptive,
  address = {Granada, Spain},
  author = {Erven, Tim and Koolen, Wouter M and Rooij, Steven and Grünwald, Peter},
  booktitle = {Advances in Neural Information Processing Systems 24 (NIPS)},
  editor = {Shawe-Taylor, J. and Zemel, R. and Bartlett, P. and Pereira, F. and Weinberger, K.Q.},
  month = {December},
  note = {\url{https://proceedings.neurips.cc/paper_files/paper/2011/file/64223ccf70bbb65a3a4aceac37e21016-Paper.pdf}},
  publisher = {Curran Associates, Inc.},
  series = {Conference Track Proceedings},
  title = {Adaptive Hedge},
  volume = {24},
  year = {2011}
}

@inproceedings{farahmand2011action,
  address = {Granada, Spain},
  author = {Farahmand, Amir-massoud},
  booktitle = {Advances in Neural Information Processing Systems 24 (NIPS)},
  editor = {Shawe-Taylor, J. and Zemel, R. and Bartlett, P. and Pereira, F. and Weinberger, K.Q.},
  month = {December},
  note = {\url{https://proceedings.neurips.cc/paper_files/paper/2011/file/013d407166ec4fa56eb1e1f8cbe183b9-Paper.pdf}},
  openalex = {W2157864803},
  publisher = {Curran Associates, Inc.},
  series = {Conference Track Proceedings},
  title = {Action-Gap Phenomenon in Reinforcement Learning},
  volume = {24},
  year = {2011}
}

@inproceedings{feldman2011scalable,
  address = {Granada, Spain},
  author = {Feldman, Dan and Faulkner, Matthew and Krause, Andreas},
  booktitle = {Advances in Neural Information Processing Systems 24 (NIPS)},
  editor = {Shawe-Taylor, J. and Zemel, R. and Bartlett, P. and Pereira, F. and Weinberger, K. Q.},
  month = {December},
  note = {\url{https://proceedings.neurips.cc/paper_files/paper/2011/file/2b6d65b9a9445c4271ab9076ead5605a-Paper.pdf}},
  openalex = {W2146200992},
  publisher = {Curran Associates, Inc.},
  series = {Conference Track Proceedings},
  title = {Scalable Training of Mixture Models via Coresets},
  volume = {24},
  year = {2011}
}

@inproceedings{fletcher2011neural,
  address = {Granada, Spain},
  author = {Fletcher, Alyson K. and Rangan, Sundeep and Varshney, Lav R. and Bhargava, Aniruddha},
  booktitle = {Advances in Neural Information Processing Systems 24 (NIPS)},
  editor = {Shawe-Taylor, J. and Zemel, R. and Bartlett, P. and Pereira, F. and Weinberger, K. Q.},
  month = {December},
  note = {\url{https://proceedings.neurips.cc/paper_files/paper/2011/file/359f38463d487e9e29bd20e24f0c050a-Paper.pdf}},
  openalex = {W2112239465},
  publisher = {Curran Associates, Inc.},
  series = {Conference Track Proceedings},
  title = {Neural Reconstruction with Approximate Message Passing (NeuRAMP)},
  volume = {24},
  year = {2011}
}

@inproceedings{foygel2011learning,
  address = {Granada, Spain},
  author = {Foygel, Rina and Shamir, Ohad and Srebro, Nati and Salakhutdinov, Ruslan},
  booktitle = {Advances in Neural Information Processing Systems 24 (NIPS)},
  editor = {J. Shawe-Taylor and R. Zemel and P. Bartlett and F. Pereira and K.Q. Weinberger},
  month = {December},
  note = {\url{https://proceedings.neurips.cc/paper_files/paper/2011/file/f47330643ae134ca204bf6b2481fec47-Paper.pdf}},
  openalex = {W2115722836},
  publisher = {Curran Associates, Inc.},
  series = {Conference Track Proceedings},
  title = {Learning with the Weighted Trace-norm under Arbitrary Sampling Distributions},
  volume = {24},
  year = {2011}
}

@inproceedings{fukumizu2011kernel,
  address = {Granada, Spain},
  author = {Fukumizu, Kenji and Song, Le and Gretton, Arthur},
  booktitle = {Advances in Neural Information Processing Systems 24 (NIPS)},
  editor = {Shawe-Taylor, J. and Zemel, R. and Bartlett, P. and Pereira, F. and Weinberger, K.Q.},
  month = {December},
  note = {\url{https://proceedings.neurips.cc/paper_files/paper/2011/file/54a367d629152b720749e187b3eaa11b-Paper.pdf}},
  openalex = {W2146906344},
  publisher = {Curran Associates, Inc.},
  series = {Conference Track Proceedings},
  title = {Kernel Bayes' rule: Bayesian inference with positive definite kernels},
  volume = {24},
  year = {2011}
}

@inproceedings{fukumizu2011learning,
  address = {Granada, Spain},
  author = {Fukumizu, Kenji and Lanckriet, Gert and Sriperumbudur, Bharath K.},
  booktitle = {Advances in Neural Information Processing Systems 24 (NIPS)},
  editor = {Shawe-Taylor, J. and Zemel, R. and Bartlett, P. and Pereira, F. and Weinberger, K.Q.},
  month = {December},
  note = {\url{https://proceedings.neurips.cc/paper_files/paper/2011/file/7b13b2203029ed80337f27127a9f1d28-Paper.pdf}},
  openalex = {W2164074261},
  publisher = {Curran Associates, Inc.},
  series = {Conference Track Proceedings},
  title = {Learning in Hilbert vs. Banach Spaces: A Measure Embedding Viewpoint},
  volume = {24},
  year = {2011}
}

@inproceedings{gabillon2011multi,
  address = {Granada, Spain},
  author = {Gabillon, Victor and Ghavamzadeh, Mohammad and Lazaric, Alessandro and Bubeck, Sébastien},
  booktitle = {Advances in Neural Information Processing Systems 24 (NIPS)},
  editor = {J. Shawe-Taylor and R. Zemel and P. Bartlett and F. Pereira and K.Q. Weinberger},
  month = {December},
  note = {\url{https://proceedings.neurips.cc/paper_files/paper/2011/file/c4851e8e264415c4094e4e85b0baa7cc-Paper.pdf}},
  openalex = {W2124277268},
  publisher = {Curran Associates, Inc.},
  series = {Conference Track Proceedings},
  title = {Multi-Bandit Best Arm Identification},
  volume = {24},
  year = {2011}
}

@inproceedings{gao2011active,
  address = {Granada, Spain},
  author = {Gao, Tianshi and Koller, Daphne},
  booktitle = {Advances in Neural Information Processing Systems 24 (NIPS)},
  editor = {Shawe-Taylor, J. and Zemel, R. and Bartlett, P. and Pereira, F. and Weinberger, K. Q.},
  month = {December},
  note = {\url{https://proceedings.neurips.cc/paper_files/paper/2011/file/303ed4c69846ab36c2904d3ba8573050-Paper.pdf}},
  openalex = {W2150959276},
  publisher = {Curran Associates, Inc.},
  series = {Conference Track Proceedings},
  title = {Active Classification based on Value of Classifier},
  volume = {24},
  year = {2011}
}

@inproceedings{garber2011approximating,
  address = {Granada, Spain},
  author = {Garber, Dan and Hazan, Elad},
  booktitle = {Advances in Neural Information Processing Systems 24 (NIPS)},
  editor = {Shawe-Taylor, J. and Zemel, R. and Bartlett, P. and Pereira, F. and Weinberger, K. Q.},
  month = {December},
  note = {\url{https://proceedings.neurips.cc/paper_files/paper/2011/file/2f37d10131f2a483a8dd005b3d14b0d9-Paper.pdf}},
  openalex = {W2164506574},
  publisher = {Curran Associates, Inc.},
  series = {Conference Track Proceedings},
  title = {Approximating Semidefinite Programs in Sublinear Time},
  volume = {24},
  year = {2011}
}

@inproceedings{ge2011data,
  address = {Granada, Spain},
  author = {Ge, Xiaoyin and Safa, Issam and Belkin, Mikhail A. and Wang, Yusu},
  booktitle = {Advances in Neural Information Processing Systems 24 (NIPS)},
  editor = {Shawe-Taylor, J. and Zemel, R. and Bartlett, P. and Pereira, F. and Weinberger, K. Q.},
  month = {December},
  note = {\url{https://proceedings.neurips.cc/paper_files/paper/2011/file/3a0772443a0739141292a5429b952fe6-Paper.pdf}},
  openalex = {W2137865362},
  publisher = {Curran Associates, Inc.},
  series = {Conference Track Proceedings},
  title = {Data Skeletonization via Reeb Graphs},
  volume = {24},
  year = {2011}
}

@inproceedings{geiger2011joint,
  address = {Granada, Spain},
  author = {Geiger, Andreas and Wojek, Christian and Urtasun, Raquel},
  booktitle = {Advances in Neural Information Processing Systems 24 (NIPS)},
  editor = {J. Shawe-Taylor and R. Zemel and P. Bartlett and F. Pereira and K.Q. Weinberger},
  month = {December},
  note = {\url{https://proceedings.neurips.cc/paper_files/paper/2011/file/fc3cf452d3da8402bebb765225ce8c0e-Paper.pdf}},
  openalex = {W2107942601},
  publisher = {Curran Associates, Inc.},
  series = {Conference Track Proceedings},
  title = {Joint 3D Estimation of Objects and Scene Layout},
  volume = {24},
  year = {2011}
}

@inproceedings{ghavamzadeh2011speedy,
  address = {Granada, Spain},
  author = {Ghavamzadeh, Mohammad and Kappen, Hilbert and Azar, Mohammad and Munos, Rémi},
  booktitle = {Advances in Neural Information Processing Systems 24 (NIPS)},
  editor = {Shawe-Taylor, J. and Zemel, R. and Bartlett, P. and Pereira, F. and Weinberger, K.Q.},
  month = {December},
  note = {\url{https://proceedings.neurips.cc/paper_files/paper/2011/file/b3ba8f1bee1238a2f37603d90b58898d-Paper.pdf}},
  publisher = {Curran Associates, Inc.},
  series = {Conference Track Proceedings},
  title = {Speedy Q-Learning},
  volume = {24},
  year = {2011}
}

@inproceedings{ghosh2011spatial,
  address = {Granada, Spain},
  author = {Ghosh, Soumya and Ungureanu, Andrei B. and Sudderth, Erik B. and Blei, David M.},
  booktitle = {Advances in Neural Information Processing Systems 24 (NIPS)},
  editor = {Shawe-Taylor, J. and Zemel, R. and Bartlett, P. and Pereira, F. and Weinberger, K. Q.},
  month = {December},
  note = {\url{https://proceedings.neurips.cc/paper_files/paper/2011/file/3d8e28caf901313a554cebc7d32e67e5-Paper.pdf}},
  openalex = {W2122740842},
  publisher = {Curran Associates, Inc.},
  series = {Conference Track Proceedings},
  title = {Spatial distance dependent Chinese restaurant processes for image segmentation},
  volume = {24},
  year = {2011}
}

@inproceedings{gibson2011on,
  address = {Granada, Spain},
  author = {Gibson, Richard G. and Szafron, Duane},
  booktitle = {Advances in Neural Information Processing Systems 24 (NIPS)},
  editor = {Shawe-Taylor, J. and Zemel, R. and Bartlett, P. and Pereira, F. and Weinberger, K.Q.},
  month = {December},
  note = {\url{https://proceedings.neurips.cc/paper_files/paper/2011/file/812b4ba287f5ee0bc9d43bbf5bbe87fb-Paper.pdf}},
  openalex = {W2146226507},
  publisher = {Curran Associates, Inc.},
  series = {Conference Track Proceedings},
  title = {On Strategy Stitching in Large Extensive Form Multiplayer Games},
  volume = {24},
  year = {2011}
}

@inproceedings{girshick2011object,
  address = {Granada, Spain},
  author = {Girshick, Ross and Felzenszwalb, Pedro F. and McAllester, David},
  booktitle = {Advances in Neural Information Processing Systems 24 (NIPS)},
  editor = {Shawe-Taylor, J. and Zemel, R. and Bartlett, P. and Pereira, F. and Weinberger, K.Q.},
  month = {December},
  note = {\url{https://proceedings.neurips.cc/paper_files/paper/2011/file/6faa8040da20ef399b63a72d0e4ab575-Paper.pdf}},
  openalex = {W2153185908},
  publisher = {Curran Associates, Inc.},
  series = {Conference Track Proceedings},
  title = {Object Detection with Grammar Models},
  volume = {24},
  year = {2011}
}

@inproceedings{gkioulekas2011dimensionality,
  address = {Granada, Spain},
  author = {Gkioulekas, Ioannis and Zickler, Todd},
  booktitle = {Advances in Neural Information Processing Systems 24 (NIPS)},
  editor = {Shawe-Taylor, J. and Zemel, R. and Bartlett, P. and Pereira, F. and Weinberger, K. Q.},
  month = {December},
  note = {\url{https://proceedings.neurips.cc/paper_files/paper/2011/file/3644a684f98ea8fe223c713b77189a77-Paper.pdf}},
  openalex = {W2130080419},
  publisher = {Curran Associates, Inc.},
  series = {Conference Track Proceedings},
  title = {Dimensionality Reduction Using the Sparse Linear Model},
  volume = {24},
  year = {2011}
}

@inproceedings{goernitz2011hierarchical,
  address = {Granada, Spain},
  author = {Goernitz, Nico and Widmer, Christian and Zeller, Georg and Kahles, André and Rätsch, Gunnar and Sonnenburg, Sören},
  booktitle = {Advances in Neural Information Processing Systems 24 (NIPS)},
  editor = {Shawe-Taylor, J. and Zemel, R. and Bartlett, P. and Pereira, F. and Weinberger, K.Q.},
  month = {December},
  note = {\url{https://proceedings.neurips.cc/paper_files/paper/2011/file/ac796a52db3f16bbdb6557d3d89d1c5a-Paper.pdf}},
  openalex = {W2104265493},
  publisher = {Curran Associates, Inc.},
  series = {Conference Track Proceedings},
  title = {Hierarchical Multitask Structured Output Learning for Large-scale Sequence Segmentation},
  volume = {24},
  year = {2011}
}

@inproceedings{gomes2011crowdclustering,
  address = {Granada, Spain},
  author = {Gomes, Ryan G. and Welinder, Peter and Krause, Andreas and Perona, Pietro},
  booktitle = {Advances in Neural Information Processing Systems 24 (NIPS)},
  editor = {J. Shawe-Taylor and R. Zemel and P. Bartlett and F. Pereira and K.Q. Weinberger},
  month = {December},
  note = {\url{https://proceedings.neurips.cc/paper_files/paper/2011/file/c86a7ee3d8ef0b551ed58e354a836f2b-Paper.pdf}},
  openalex = {W2977942386},
  publisher = {Curran Associates, Inc.},
  series = {Conference Track Proceedings},
  title = {Crowdclustering},
  volume = {24},
  year = {2011}
}

@inproceedings{grauman2011learning,
  address = {Granada, Spain},
  author = {Grauman, Kristen and Sha, Fei and Hwang, Sung},
  booktitle = {Advances in Neural Information Processing Systems 24 (NIPS)},
  editor = {J. Shawe-Taylor and R. Zemel and P. Bartlett and F. Pereira and K.Q. Weinberger},
  month = {December},
  note = {\url{https://proceedings.neurips.cc/paper_files/paper/2011/file/eed5af6add95a9a6f1252739b1ad8c24-Paper.pdf}},
  publisher = {Curran Associates, Inc.},
  series = {Conference Track Proceedings},
  title = {Learning a Tree of Metrics with Disjoint Visual Features},
  volume = {24},
  year = {2011}
}

@inproceedings{grave2011trace,
  address = {Granada, Spain},
  author = {Grave, Édouard and Obozinski, Guillaume and Bach, Francis},
  booktitle = {Advances in Neural Information Processing Systems 24 (NIPS)},
  editor = {Shawe-Taylor, J. and Zemel, R. and Bartlett, P. and Pereira, F. and Weinberger, K. Q.},
  month = {December},
  note = {\url{https://proceedings.neurips.cc/paper_files/paper/2011/file/33ceb07bf4eeb3da587e268d663aba1a-Paper.pdf}},
  openalex = {W2950602671},
  publisher = {Curran Associates, Inc.},
  series = {Conference Track Proceedings},
  title = {Trace Lasso: a trace norm regularization for correlated designs},
  volume = {24},
  year = {2011}
}

@inproceedings{graves2011practical,
  address = {Granada, Spain},
  author = {Graves, Alex},
  booktitle = {Advances in Neural Information Processing Systems 24 (NIPS)},
  editor = {Shawe-Taylor, J. and Zemel, R. and Bartlett, P. and Pereira, F. and Weinberger, K.Q.},
  month = {December},
  note = {\url{https://proceedings.neurips.cc/paper_files/paper/2011/file/7eb3c8be3d411e8ebfab08eba5f49632-Paper.pdf}},
  openalex = {W2108677974},
  publisher = {Curran Associates, Inc.},
  series = {Conference Track Proceedings},
  title = {Practical Variational Inference for Neural Networks},
  volume = {24},
  year = {2011}
}

@inproceedings{griffiths2011rational,
  address = {Granada, Spain},
  author = {Griffiths, Thomas L. and James, Michael},
  booktitle = {Advances in Neural Information Processing Systems 24 (NIPS)},
  editor = {J. Shawe-Taylor and R. Zemel and P. Bartlett and F. Pereira and K.Q. Weinberger},
  month = {December},
  note = {\url{https://proceedings.neurips.cc/paper_files/paper/2011/file/f91e24dfe80012e2a7984afa4480a6d6-Paper.pdf}},
  openalex = {W2134002735},
  publisher = {Curran Associates, Inc.},
  series = {Conference Track Proceedings},
  title = {A rational model of causal inference with continuous causes},
  volume = {24},
  year = {2011}
}

@inproceedings{guillory2011online,
  address = {Granada, Spain},
  author = {Guillory, Andrew and Bilmes, Jeff},
  booktitle = {Advances in Neural Information Processing Systems 24 (NIPS)},
  editor = {Shawe-Taylor, J. and Zemel, R. and Bartlett, P. and Pereira, F. and Weinberger, K.Q.},
  month = {December},
  note = {\url{https://proceedings.neurips.cc/paper_files/paper/2011/file/8757150decbd89b0f5442ca3db4d0e0e-Paper.pdf}},
  openalex = {W2165442026},
  publisher = {Curran Associates, Inc.},
  series = {Conference Track Proceedings},
  title = {Online Submodular Set Cover, Ranking, and Repeated Active Learning},
  volume = {24},
  year = {2011}
}

@inproceedings{gunawardana2011model,
  address = {Granada, Spain},
  author = {Gunawardana, Asela and Meek, Christopher and Xu, Puyang},
  booktitle = {Advances in Neural Information Processing Systems 24 (NIPS)},
  editor = {J. Shawe-Taylor and R. Zemel and P. Bartlett and F. Pereira and K.Q. Weinberger},
  month = {December},
  note = {\url{https://proceedings.neurips.cc/paper_files/paper/2011/file/c9f95a0a5af052bffce5c89917335f67-Paper.pdf}},
  openalex = {W2115891031},
  publisher = {Curran Associates, Inc.},
  series = {Conference Track Proceedings},
  title = {A Model for Temporal Dependencies in Event Streams},
  volume = {24},
  year = {2011}
}

@inproceedings{guo2011sparse,
  address = {Granada, Spain},
  author = {Guo, Shengbo and Zoeter, Onno and Archambeau, Cédric},
  booktitle = {Advances in Neural Information Processing Systems 24 (NIPS)},
  editor = {Shawe-Taylor, J. and Zemel, R. and Bartlett, P. and Pereira, F. and Weinberger, K.Q.},
  month = {December},
  note = {\url{https://proceedings.neurips.cc/paper_files/paper/2011/file/4fac9ba115140ac4f1c22da82aa0bc7f-Paper.pdf}},
  openalex = {W2163386439},
  publisher = {Curran Associates, Inc.},
  series = {Conference Track Proceedings},
  title = {Sparse Bayesian Multi-Task Learning},
  volume = {24},
  year = {2011}
}

@inproceedings{hazan2011beating,
  address = {Granada, Spain},
  author = {Hazan, Elad and Koren, Tomer and Srebro, Nati},
  booktitle = {Advances in Neural Information Processing Systems 24 (NIPS)},
  editor = {Shawe-Taylor, J. and Zemel, R. and Bartlett, P. and Pereira, F. and Weinberger, K.Q.},
  month = {December},
  note = {\url{https://proceedings.neurips.cc/paper_files/paper/2011/file/5f2c22cb4a5380af7ca75622a6426917-Paper.pdf}},
  openalex = {W2171671424},
  publisher = {Curran Associates, Inc.},
  series = {Conference Track Proceedings},
  title = {Beating SGD: Learning SVMs in Sublinear Time},
  volume = {24},
  year = {2011}
}

@inproceedings{hazan2011newtron,
  address = {Granada, Spain},
  author = {Hazan, Elad and Kale, Satyen},
  booktitle = {Advances in Neural Information Processing Systems 24 (NIPS)},
  editor = {J. Shawe-Taylor and R. Zemel and P. Bartlett and F. Pereira and K.Q. Weinberger},
  month = {December},
  note = {\url{https://proceedings.neurips.cc/paper_files/paper/2011/file/fde9264cf376fffe2ee4ddf4a988880d-Paper.pdf}},
  openalex = {W2135053554},
  publisher = {Curran Associates, Inc.},
  series = {Conference Track Proceedings},
  title = {Newtron: an Efficient Bandit algorithm for Online Multiclass Prediction},
  volume = {24},
  year = {2011}
}

@inproceedings{hein2011beyond,
  address = {Granada, Spain},
  author = {Hein, Matthias and Setzer, Simon},
  booktitle = {Advances in Neural Information Processing Systems 24 (NIPS)},
  editor = {Shawe-Taylor, J. and Zemel, R. and Bartlett, P. and Pereira, F. and Weinberger, K.Q.},
  month = {December},
  note = {\url{https://proceedings.neurips.cc/paper_files/paper/2011/file/193002e668758ea9762904da1a22337c-Paper.pdf}},
  openalex = {W2114694099},
  publisher = {Curran Associates, Inc.},
  series = {Conference Track Proceedings},
  title = {Beyond Spectral Clustering - Tight Relaxations of Balanced Graph Cuts},
  volume = {24},
  year = {2011}
}

@inproceedings{hennig2011optimal,
  address = {Granada, Spain},
  author = {Hennig, Philipp},
  booktitle = {Advances in Neural Information Processing Systems 24 (NIPS)},
  editor = {J. Shawe-Taylor and R. Zemel and P. Bartlett and F. Pereira and K.Q. Weinberger},
  month = {December},
  note = {\url{https://proceedings.neurips.cc/paper_files/paper/2011/file/e4a6222cdb5b34375400904f03d8e6a5-Paper.pdf}},
  openalex = {W2132397872},
  publisher = {Curran Associates, Inc.},
  series = {Conference Track Proceedings},
  title = {Optimal Reinforcement Learning for Gaussian Systems},
  volume = {24},
  year = {2011}
}

@inproceedings{hernandezlobato2011robust,
  address = {Granada, Spain},
  author = {Hernández-Lobato, Daniel and Hernández-Lobato, José Miguel and Dupont, Pierre},
  booktitle = {Advances in Neural Information Processing Systems 24 (NIPS)},
  editor = {Shawe-Taylor, J. and Zemel, R. and Bartlett, P. and Pereira, F. and Weinberger, K.Q.},
  month = {December},
  note = {\url{https://proceedings.neurips.cc/paper_files/paper/2011/file/7eabe3a1649ffa2b3ff8c02ebfd5659f-Paper.pdf}},
  openalex = {W2113571038},
  publisher = {Curran Associates, Inc.},
  series = {Conference Track Proceedings},
  title = {Robust Multi-Class Gaussian Process Classification},
  volume = {24},
  year = {2011}
}

@inproceedings{hirayama2011structural,
  address = {Granada, Spain},
  author = {Hirayama, Jun-ichiro and Hyvärinen, Aapo},
  booktitle = {Advances in Neural Information Processing Systems 24 (NIPS)},
  editor = {Shawe-Taylor, J. and Zemel, R. and Bartlett, P. and Pereira, F. and Weinberger, K.Q.},
  month = {December},
  note = {\url{https://proceedings.neurips.cc/paper_files/paper/2011/file/a89cf525e1d9f04d16ce31165e139a4b-Paper.pdf}},
  openalex = {W2161982882},
  publisher = {Curran Associates, Inc.},
  series = {Conference Track Proceedings},
  title = {Structural equations and divisive normalization for energy-dependent component analysis},
  volume = {24},
  year = {2011}
}

@inproceedings{hsieh2011sparse,
  address = {Granada, Spain},
  author = {Hsieh, Cho-jui and Dhillon, Inderjit and Ravikumar, Pradeep and Sustik, Máté},
  booktitle = {Advances in Neural Information Processing Systems 24 (NIPS)},
  editor = {Shawe-Taylor, J. and Zemel, R. and Bartlett, P. and Pereira, F. and Weinberger, K. Q.},
  month = {December},
  note = {\url{https://proceedings.neurips.cc/paper_files/paper/2011/file/2ba8698b79439589fdd2b0f7218d8b07-Paper.pdf}},
  publisher = {Curran Associates, Inc.},
  series = {Conference Track Proceedings},
  title = {Sparse Inverse Covariance Matrix Estimation Using Quadratic Approximation},
  volume = {24},
  year = {2011}
}

@inproceedings{huang2011identifying,
  address = {Granada, Spain},
  author = {Huang, Shuai and Li, Jing and Ye, Jieping and Wu, Teresa and Chen, Kewei and Fleisher, Adam and Reiman, Eric M.},
  booktitle = {Advances in Neural Information Processing Systems 24 (NIPS)},
  editor = {J. Shawe-Taylor and R. Zemel and P. Bartlett and F. Pereira and K.Q. Weinberger},
  month = {December},
  note = {\url{https://proceedings.neurips.cc/paper_files/paper/2011/file/fa3a3c407f82377f55c19c5d403335c7-Paper.pdf}},
  openalex = {W2113799899},
  publisher = {Curran Associates, Inc.},
  series = {Conference Track Proceedings},
  title = {Identifying Alzheimer's Disease-Related Brain Regions from Multi-Modality Neuroimaging Data using Sparse Composite Linear Discrimination Analysis},
  volume = {24},
  year = {2011}
}

@inproceedings{huang2011learning,
  address = {Granada, Spain},
  author = {Huang, Tzu-Kuo and Schneider, Jeff},
  booktitle = {Advances in Neural Information Processing Systems 24 (NIPS)},
  editor = {Shawe-Taylor, J. and Zemel, R. and Bartlett, P. and Pereira, F. and Weinberger, K.Q.},
  month = {December},
  note = {\url{https://proceedings.neurips.cc/paper_files/paper/2011/file/6c3cf77d52820cd0fe646d38bc2145ca-Paper.pdf}},
  openalex = {W2107954294},
  publisher = {Curran Associates, Inc.},
  series = {Conference Track Proceedings},
  title = {Learning Auto-regressive Models from Sequence and Non-sequence Data},
  volume = {24},
  year = {2011}
}

@inproceedings{hwang2011convergent,
  address = {Granada, Spain},
  author = {Hwang, Yoon‐Ho and Ahn, Hee-Kap},
  booktitle = {Advances in Neural Information Processing Systems 24 (NIPS)},
  editor = {Shawe-Taylor, J. and Zemel, R. and Bartlett, P. and Pereira, F. and Weinberger, K.Q.},
  month = {December},
  note = {\url{https://proceedings.neurips.cc/paper_files/paper/2011/file/16a5cdae362b8d27a1d8f8c7b78b4330-Paper.pdf}},
  openalex = {W2116970348},
  publisher = {Curran Associates, Inc.},
  series = {Conference Track Proceedings},
  title = {Convergent Bounds on the Euclidean Distance},
  volume = {24},
  year = {2011}
}

@inproceedings{ion2011probabilistic,
  address = {Granada, Spain},
  author = {Ion, Adrian and Carreira, João and Sminchisescu, Cristian},
  booktitle = {Advances in Neural Information Processing Systems 24 (NIPS)},
  editor = {J. Shawe-Taylor and R. Zemel and P. Bartlett and F. Pereira and K.Q. Weinberger},
  month = {December},
  note = {\url{https://proceedings.neurips.cc/paper_files/paper/2011/file/eddb904a6db773755d2857aacadb1cb0-Paper.pdf}},
  openalex = {W2155494658},
  publisher = {Curran Associates, Inc.},
  series = {Conference Track Proceedings},
  title = {Probabilistic Joint Image Segmentation and Labeling},
  volume = {24},
  year = {2011}
}

@inproceedings{isola2011understanding,
  address = {Granada, Spain},
  author = {Isola, Phillip and Parikh, Devi and Torralba, Antonio and Oliva, Aude},
  booktitle = {Advances in Neural Information Processing Systems 24 (NIPS)},
  editor = {Shawe-Taylor, J. and Zemel, R. and Bartlett, P. and Pereira, F. and Weinberger, K. Q.},
  month = {December},
  note = {\url{https://proceedings.neurips.cc/paper_files/paper/2011/file/286674e3082feb7e5afb92777e48821f-Paper.pdf}},
  openalex = {W2158155099},
  publisher = {Curran Associates, Inc.},
  series = {Conference Track Proceedings},
  title = {Understanding the Intrinsic Memorability of Images},
  volume = {24},
  year = {2011}
}

@inproceedings{jain2011learning,
  address = {Granada, Spain},
  author = {Jain, Viren and Turaga, Srinivas C. and Briggman, Kevin L. and Helmstaedter, Moritz and Denk, Winfried and Seung, H. Sebastian},
  booktitle = {Advances in Neural Information Processing Systems 24 (NIPS)},
  editor = {Shawe-Taylor, J. and Zemel, R. and Bartlett, P. and Pereira, F. and Weinberger, K.Q.},
  month = {December},
  note = {\url{https://proceedings.neurips.cc/paper_files/paper/2011/file/941e1aaaba585b952b62c14a3a175a61-Paper.pdf}},
  openalex = {W2156574284},
  publisher = {Curran Associates, Inc.},
  series = {Conference Track Proceedings},
  title = {Learning to Agglomerate Superpixel Hierarchies},
  volume = {24},
  year = {2011}
}

@inproceedings{jain2011orthogonal,
  address = {Granada, Spain},
  author = {Jain, Prateek and Tewari, Ambuj and Dhillon, Inderjit S.},
  booktitle = {Advances in Neural Information Processing Systems 24 (NIPS)},
  editor = {Shawe-Taylor, J. and Zemel, R. and Bartlett, P. and Pereira, F. and Weinberger, K.Q.},
  month = {December},
  note = {\url{https://proceedings.neurips.cc/paper_files/paper/2011/file/500e75a036dc2d7d2fec5da1b71d36cc-Paper.pdf}},
  openalex = {W2118838680},
  publisher = {Curran Associates, Inc.},
  series = {Conference Track Proceedings},
  title = {Orthogonal Matching Pursuit with Replacement},
  volume = {24},
  year = {2011}
}

@inproceedings{jalali2011on,
  address = {Granada, Spain},
  author = {Jalali, Ali and Johnson, Christopher C. and Ravikumar, Pradeep},
  booktitle = {Advances in Neural Information Processing Systems 24 (NIPS)},
  editor = {Shawe-Taylor, J. and Zemel, R. and Bartlett, P. and Pereira, F. and Weinberger, K.Q.},
  month = {December},
  note = {\url{https://proceedings.neurips.cc/paper_files/paper/2011/file/a5e0ff62be0b08456fc7f1e88812af3d-Paper.pdf}},
  openalex = {W2107151623},
  publisher = {Curran Associates, Inc.},
  series = {Conference Track Proceedings},
  title = {On Learning Discrete Graphical Models using Greedy Methods},
  volume = {24},
  year = {2011}
}

@inproceedings{jamieson2011active,
  address = {Granada, Spain},
  author = {Jamieson, Kevin and Nowak, Robert D.},
  booktitle = {Advances in Neural Information Processing Systems 24 (NIPS)},
  editor = {Shawe-Taylor, J. and Zemel, R. and Bartlett, P. and Pereira, F. and Weinberger, K.Q.},
  month = {December},
  note = {\url{https://proceedings.neurips.cc/paper_files/paper/2011/file/6c14da109e294d1e8155be8aa4b1ce8e-Paper.pdf}},
  openalex = {W2963020293},
  publisher = {Curran Associates, Inc.},
  series = {Conference Track Proceedings},
  title = {Active Ranking using Pairwise Comparisons},
  volume = {24},
  year = {2011}
}

@inproceedings{jegelka2011on,
  address = {Granada, Spain},
  author = {Jegelka, Stefanie and Lin, Hui and Bilmes, Jeff},
  booktitle = {Advances in Neural Information Processing Systems 24 (NIPS)},
  editor = {J. Shawe-Taylor and R. Zemel and P. Bartlett and F. Pereira and K.Q. Weinberger},
  month = {December},
  note = {\url{https://proceedings.neurips.cc/paper_files/paper/2011/file/d81f9c1be2e08964bf9f24b15f0e4900-Paper.pdf}},
  openalex = {W2107877543},
  publisher = {Curran Associates, Inc.},
  series = {Conference Track Proceedings},
  title = {On fast approximate submodular minimization},
  volume = {24},
  year = {2011}
}

@inproceedings{jern2011evaluating,
  address = {Granada, Spain},
  author = {Jern, Alan and Lucas, Christopher G. and Kemp, Charles},
  booktitle = {Advances in Neural Information Processing Systems 24 (NIPS)},
  editor = {Shawe-Taylor, J. and Zemel, R. and Bartlett, P. and Pereira, F. and Weinberger, K.Q.},
  month = {December},
  note = {\url{https://proceedings.neurips.cc/paper_files/paper/2011/file/1e51e0f3b6b60070219ccb91bb619a6b-Paper.pdf}},
  openalex = {W2158995533},
  publisher = {Curran Associates, Inc.},
  series = {Conference Track Proceedings},
  title = {Evaluating the inverse decision-making approach to preference learning},
  volume = {24},
  year = {2011}
}

@inproceedings{jia2011heavy,
  address = {Granada, Spain},
  author = {Jia, Yangqing and Darrell, Trevor},
  booktitle = {Advances in Neural Information Processing Systems 24 (NIPS)},
  editor = {Shawe-Taylor, J. and Zemel, R. and Bartlett, P. and Pereira, F. and Weinberger, K.Q.},
  month = {December},
  note = {\url{https://proceedings.neurips.cc/paper_files/paper/2011/file/577bcc914f9e55d5e4e4f82f9f00e7d4-Paper.pdf}},
  openalex = {W2137402913},
  publisher = {Curran Associates, Inc.},
  series = {Conference Track Proceedings},
  title = {Heavy-tailed Distances for Gradient Based Image Descriptors},
  volume = {24},
  year = {2011}
}

@inproceedings{jiang2011message,
  address = {Granada, Spain},
  author = {Jiang, Jiarong and Rai, Piyush and Daumé, Hal},
  booktitle = {Advances in Neural Information Processing Systems 24 (NIPS)},
  editor = {Shawe-Taylor, J. and Zemel, R. and Bartlett, P. and Pereira, F. and Weinberger, K.Q.},
  month = {December},
  note = {\url{https://proceedings.neurips.cc/paper_files/paper/2011/file/53e3a7161e428b65688f14b84d61c610-Paper.pdf}},
  openalex = {W2146167949},
  publisher = {Curran Associates, Inc.},
  series = {Conference Track Proceedings},
  title = {Message-Passing for Approximate MAP Inference with Latent Variables},
  volume = {24},
  year = {2011}
}

@inproceedings{kakade2011efficient,
  address = {Granada, Spain},
  author = {Kakade, Sham M and Kanade, Varun and Shamir, Ohad and Kalai, Adam},
  booktitle = {Advances in Neural Information Processing Systems 24 (NIPS)},
  editor = {Shawe-Taylor, J. and Zemel, R. and Bartlett, P. and Pereira, F. and Weinberger, K. Q.},
  month = {December},
  note = {\url{https://proceedings.neurips.cc/paper_files/paper/2011/file/30bb3825e8f631cc6075c0f87bb4978c-Paper.pdf}},
  publisher = {Curran Associates, Inc.},
  series = {Conference Track Proceedings},
  title = {Efficient Learning of Generalized Linear and Single Index Models with Isotonic Regression},
  volume = {24},
  year = {2011}
}

@inproceedings{kapralov2011prediction,
  address = {Granada, Spain},
  author = {Kapralov, Michael and Panigrahy‎, Rina},
  booktitle = {Advances in Neural Information Processing Systems 24 (NIPS)},
  editor = {Shawe-Taylor, J. and Zemel, R. and Bartlett, P. and Pereira, F. and Weinberger, K.Q.},
  month = {December},
  note = {\url{https://proceedings.neurips.cc/paper_files/paper/2011/file/11b921ef080f7736089c757404650e40-Paper.pdf}},
  openalex = {W1611398386},
  publisher = {Curran Associates, Inc.},
  series = {Conference Track Proceedings},
  title = {Prediction strategies without loss},
  volume = {24},
  year = {2011}
}

@inproceedings{kar2011similarity,
  address = {Granada, Spain},
  author = {Kar, Purushottam and Jain, Prateek},
  booktitle = {Advances in Neural Information Processing Systems 24 (NIPS)},
  editor = {Shawe-Taylor, J. and Zemel, R. and Bartlett, P. and Pereira, F. and Weinberger, K.Q.},
  month = {December},
  note = {\url{https://proceedings.neurips.cc/paper_files/paper/2011/file/69a5b5995110b36a9a347898d97a610e-Paper.pdf}},
  openalex = {W2129735430},
  publisher = {Curran Associates, Inc.},
  series = {Conference Track Proceedings},
  title = {Similarity-based Learning via Data Driven Embeddings},
  volume = {24},
  year = {2011}
}

@inproceedings{karger2011iterative,
  address = {Granada, Spain},
  author = {Karger, David R. and Oh, Sewoong and Shah, Devavrat},
  booktitle = {Advances in Neural Information Processing Systems 24 (NIPS)},
  editor = {J. Shawe-Taylor and R. Zemel and P. Bartlett and F. Pereira and K.Q. Weinberger},
  month = {December},
  note = {\url{https://proceedings.neurips.cc/paper_files/paper/2011/file/c667d53acd899a97a85de0c201ba99be-Paper.pdf}},
  openalex = {W2140890285},
  publisher = {Curran Associates, Inc.},
  series = {Conference Track Proceedings},
  title = {Iterative Learning for Reliable Crowdsourcing Systems},
  volume = {24},
  year = {2011}
}

@inproceedings{karklin2011efficient,
  address = {Granada, Spain},
  author = {Karklin, Yan and Simoncelli, Eero P.},
  booktitle = {Advances in Neural Information Processing Systems 24 (NIPS)},
  editor = {Shawe-Taylor, J. and Zemel, R. and Bartlett, P. and Pereira, F. and Weinberger, K.Q.},
  month = {December},
  note = {\url{https://proceedings.neurips.cc/paper_files/paper/2011/file/12e59a33dea1bf0630f46edfe13d6ea2-Paper.pdf}},
  openalex = {W2157404321},
  publisher = {Curran Associates, Inc.},
  series = {Conference Track Proceedings},
  title = {Efficient coding of natural images with a population of noisy Linear-Nonlinear neurons.},
  volume = {24},
  year = {2011}
}

@inproceedings{karzan2011on,
  address = {Granada, Spain},
  author = {Karzan, Fatma and Nemirovski, Arkadi S and Polyak, Boris and Juditsky, Anatoli},
  booktitle = {Advances in Neural Information Processing Systems 24 (NIPS)},
  editor = {J. Shawe-Taylor and R. Zemel and P. Bartlett and F. Pereira and K.Q. Weinberger},
  month = {December},
  note = {\url{https://proceedings.neurips.cc/paper_files/paper/2011/file/e995f98d56967d946471af29d7bf99f1-Paper.pdf}},
  publisher = {Curran Associates, Inc.},
  series = {Conference Track Proceedings},
  title = {On the accuracy of l1-filtering of signals with block-sparse structure},
  volume = {24},
  year = {2011}
}

@inproceedings{kawahara2011prismatic,
  address = {Granada, Spain},
  author = {Kawahara, Yoshinobu and Washio, Takashi},
  booktitle = {Advances in Neural Information Processing Systems 24 (NIPS)},
  editor = {Shawe-Taylor, J. and Zemel, R. and Bartlett, P. and Pereira, F. and Weinberger, K.Q.},
  month = {December},
  note = {\url{https://proceedings.neurips.cc/paper_files/paper/2011/file/83f97f4825290be4cb794ec6a234595f-Paper.pdf}},
  openalex = {W2116310010},
  publisher = {Curran Associates, Inc.},
  series = {Conference Track Proceedings},
  title = {Prismatic Algorithm for Discrete D.C. Programming Problem},
  volume = {24},
  year = {2011}
}

@inproceedings{kayala2011machine,
  address = {Granada, Spain},
  author = {Kayala, Matthew A. and Baldi, Pierre},
  booktitle = {Advances in Neural Information Processing Systems 24 (NIPS)},
  editor = {Shawe-Taylor, J. and Zemel, R. and Bartlett, P. and Pereira, F. and Weinberger, K.Q.},
  month = {December},
  note = {\url{https://proceedings.neurips.cc/paper_files/paper/2011/file/b337e84de8752b27eda3a12363109e80-Paper.pdf}},
  openalex = {W2115904656},
  publisher = {Curran Associates, Inc.},
  series = {Conference Track Proceedings},
  title = {A Machine Learning Approach to Predict Chemical Reactions},
  volume = {24},
  year = {2011}
}

@inproceedings{keil2011emergence,
  address = {Granada, Spain},
  author = {Keil, Matthias},
  booktitle = {Advances in Neural Information Processing Systems 24 (NIPS)},
  editor = {Shawe-Taylor, J. and Zemel, R. and Bartlett, P. and Pereira, F. and Weinberger, K.Q.},
  month = {December},
  note = {\url{https://proceedings.neurips.cc/paper_files/paper/2011/file/01386bd6d8e091c2ab4c7c7de644d37b-Paper.pdf}},
  openalex = {W2097704565},
  publisher = {Curran Associates, Inc.},
  series = {Conference Track Proceedings},
  title = {Emergence of Multiplication in a Biophysical Model of a Wide-Field Visual Neuron for Computing Object Approaches: Dynamics, Peaks, & Fits},
  volume = {24},
  year = {2011}
}

@inproceedings{kemp2011inductive,
  address = {Granada, Spain},
  author = {Kemp, Charles},
  booktitle = {Advances in Neural Information Processing Systems 24 (NIPS)},
  editor = {Shawe-Taylor, J. and Zemel, R. and Bartlett, P. and Pereira, F. and Weinberger, K.Q.},
  month = {December},
  note = {\url{https://proceedings.neurips.cc/paper_files/paper/2011/file/705f2172834666788607efbfca35afb3-Paper.pdf}},
  openalex = {W2158590049},
  publisher = {Curran Associates, Inc.},
  series = {Conference Track Proceedings},
  title = {Inductive reasoning about chimeric creatures},
  volume = {24},
  year = {2011}
}

@inproceedings{keramati2011reinforcement,
  address = {Granada, Spain},
  author = {Keramati, Mehdi and Gutkin, Boris},
  booktitle = {Advances in Neural Information Processing Systems 24 (NIPS)},
  editor = {Shawe-Taylor, J. and Zemel, R. and Bartlett, P. and Pereira, F. and Weinberger, K.Q.},
  month = {December},
  note = {\url{https://proceedings.neurips.cc/paper_files/paper/2011/file/9778d5d219c5080b9a6a17bef029331c-Paper.pdf}},
  openalex = {W2117080373},
  publisher = {Curran Associates, Inc.},
  series = {Conference Track Proceedings},
  title = {A Reinforcement Learning Theory for Homeostatic Regulation},
  volume = {24},
  year = {2011}
}

@inproceedings{keshet2011generalization,
  address = {Granada, Spain},
  author = {Keshet, Joseph and McAllester, David},
  booktitle = {Advances in Neural Information Processing Systems 24 (NIPS)},
  editor = {Shawe-Taylor, J. and Zemel, R. and Bartlett, P. and Pereira, F. and Weinberger, K. Q.},
  month = {December},
  note = {\url{https://proceedings.neurips.cc/paper_files/paper/2011/file/3a029f04d76d32e79367c4b3255dda4d-Paper.pdf}},
  openalex = {W2115328410},
  publisher = {Curran Associates, Inc.},
  series = {Conference Track Proceedings},
  title = {Generalization Bounds and Consistency for Latent Structural Probit and Ramp Loss},
  volume = {24},
  year = {2011}
}

@inproceedings{khan2011automated,
  address = {Granada, Spain},
  author = {Khan, Omar and Poupart, Pascal and Agosta, John-Mark},
  booktitle = {Advances in Neural Information Processing Systems 24 (NIPS)},
  editor = {Shawe-Taylor, J. and Zemel, R. and Bartlett, P. and Pereira, F. and Weinberger, K. Q.},
  month = {December},
  note = {\url{https://proceedings.neurips.cc/paper_files/paper/2011/file/28fc2782ea7ef51c1104ccf7b9bea13d-Paper.pdf}},
  publisher = {Curran Associates, Inc.},
  series = {Conference Track Proceedings},
  title = {Automated Refinement of Bayes Networks' Parameters Based on Test Ordering Constraints},
  volume = {24},
  year = {2011}
}

@inproceedings{khan2011do,
  address = {Granada, Spain},
  author = {Khan, Faisal and Mutlu, Bilge and Zhu, Jerry},
  booktitle = {Advances in Neural Information Processing Systems 24 (NIPS)},
  editor = {J. Shawe-Taylor and R. Zemel and P. Bartlett and F. Pereira and K.Q. Weinberger},
  month = {December},
  note = {\url{https://proceedings.neurips.cc/paper_files/paper/2011/file/f9028faec74be6ec9b852b0a542e2f39-Paper.pdf}},
  publisher = {Curran Associates, Inc.},
  series = {Conference Track Proceedings},
  title = {How Do Humans Teach: On Curriculum Learning and Teaching Dimension},
  volume = {24},
  year = {2011}
}

@inproceedings{khan2011portmanteau,
  address = {Granada, Spain},
  author = {Khan, Fahad and Weijer, Joost and Bagdanov, Andrew and Vanrell, Maria},
  booktitle = {Advances in Neural Information Processing Systems 24 (NIPS)},
  editor = {Shawe-Taylor, J. and Zemel, R. and Bartlett, P. and Pereira, F. and Weinberger, K.Q.},
  month = {December},
  note = {\url{https://proceedings.neurips.cc/paper_files/paper/2011/file/86b122d4358357d834a87ce618a55de0-Paper.pdf}},
  publisher = {Curran Associates, Inc.},
  series = {Conference Track Proceedings},
  title = {Portmanteau Vocabularies for Multi-Cue Image Representation},
  volume = {24},
  year = {2011}
}

@inproceedings{kim2011doubly,
  address = {Granada, Spain},
  author = {Kim, Dae and Sudderth, Erik},
  booktitle = {Advances in Neural Information Processing Systems 24 (NIPS)},
  editor = {Shawe-Taylor, J. and Zemel, R. and Bartlett, P. and Pereira, F. and Weinberger, K.Q.},
  month = {December},
  note = {\url{https://proceedings.neurips.cc/paper_files/paper/2011/file/0eec27c419d0fe24e53c90338cdc8bc6-Paper.pdf}},
  publisher = {Curran Associates, Inc.},
  series = {Conference Track Proceedings},
  title = {The Doubly Correlated Nonparametric Topic Model},
  volume = {24},
  year = {2011}
}

@inproceedings{kim2011higher,
  address = {Granada, Spain},
  author = {Kim, Sungwoong and Nowozin, Sebastian and Kohli, Pushmeet and Yoo, Chang},
  booktitle = {Advances in Neural Information Processing Systems 24 (NIPS)},
  editor = {Shawe-Taylor, J. and Zemel, R. and Bartlett, P. and Pereira, F. and Weinberger, K.Q.},
  month = {December},
  note = {\url{https://proceedings.neurips.cc/paper_files/paper/2011/file/98d6f58ab0dafbb86b083a001561bb34-Paper.pdf}},
  publisher = {Curran Associates, Inc.},
  series = {Conference Track Proceedings},
  title = {Higher-Order Correlation Clustering for Image Segmentation},
  volume = {24},
  year = {2011}
}

@inproceedings{kloft2011local,
  address = {Granada, Spain},
  author = {Kloft, Marius and Blanchard, Gilles},
  booktitle = {Advances in Neural Information Processing Systems 24 (NIPS)},
  editor = {Shawe-Taylor, J. and Zemel, R. and Bartlett, P. and Pereira, F. and Weinberger, K.Q.},
  month = {December},
  note = {\url{https://proceedings.neurips.cc/paper_files/paper/2011/file/996009f2374006606f4c0b0fda878af1-Paper.pdf}},
  openalex = {W2158422390},
  publisher = {Curran Associates, Inc.},
  series = {Conference Track Proceedings},
  title = {The Local Rademacher Complexity of Lp-Norm Multiple Kernel Learning},
  volume = {24},
  year = {2011}
}

@inproceedings{knowles2011non,
  address = {Granada, Spain},
  author = {Knowles, David A. and Minka, Tom},
  booktitle = {Advances in Neural Information Processing Systems 24 (NIPS)},
  editor = {Shawe-Taylor, J. and Zemel, R. and Bartlett, P. and Pereira, F. and Weinberger, K.Q.},
  month = {December},
  note = {\url{https://proceedings.neurips.cc/paper_files/paper/2011/file/5c936263f3428a40227908d5a3847c0b-Paper.pdf}},
  openalex = {W2139385756},
  publisher = {Curran Associates, Inc.},
  series = {Conference Track Proceedings},
  title = {Non-conjugate Variational Message Passing for Multinomial and Binary Regression},
  volume = {24},
  year = {2011}
}

@inproceedings{kobayashi2011estimating,
  address = {Granada, Spain},
  author = {Kobayashi, Ryota and Tsubo, Yasuhiro and Lánský, Petr and Shinomoto, Shigeru},
  booktitle = {Advances in Neural Information Processing Systems 24 (NIPS)},
  editor = {J. Shawe-Taylor and R. Zemel and P. Bartlett and F. Pereira and K.Q. Weinberger},
  month = {December},
  note = {\url{https://proceedings.neurips.cc/paper_files/paper/2011/file/fc221309746013ac554571fbd180e1c8-Paper.pdf}},
  openalex = {W2099899737},
  publisher = {Curran Associates, Inc.},
  series = {Conference Track Proceedings},
  title = {Estimating time-varying input signals and ion channel states from a single voltage trace of a neuron},
  volume = {24},
  year = {2011}
}

@inproceedings{kokkinos2011rapid,
  address = {Granada, Spain},
  author = {Kokkinos, Iasonas},
  booktitle = {Advances in Neural Information Processing Systems 24 (NIPS)},
  editor = {Shawe-Taylor, J. and Zemel, R. and Bartlett, P. and Pereira, F. and Weinberger, K.Q.},
  month = {December},
  note = {\url{https://proceedings.neurips.cc/paper_files/paper/2011/file/07042ac7d03d3b9911a00da43ce0079a-Paper.pdf}},
  openalex = {W2129052208},
  publisher = {Curran Associates, Inc.},
  series = {Conference Track Proceedings},
  title = {Rapid Deformable Object Detection using Dual-Tree Branch-and-Bound},
  volume = {24},
  year = {2011}
}

@inproceedings{kolar2011minimax,
  address = {Granada, Spain},
  author = {Kolar, Mladen and Balakrishnan, Sivaraman and Rinaldo, Alessandro and Singh, Aarti},
  booktitle = {Advances in Neural Information Processing Systems 24 (NIPS)},
  editor = {J. Shawe-Taylor and R. Zemel and P. Bartlett and F. Pereira and K.Q. Weinberger},
  month = {December},
  note = {\url{https://proceedings.neurips.cc/paper_files/paper/2011/file/c6e19e830859f2cb9f7c8f8cacb8d2a6-Paper.pdf}},
  openalex = {W2145799156},
  publisher = {Curran Associates, Inc.},
  series = {Conference Track Proceedings},
  title = {Minimax Localization of Structural Information in Large Noisy Matrices},
  volume = {24},
  year = {2011}
}

@inproceedings{kolter2011fixed,
  address = {Granada, Spain},
  author = {Kolter, J. Zico},
  booktitle = {Advances in Neural Information Processing Systems 24 (NIPS)},
  editor = {J. Shawe-Taylor and R. Zemel and P. Bartlett and F. Pereira and K.Q. Weinberger},
  month = {December},
  note = {\url{https://proceedings.neurips.cc/paper_files/paper/2011/file/fe2d010308a6b3799a3d9c728ee74244-Paper.pdf}},
  openalex = {W2151613683},
  publisher = {Curran Associates, Inc.},
  series = {Conference Track Proceedings},
  title = {The Fixed Points of Off-Policy TD},
  volume = {24},
  year = {2011}
}

@inproceedings{konidaris2011td,
  address = {Granada, Spain},
  author = {Konidaris, George and Niekum, Scott and Thomas, Philip S.},
  booktitle = {Advances in Neural Information Processing Systems 24 (NIPS)},
  editor = {J. Shawe-Taylor and R. Zemel and P. Bartlett and F. Pereira and K.Q. Weinberger},
  month = {December},
  note = {\url{https://proceedings.neurips.cc/paper_files/paper/2011/file/fb60d411a5c5b72b2e7d3527cfc84fd0-Paper.pdf}},
  openalex = {W2110325093},
  publisher = {Curran Associates, Inc.},
  series = {Conference Track Proceedings},
  title = {TD_gamma: Re-evaluating Complex Backups in Temporal Difference Learning},
  volume = {24},
  year = {2011}
}

@inproceedings{koolen2011learning,
  address = {Granada, Spain},
  author = {Koolen, Wouter M. and Kotłowski, Wojciech and Warmuth, Manfred K.},
  booktitle = {Advances in Neural Information Processing Systems 24 (NIPS)},
  editor = {Shawe-Taylor, J. and Zemel, R. and Bartlett, P. and Pereira, F. and Weinberger, K. Q.},
  month = {December},
  note = {\url{https://proceedings.neurips.cc/paper_files/paper/2011/file/3493894fa4ea036cfc6433c3e2ee63b0-Paper.pdf}},
  openalex = {W2171759007},
  publisher = {Curran Associates, Inc.},
  series = {Conference Track Proceedings},
  title = {Learning Eigenvectors for Free},
  volume = {24},
  year = {2011}
}

@inproceedings{koppula2011semantic,
  address = {Granada, Spain},
  author = {Koppula, Hema Swetha and Anand, Abhishek and Joachims, Thorsten and Saxena, Ashutosh},
  booktitle = {Advances in Neural Information Processing Systems 24 (NIPS)},
  editor = {Shawe-Taylor, J. and Zemel, R. and Bartlett, P. and Pereira, F. and Weinberger, K.Q.},
  month = {December},
  note = {\url{https://proceedings.neurips.cc/paper_files/paper/2011/file/9872ed9fc22fc182d371c3e9ed316094-Paper.pdf}},
  openalex = {W2127911825},
  publisher = {Curran Associates, Inc.},
  series = {Conference Track Proceedings},
  title = {Semantic Labeling of 3D Point Clouds for Indoor Scenes},
  volume = {24},
  year = {2011}
}

@inproceedings{kpotufe2011k,
  address = {Granada, Spain},
  author = {Kpotufe, Samory},
  booktitle = {Advances in Neural Information Processing Systems 24 (NIPS)},
  editor = {Shawe-Taylor, J. and Zemel, R. and Bartlett, P. and Pereira, F. and Weinberger, K.Q.},
  month = {December},
  note = {\url{https://proceedings.neurips.cc/paper_files/paper/2011/file/05f971b5ec196b8c65b75d2ef8267331-Paper.pdf}},
  openalex = {W2097996627},
  publisher = {Curran Associates, Inc.},
  series = {Conference Track Proceedings},
  title = {k-NN Regression Adapts to Local Intrinsic Dimension},
  volume = {24},
  year = {2011}
}

@inproceedings{krahenbuhl2011efficient,
  address = {Granada, Spain},
  author = {Krähenbühl, Philipp and Koltun, Vladlen},
  booktitle = {Advances in Neural Information Processing Systems 24 (NIPS)},
  editor = {Shawe-Taylor, J. and Zemel, R. and Bartlett, P. and Pereira, F. and Weinberger, K.Q.},
  month = {December},
  note = {\url{https://proceedings.neurips.cc/paper_files/paper/2011/file/beda24c1e1b46055dff2c39c98fd6fc1-Paper.pdf}},
  openalex = {W2161236525},
  publisher = {Curran Associates, Inc.},
  series = {Conference Track Proceedings},
  title = {Efficient Inference in Fully Connected CRFs with Gaussian Edge Potentials},
  volume = {24},
  year = {2011}
}

@inproceedings{krause2011contextual,
  address = {Granada, Spain},
  author = {Krause, Andreas and Ong, Cheng},
  booktitle = {Advances in Neural Information Processing Systems 24 (NIPS)},
  editor = {J. Shawe-Taylor and R. Zemel and P. Bartlett and F. Pereira and K.Q. Weinberger},
  month = {December},
  note = {\url{https://proceedings.neurips.cc/paper_files/paper/2011/file/f3f1b7fc5a8779a9e618e1f23a7b7860-Paper.pdf}},
  publisher = {Curran Associates, Inc.},
  series = {Conference Track Proceedings},
  title = {Contextual Gaussian Process Bandit Optimization},
  volume = {24},
  year = {2011}
}

@inproceedings{kroemer2011non,
  address = {Granada, Spain},
  author = {Kroemer, Oliver and Peters, Jan},
  booktitle = {Advances in Neural Information Processing Systems 24 (NIPS)},
  editor = {Shawe-Taylor, J. and Zemel, R. and Bartlett, P. and Pereira, F. and Weinberger, K. Q.},
  month = {December},
  note = {\url{https://proceedings.neurips.cc/paper_files/paper/2011/file/4311359ed4969e8401880e3c1836fbe1-Paper.pdf}},
  openalex = {W2141007261},
  publisher = {Curran Associates, Inc.},
  series = {Conference Track Proceedings},
  title = {A Non-Parametric Approach to Dynamic Programming},
  volume = {24},
  year = {2011}
}

@inproceedings{kumar2011co,
  address = {Granada, Spain},
  author = {Kumar, Abhishek and Rai, Piyush and Daumé, Hal},
  booktitle = {Advances in Neural Information Processing Systems 24 (NIPS)},
  editor = {Shawe-Taylor, J. and Zemel, R. and Bartlett, P. and Pereira, F. and Weinberger, K. Q.},
  month = {December},
  note = {\url{https://proceedings.neurips.cc/paper_files/paper/2011/file/31839b036f63806cba3f47b93af8ccb5-Paper.pdf}},
  openalex = {W2154415691},
  publisher = {Curran Associates, Inc.},
  series = {Conference Track Proceedings},
  title = {Co-regularized Multi-view Spectral Clustering},
  volume = {24},
  year = {2011}
}

@inproceedings{kunapuli2011advice,
  address = {Granada, Spain},
  author = {Kunapuli, Gautam and Maclin, Richard and Shavlik, Jude},
  booktitle = {Advances in Neural Information Processing Systems 24 (NIPS)},
  editor = {J. Shawe-Taylor and R. Zemel and P. Bartlett and F. Pereira and K.Q. Weinberger},
  month = {December},
  note = {\url{https://proceedings.neurips.cc/paper_files/paper/2011/file/d79aac075930c83c2f1e369a511148fe-Paper.pdf}},
  openalex = {W2155296392},
  publisher = {Curran Associates, Inc.},
  series = {Conference Track Proceedings},
  title = {Advice Refinement in Knowledge-Based SVMs},
  volume = {24},
  year = {2011}
}

@inproceedings{kurtek2011signal,
  address = {Granada, Spain},
  author = {Kurtek, Sebastian and Srivastava, Anuj and Wu, Wei},
  booktitle = {Advances in Neural Information Processing Systems 24 (NIPS)},
  editor = {Shawe-Taylor, J. and Zemel, R. and Bartlett, P. and Pereira, F. and Weinberger, K.Q.},
  month = {December},
  note = {\url{https://proceedings.neurips.cc/paper_files/paper/2011/file/74071a673307ca7459bcf75fbd024e09-Paper.pdf}},
  openalex = {W2156976625},
  publisher = {Curran Associates, Inc.},
  series = {Conference Track Proceedings},
  title = {Signal Estimation Under Random Time-Warpings and Nonlinear Signal Alignment},
  volume = {24},
  year = {2011}
}

@inproceedings{lampert2011maximum,
  address = {Granada, Spain},
  author = {Lampert, Christoph H.},
  booktitle = {Advances in Neural Information Processing Systems 24 (NIPS)},
  editor = {Shawe-Taylor, J. and Zemel, R. and Bartlett, P. and Pereira, F. and Weinberger, K.Q.},
  month = {December},
  note = {\url{https://proceedings.neurips.cc/paper_files/paper/2011/file/69adc1e107f7f7d035d7baf04342e1ca-Paper.pdf}},
  openalex = {W2160668810},
  publisher = {Curran Associates, Inc.},
  series = {Conference Track Proceedings},
  title = {Maximum Margin Multi-Label Structured Prediction},
  volume = {24},
  year = {2011}
}

@inproceedings{larsson2011concave,
  address = {Granada, Spain},
  author = {Larsson, Martin O. and Ugander, Johan},
  booktitle = {Advances in Neural Information Processing Systems 24 (NIPS)},
  editor = {Shawe-Taylor, J. and Zemel, R. and Bartlett, P. and Pereira, F. and Weinberger, K. Q.},
  month = {December},
  note = {\url{https://proceedings.neurips.cc/paper_files/paper/2011/file/31857b449c407203749ae32dd0e7d64a-Paper.pdf}},
  openalex = {W2157493452},
  publisher = {Curran Associates, Inc.},
  series = {Conference Track Proceedings},
  title = {A concave regularization technique for sparse mixture models},
  volume = {24},
  year = {2011}
}

@inproceedings{lazaric2011transfer,
  address = {Granada, Spain},
  author = {Lazaric, Alessandro and Restelli, Marcello},
  booktitle = {Advances in Neural Information Processing Systems 24 (NIPS)},
  editor = {J. Shawe-Taylor and R. Zemel and P. Bartlett and F. Pereira and K.Q. Weinberger},
  month = {December},
  note = {\url{https://proceedings.neurips.cc/paper_files/paper/2011/file/fe7ee8fc1959cc7214fa21c4840dff0a-Paper.pdf}},
  openalex = {W2142502798},
  publisher = {Curran Associates, Inc.},
  series = {Conference Track Proceedings},
  title = {Transfer from Multiple MDPs},
  volume = {24},
  year = {2011}
}

@inproceedings{le2011ica,
  address = {Granada, Spain},
  author = {Le, Quoc and Karpenko, Alexandre and Ngiam, Jiquan and Ng, Andrew},
  booktitle = {Advances in Neural Information Processing Systems 24 (NIPS)},
  editor = {Shawe-Taylor, J. and Zemel, R. and Bartlett, P. and Pereira, F. and Weinberger, K. Q.},
  month = {December},
  note = {\url{https://proceedings.neurips.cc/paper_files/paper/2011/file/233509073ed3432027d48b1a83f5fbd2-Paper.pdf}},
  publisher = {Curran Associates, Inc.},
  series = {Conference Track Proceedings},
  title = {ICA with Reconstruction Cost for Efficient Overcomplete Feature Learning},
  volume = {24},
  year = {2011}
}

@inproceedings{le2011inferring,
  address = {Granada, Spain},
  author = {Le, Hai-Son and Bar‐Joseph, Ziv},
  booktitle = {Advances in Neural Information Processing Systems 24 (NIPS)},
  editor = {J. Shawe-Taylor and R. Zemel and P. Bartlett and F. Pereira and K.Q. Weinberger},
  month = {December},
  note = {\url{https://proceedings.neurips.cc/paper_files/paper/2011/file/cedebb6e872f539bef8c3f919874e9d7-Paper.pdf}},
  openalex = {W2148209003},
  publisher = {Curran Associates, Inc.},
  series = {Conference Track Proceedings},
  title = {Inferring Interaction Networks using the IBP applied to microRNA Target Prediction},
  volume = {24},
  year = {2011}
}

@inproceedings{lei2011differentially,
  address = {Granada, Spain},
  author = {Lei and Jing},
  booktitle = {Advances in Neural Information Processing Systems 24 (NIPS)},
  editor = {J. Shawe-Taylor and R. Zemel and P. Bartlett and F. Pereira and K.Q. Weinberger},
  month = {December},
  note = {\url{https://proceedings.neurips.cc/paper_files/paper/2011/file/f718499c1c8cef6730f9fd03c8125cab-Paper.pdf}},
  openalex = {W3143451908},
  publisher = {Curran Associates, Inc.},
  series = {Conference Track Proceedings},
  title = {Differentially Private M-Estimators},
  volume = {24},
  year = {2011}
}

@inproceedings{leibo2011brain,
  address = {Granada, Spain},
  author = {Leibo, Joel Z. and Mutch, Jim and Poggio, Tomaso},
  booktitle = {Advances in Neural Information Processing Systems 24 (NIPS)},
  editor = {Shawe-Taylor, J. and Zemel, R. and Bartlett, P. and Pereira, F. and Weinberger, K.Q.},
  month = {December},
  note = {\url{https://proceedings.neurips.cc/paper_files/paper/2011/file/1be3bc32e6564055d5ca3e5a354acbef-Paper.pdf}},
  openalex = {W2152206997},
  publisher = {Curran Associates, Inc.},
  series = {Conference Track Proceedings},
  title = {Why The Brain Separates Face Recognition From Object Recognition},
  volume = {24},
  year = {2011}
}

@inproceedings{lempitsky2011pylon,
  address = {Granada, Spain},
  author = {Lempitsky, Victor and Vedaldi, Andrea and Zisserman, Andrew},
  booktitle = {Advances in Neural Information Processing Systems 24 (NIPS)},
  editor = {J. Shawe-Taylor and R. Zemel and P. Bartlett and F. Pereira and K.Q. Weinberger},
  month = {December},
  note = {\url{https://proceedings.neurips.cc/paper_files/paper/2011/file/fe8c15fed5f808006ce95eddb7366e35-Paper.pdf}},
  openalex = {W2150609397},
  publisher = {Curran Associates, Inc.},
  series = {Conference Track Proceedings},
  title = {Pylon Model for Semantic Segmentation},
  volume = {24},
  year = {2011}
}

@inproceedings{levine2011nonlinear,
  address = {Granada, Spain},
  author = {Levine, Sergey and Popović, Zoran and Koltun, Vladlen},
  booktitle = {Advances in Neural Information Processing Systems 24 (NIPS)},
  editor = {J. Shawe-Taylor and R. Zemel and P. Bartlett and F. Pereira and K.Q. Weinberger},
  month = {December},
  note = {\url{https://proceedings.neurips.cc/paper_files/paper/2011/file/c51ce410c124a10e0db5e4b97fc2af39-Paper.pdf}},
  openalex = {W2117675763},
  publisher = {Curran Associates, Inc.},
  series = {Conference Track Proceedings},
  title = {Nonlinear Inverse Reinforcement Learning with Gaussian Processes},
  volume = {24},
  year = {2011}
}

@inproceedings{li2011,
  address = {Granada, Spain},
  author = {Li, Congcong and Saxena, Ashutosh and Chen, Tsuhan},
  booktitle = {Advances in Neural Information Processing Systems 24 (NIPS)},
  editor = {J. Shawe-Taylor and R. Zemel and P. Bartlett and F. Pereira and K.Q. Weinberger},
  month = {December},
  note = {\url{https://proceedings.neurips.cc/paper_files/paper/2011/file/d9fc5b73a8d78fad3d6dffe419384e70-Paper.pdf}},
  publisher = {Curran Associates, Inc.},
  series = {Conference Track Proceedings},
  title = {θ-MRF: Capturing Spatial and Semantic Structure in the Parameters for Scene Understanding},
  volume = {24},
  year = {2011}
}

@inproceedings{li2011hashing,
  address = {Granada, Spain},
  author = {Li, Ping and Shrivastava, Anshumali and Moore, Joshua L. and König, Arnd Christian},
  booktitle = {Advances in Neural Information Processing Systems 24 (NIPS)},
  editor = {Shawe-Taylor, J. and Zemel, R. and Bartlett, P. and Pereira, F. and Weinberger, K.Q.},
  month = {December},
  note = {\url{https://proceedings.neurips.cc/paper_files/paper/2011/file/0a1bf96b7165e962e90cb14648c9462d-Paper.pdf}},
  openalex = {W2102221597},
  publisher = {Curran Associates, Inc.},
  series = {Conference Track Proceedings},
  title = {Hashing Algorithms for Large-Scale Learning},
  volume = {24},
  year = {2011}
}

@inproceedings{li2011learning,
  address = {Granada, Spain},
  author = {Li, Zhen and Ning, Huazhong and Cao, Liangliang and Zhang, Tong and Gong, Yihong and Huang, Thomas S.},
  booktitle = {Advances in Neural Information Processing Systems 24 (NIPS)},
  editor = {J. Shawe-Taylor and R. Zemel and P. Bartlett and F. Pereira and K.Q. Weinberger},
  month = {December},
  note = {\url{https://proceedings.neurips.cc/paper_files/paper/2011/file/eeb69a3cb92300456b6a5f4162093851-Paper.pdf}},
  openalex = {W2101618614},
  publisher = {Curran Associates, Inc.},
  series = {Conference Track Proceedings},
  title = {Learning to Search Efficiently in High Dimensions},
  volume = {24},
  year = {2011}
}

@inproceedings{lim2011monte,
  address = {Granada, Spain},
  author = {Lim, Zhan and Sun, Lee and Hsu, David},
  booktitle = {Advances in Neural Information Processing Systems 24 (NIPS)},
  editor = {J. Shawe-Taylor and R. Zemel and P. Bartlett and F. Pereira and K.Q. Weinberger},
  month = {December},
  note = {\url{https://proceedings.neurips.cc/paper_files/paper/2011/file/eefc9e10ebdc4a2333b42b2dbb8f27b6-Paper.pdf}},
  publisher = {Curran Associates, Inc.},
  series = {Conference Track Proceedings},
  title = {Monte Carlo Value Iteration with Macro-Actions},
  volume = {24},
  year = {2011}
}

@inproceedings{lim2011transfer,
  address = {Granada, Spain},
  author = {Lim, Joseph J. and Salakhutdinov, Ruslan and Torralba, Antonio},
  booktitle = {Advances in Neural Information Processing Systems 24 (NIPS)},
  editor = {J. Shawe-Taylor and R. Zemel and P. Bartlett and F. Pereira and K.Q. Weinberger},
  month = {December},
  note = {\url{https://proceedings.neurips.cc/paper_files/paper/2011/file/e0eacd983971634327ae1819ea8b6214-Paper.pdf}},
  openalex = {W2145276819},
  publisher = {Curran Associates, Inc.},
  series = {Conference Track Proceedings},
  title = {Transfer Learning by Borrowing Examples for Multiclass Object Detection},
  volume = {24},
  year = {2011}
}

@inproceedings{lin2011linearized,
  address = {Granada, Spain},
  author = {Lin, Zhouchen and Liu, Risheng and Su, Zhixun},
  booktitle = {Advances in Neural Information Processing Systems 24 (NIPS)},
  editor = {Shawe-Taylor, J. and Zemel, R. and Bartlett, P. and Pereira, F. and Weinberger, K.Q.},
  month = {December},
  note = {\url{https://proceedings.neurips.cc/paper_files/paper/2011/file/18997733ec258a9fcaf239cc55d53363-Paper.pdf}},
  openalex = {W2100549954},
  publisher = {Curran Associates, Inc.},
  series = {Conference Track Proceedings},
  title = {Linearized Alternating Direction Method with Adaptive Penalty for Low-Rank Representation},
  volume = {24},
  year = {2011}
}

@inproceedings{lin2011semi,
  address = {Granada, Spain},
  author = {Lin, Binbin and Zhang, Chiyuan and He, Xiaofei},
  booktitle = {Advances in Neural Information Processing Systems 24 (NIPS)},
  editor = {Shawe-Taylor, J. and Zemel, R. and Bartlett, P. and Pereira, F. and Weinberger, K.Q.},
  month = {December},
  note = {\url{https://proceedings.neurips.cc/paper_files/paper/2011/file/bc6dc48b743dc5d013b1abaebd2faed2-Paper.pdf}},
  openalex = {W2149457909},
  publisher = {Curran Associates, Inc.},
  series = {Conference Track Proceedings},
  title = {Semi-supervised Regression via Parallel Field Regularization},
  volume = {24},
  year = {2011}
}

@inproceedings{liu2011projection,
  address = {Granada, Spain},
  author = {Liu, Jun and Sun, Liang and Ye, Jieping},
  booktitle = {Advances in Neural Information Processing Systems 24 (NIPS)},
  editor = {Shawe-Taylor, J. and Zemel, R. and Bartlett, P. and Pereira, F. and Weinberger, K.Q.},
  month = {December},
  note = {\url{https://proceedings.neurips.cc/paper_files/paper/2011/file/6c524f9d5d7027454a783c841250ba71-Paper.pdf}},
  openalex = {W2107204118},
  publisher = {Curran Associates, Inc.},
  series = {Conference Track Proceedings},
  title = {Projection onto A Nonnegative Max-Heap},
  volume = {24},
  year = {2011}
}

@inproceedings{liuk2011universal,
  address = {Granada, Spain},
  author = {Liu, Yikai},
  booktitle = {Advances in Neural Information Processing Systems 24 (NIPS)},
  editor = {J. Shawe-Taylor and R. Zemel and P. Bartlett and F. Pereira and K.Q. Weinberger},
  month = {December},
  note = {\url{https://proceedings.neurips.cc/paper_files/paper/2011/file/e820a45f1dfc7b95282d10b6087e11c0-Paper.pdf}},
  openalex = {W2963074150},
  publisher = {Curran Associates, Inc.},
  series = {Conference Track Proceedings},
  title = {Universal low-rank matrix recovery from Pauli measurements},
  volume = {24},
  year = {2011}
}

@inproceedings{lizotte2011convergent,
  address = {Granada, Spain},
  author = {Lizotte, Daniel J.},
  booktitle = {Advances in Neural Information Processing Systems 24 (NIPS)},
  editor = {Shawe-Taylor, J. and Zemel, R. and Bartlett, P. and Pereira, F. and Weinberger, K.Q.},
  month = {December},
  note = {\url{https://proceedings.neurips.cc/paper_files/paper/2011/file/79a49b3e3762632813f9e35f4ba53d6c-Paper.pdf}},
  openalex = {W2114351042},
  publisher = {Curran Associates, Inc.},
  series = {Conference Track Proceedings},
  title = {Convergent Fitted Value Iteration with Linear Function Approximation},
  volume = {24},
  year = {2011}
}

@inproceedings{loh2011high,
  address = {Granada, Spain},
  author = {Loh, Po‐Ling and Wainwright, Martin J.},
  booktitle = {Advances in Neural Information Processing Systems 24 (NIPS)},
  editor = {Shawe-Taylor, J. and Zemel, R. and Bartlett, P. and Pereira, F. and Weinberger, K.Q.},
  month = {December},
  note = {\url{https://proceedings.neurips.cc/paper_files/paper/2011/file/ab541d874c7bc19ab77642849e02b89f-Paper.pdf}},
  openalex = {W2963147719},
  publisher = {Curran Associates, Inc.},
  series = {Conference Track Proceedings},
  title = {High-dimensional regression with noisy and missing data: Provable guarantees with non-convexity},
  volume = {24},
  year = {2011}
}

@inproceedings{long2011algorithms,
  address = {Granada, Spain},
  author = {Long, Phil and Servedio, Rocco A.},
  booktitle = {Advances in Neural Information Processing Systems 24 (NIPS)},
  editor = {Shawe-Taylor, J. and Zemel, R. and Bartlett, P. and Pereira, F. and Weinberger, K.Q.},
  month = {December},
  note = {\url{https://proceedings.neurips.cc/paper_files/paper/2011/file/b7ee6f5f9aa5cd17ca1aea43ce848496-Paper.pdf}},
  openalex = {W2169065562},
  publisher = {Curran Associates, Inc.},
  series = {Conference Track Proceedings},
  title = {Algorithms and hardness results for parallel large margin learning},
  volume = {24},
  year = {2011}
}

@inproceedings{long2011learning,
  address = {Granada, Spain},
  author = {Long, Phil and Servedio, Rocco A.},
  booktitle = {Advances in Neural Information Processing Systems 24 (NIPS)},
  editor = {Shawe-Taylor, J. and Zemel, R. and Bartlett, P. and Pereira, F. and Weinberger, K.Q.},
  month = {December},
  note = {\url{https://proceedings.neurips.cc/paper_files/paper/2011/file/98dce83da57b0395e163467c9dae521b-Paper.pdf}},
  openalex = {W2098278064},
  publisher = {Curran Associates, Inc.},
  series = {Conference Track Proceedings},
  title = {Learning large-margin halfspaces with more malicious noise},
  volume = {24},
  year = {2011}
}

@inproceedings{lopes2011more,
  address = {Granada, Spain},
  author = {Lopes, Miles E. and Jacob, Laurent and Wainwright, Martin J.},
  booktitle = {Advances in Neural Information Processing Systems 24 (NIPS)},
  editor = {Shawe-Taylor, J. and Zemel, R. and Bartlett, P. and Pereira, F. and Weinberger, K.Q.},
  month = {December},
  note = {\url{https://proceedings.neurips.cc/paper_files/paper/2011/file/5487315b1286f907165907aa8fc96619-Paper.pdf}},
  openalex = {W2950371686},
  publisher = {Curran Associates, Inc.},
  series = {Conference Track Proceedings},
  title = {A More Powerful Two-Sample Test in High Dimensions using Random Projection},
  volume = {24},
  year = {2011}
}

@inproceedings{lou2011structured,
  address = {Granada, Spain},
  author = {Lou, Xinghua and Hamprecht, Fred A.},
  booktitle = {Advances in Neural Information Processing Systems 24 (NIPS)},
  editor = {Shawe-Taylor, J. and Zemel, R. and Bartlett, P. and Pereira, F. and Weinberger, K.Q.},
  month = {December},
  note = {\url{https://proceedings.neurips.cc/paper_files/paper/2011/file/959a557f5f6beb411fd954f3f34b21c3-Paper.pdf}},
  openalex = {W2109784859},
  publisher = {Curran Associates, Inc.},
  series = {Conference Track Proceedings},
  title = {Structured Learning for Cell Tracking},
  volume = {24},
  year = {2011}
}

@inproceedings{lyu2011unifying,
  address = {Granada, Spain},
  author = {Lyu, Siwei},
  booktitle = {Advances in Neural Information Processing Systems 24 (NIPS)},
  editor = {Shawe-Taylor, J. and Zemel, R. and Bartlett, P. and Pereira, F. and Weinberger, K.Q.},
  month = {December},
  note = {\url{https://proceedings.neurips.cc/paper_files/paper/2011/file/a3f390d88e4c41f2747bfa2f1b5f87db-Paper.pdf}},
  openalex = {W2156775093},
  publisher = {Curran Associates, Inc.},
  series = {Conference Track Proceedings},
  title = {Unifying Non-Maximum Likelihood Learning Objectives with Minimum KL Contraction},
  volume = {24},
  year = {2011}
}

@inproceedings{macke2011biased,
  address = {Granada, Spain},
  author = {Macke, Jakob H. and Murray, Iain and Latham, Peter E.},
  booktitle = {Advances in Neural Information Processing Systems 24 (NIPS)},
  editor = {J. Shawe-Taylor and R. Zemel and P. Bartlett and F. Pereira and K.Q. Weinberger},
  month = {December},
  note = {\url{https://proceedings.neurips.cc/paper_files/paper/2011/file/feab05aa91085b7a8012516bc3533958-Paper.pdf}},
  openalex = {W2146697888},
  publisher = {Curran Associates, Inc.},
  series = {Conference Track Proceedings},
  title = {How biased are maximum entropy models},
  volume = {24},
  year = {2011}
}

@inproceedings{macke2011empirical,
  address = {Granada, Spain},
  author = {Macke, Jakob H. and Buesing, Lars and Cunningham, John P. and Yu, Byron M. and Shenoy, Krishna V. and Sahani, Maneesh},
  booktitle = {Advances in Neural Information Processing Systems 24 (NIPS)},
  editor = {Shawe-Taylor, J. and Zemel, R. and Bartlett, P. and Pereira, F. and Weinberger, K.Q.},
  month = {December},
  note = {\url{https://proceedings.neurips.cc/paper_files/paper/2011/file/7143d7fbadfa4693b9eec507d9d37443-Paper.pdf}},
  openalex = {W2104606932},
  publisher = {Curran Associates, Inc.},
  series = {Conference Track Proceedings},
  title = {Empirical models of spiking in neural populations},
  volume = {24},
  year = {2011}
}

@inproceedings{mackey2011divide,
  address = {Granada, Spain},
  author = {Mackey, Lester and Talwalkar, Ameet and Jordan, Michael I.},
  booktitle = {Advances in Neural Information Processing Systems 24 (NIPS)},
  editor = {Shawe-Taylor, J. and Zemel, R. and Bartlett, P. and Pereira, F. and Weinberger, K.Q.},
  month = {December},
  note = {\url{https://proceedings.neurips.cc/paper_files/paper/2011/file/5c04925674920eb58467fb52ce4ef728-Paper.pdf}},
  openalex = {W2963363076},
  publisher = {Curran Associates, Inc.},
  series = {Conference Track Proceedings},
  title = {Divide-and-Conquer Matrix Factorization},
  volume = {24},
  year = {2011}
}

@inproceedings{mahadevan2011maximum,
  address = {Granada, Spain},
  author = {Mahadevan, Vijay and Wong, Chi and Pereira, Jose and Liu, Tom and Vasconcelos, Nuno and Saul, Lawrence},
  booktitle = {Advances in Neural Information Processing Systems 24 (NIPS)},
  editor = {J. Shawe-Taylor and R. Zemel and P. Bartlett and F. Pereira and K.Q. Weinberger},
  month = {December},
  note = {\url{https://proceedings.neurips.cc/paper_files/paper/2011/file/daca41214b39c5dc66674d09081940f0-Paper.pdf}},
  publisher = {Curran Associates, Inc.},
  series = {Conference Track Proceedings},
  title = {Maximum Covariance Unfolding: Manifold Learning for Bimodal Data},
  volume = {24},
  year = {2011}
}

@inproceedings{maillard2011selecting,
  address = {Granada, Spain},
  author = {Maillard, Odalric-Ambrym and Ryabko, Daniil and Munos, Rémi},
  booktitle = {Advances in Neural Information Processing Systems 24 (NIPS)},
  editor = {Shawe-Taylor, J. and Zemel, R. and Bartlett, P. and Pereira, F. and Weinberger, K.Q.},
  month = {December},
  note = {\url{https://proceedings.neurips.cc/paper_files/paper/2011/file/970af30e481057c48f87e101b61e6994-Paper.pdf}},
  openalex = {W2156738026},
  publisher = {Curran Associates, Inc.},
  series = {Conference Track Proceedings},
  title = {Selecting the State-Representation in Reinforcement Learning},
  volume = {24},
  year = {2011}
}

@inproceedings{mannor2011from,
  address = {Granada, Spain},
  author = {Mannor, Shie and Shamir, Ohad},
  booktitle = {Advances in Neural Information Processing Systems 24 (NIPS)},
  editor = {J. Shawe-Taylor and R. Zemel and P. Bartlett and F. Pereira and K.Q. Weinberger},
  month = {December},
  note = {\url{https://proceedings.neurips.cc/paper_files/paper/2011/file/e1e32e235eee1f970470a3a6658dfdd5-Paper.pdf}},
  openalex = {W2963389158},
  publisher = {Curran Associates, Inc.},
  series = {Conference Track Proceedings},
  title = {From Bandits to Experts: On the Value of Side-Observations},
  volume = {24},
  year = {2011}
}

@inproceedings{maua2011solving,
  address = {Granada, Spain},
  author = {Maua, Denis D and Campos, Cassio},
  booktitle = {Advances in Neural Information Processing Systems 24 (NIPS)},
  editor = {J. Shawe-Taylor and R. Zemel and P. Bartlett and F. Pereira and K.Q. Weinberger},
  month = {December},
  note = {\url{https://proceedings.neurips.cc/paper_files/paper/2011/file/f85454e8279be180185cac7d243c5eb3-Paper.pdf}},
  publisher = {Curran Associates, Inc.},
  series = {Conference Track Proceedings},
  title = {Solving Decision Problems with Limited Information},
  volume = {24},
  year = {2011}
}

@inproceedings{mchutchon2011gaussian,
  address = {Granada, Spain},
  author = {McHutchon, Andrew and Rasmussen, Carl Edward},
  booktitle = {Advances in Neural Information Processing Systems 24 (NIPS)},
  editor = {Shawe-Taylor, J. and Zemel, R. and Bartlett, P. and Pereira, F. and Weinberger, K.Q.},
  month = {December},
  note = {\url{https://proceedings.neurips.cc/paper_files/paper/2011/file/a8e864d04c95572d1aece099af852d0a-Paper.pdf}},
  openalex = {W2105813220},
  publisher = {Curran Associates, Inc.},
  series = {Conference Track Proceedings},
  title = {Gaussian Process Training with Input Noise},
  volume = {24},
  year = {2011}
}

@inproceedings{mehta2011autonomous,
  address = {Granada, Spain},
  author = {Mehta, Neville and Tadepalli, Prasad and Fern, Alan},
  booktitle = {Advances in Neural Information Processing Systems 24 (NIPS)},
  editor = {Shawe-Taylor, J. and Zemel, R. and Bartlett, P. and Pereira, F. and Weinberger, K.Q.},
  month = {December},
  note = {\url{https://proceedings.neurips.cc/paper_files/paper/2011/file/4671aeaf49c792689533b00664a5c3ef-Paper.pdf}},
  openalex = {W2143729952},
  publisher = {Curran Associates, Inc.},
  series = {Conference Track Proceedings},
  title = {Autonomous Learning of Action Models for Planning},
  volume = {24},
  year = {2011}
}

@inproceedings{mensi2011from,
  address = {Granada, Spain},
  author = {Mensi, Skander and Naud, Richard and Gerstner, Wulfram},
  booktitle = {Advances in Neural Information Processing Systems 24 (NIPS)},
  editor = {Shawe-Taylor, J. and Zemel, R. and Bartlett, P. and Pereira, F. and Weinberger, K.Q.},
  month = {December},
  note = {\url{https://proceedings.neurips.cc/paper_files/paper/2011/file/82489c9737cc245530c7a6ebef3753ec-Paper.pdf}},
  openalex = {W2149257095},
  publisher = {Curran Associates, Inc.},
  series = {Conference Track Proceedings},
  title = {From Stochastic Nonlinear Integrate-and-Fire to Generalized Linear Models},
  volume = {24},
  year = {2011}
}

@inproceedings{messias2011efficient,
  address = {Granada, Spain},
  author = {Messias, João and Spaan, Matthijs and Lima, Pedro},
  booktitle = {Advances in Neural Information Processing Systems 24 (NIPS)},
  editor = {J. Shawe-Taylor and R. Zemel and P. Bartlett and F. Pereira and K.Q. Weinberger},
  month = {December},
  note = {\url{https://proceedings.neurips.cc/paper_files/paper/2011/file/e5e63da79fcd2bebbd7cb8bf1c1d0274-Paper.pdf}},
  publisher = {Curran Associates, Inc.},
  series = {Conference Track Proceedings},
  title = {Efficient Offline Communication Policies for Factored Multiagent POMDPs},
  volume = {24},
  year = {2011}
}

@inproceedings{missura2011predicting,
  address = {Granada, Spain},
  author = {Missura, Olana and Gärtner, Thomas},
  booktitle = {Advances in Neural Information Processing Systems 24 (NIPS)},
  editor = {Shawe-Taylor, J. and Zemel, R. and Bartlett, P. and Pereira, F. and Weinberger, K.Q.},
  month = {December},
  note = {\url{https://proceedings.neurips.cc/paper_files/paper/2011/file/7c9d0b1f96aebd7b5eca8c3edaa19ebb-Paper.pdf}},
  openalex = {W2097548613},
  publisher = {Curran Associates, Inc.},
  series = {Conference Track Proceedings},
  title = {Predicting Dynamic Difficulty},
  volume = {24},
  year = {2011}
}

@inproceedings{montufar2011expressive,
  address = {Granada, Spain},
  author = {Montúfar, Guido and Rauh, Johannes and Ay, Nihat},
  booktitle = {Advances in Neural Information Processing Systems 24 (NIPS)},
  editor = {Shawe-Taylor, J. and Zemel, R. and Bartlett, P. and Pereira, F. and Weinberger, K.Q.},
  month = {December},
  note = {\url{https://proceedings.neurips.cc/paper_files/paper/2011/file/8e98d81f8217304975ccb23337bb5761-Paper.pdf}},
  openalex = {W2098922442},
  publisher = {Curran Associates, Inc.},
  series = {Conference Track Proceedings},
  title = {Expressive Power and Approximation Errors of Restricted Boltzmann Machines},
  volume = {24},
  year = {2011}
}

@inproceedings{mooij2011on,
  address = {Granada, Spain},
  author = {Mooij, Joris M. and Janzing, Dominik and Heskes, Tom and Schölkopf, Bernhard},
  booktitle = {Advances in Neural Information Processing Systems 24 (NIPS)},
  editor = {J. Shawe-Taylor and R. Zemel and P. Bartlett and F. Pereira and K.Q. Weinberger},
  month = {December},
  note = {\url{https://proceedings.neurips.cc/paper_files/paper/2011/file/d61e4bbd6393c9111e6526ea173a7c8b-Paper.pdf}},
  openalex = {W2118972902},
  publisher = {Curran Associates, Inc.},
  series = {Conference Track Proceedings},
  title = {On Causal Discovery with Cyclic Additive Noise Models},
  volume = {24},
  year = {2011}
}

@inproceedings{morioka2011generalized,
  address = {Granada, Spain},
  author = {Morioka, Nobuyuki and Satoh, Shin’ichi},
  booktitle = {Advances in Neural Information Processing Systems 24 (NIPS)},
  editor = {Shawe-Taylor, J. and Zemel, R. and Bartlett, P. and Pereira, F. and Weinberger, K.Q.},
  month = {December},
  note = {\url{https://proceedings.neurips.cc/paper_files/paper/2011/file/0f28b5d49b3020afeecd95b4009adf4c-Paper.pdf}},
  openalex = {W2112530190},
  publisher = {Curran Associates, Inc.},
  series = {Conference Track Proceedings},
  title = {Generalized Lasso based Approximation of Sparse Coding for Visual Recognition},
  volume = {24},
  year = {2011}
}

@inproceedings{moulines2011non,
  address = {Granada, Spain},
  author = {Bach, Francis and Moulines, Éric},
  booktitle = {Advances in Neural Information Processing Systems 24 (NIPS)},
  editor = {Shawe-Taylor, J. and Zemel, R. and Bartlett, P. and Pereira, F. and Weinberger, K. Q.},
  month = {December},
  note = {\url{https://proceedings.neurips.cc/paper_files/paper/2011/file/40008b9a5380fcacce3976bf7c08af5b-Paper.pdf}},
  openalex = {W2156779765},
  publisher = {Curran Associates, Inc.},
  series = {Conference Track Proceedings},
  title = {Non-Asymptotic Analysis of Stochastic Approximation Algorithms for Machine Learning},
  volume = {24},
  year = {2011}
}

@inproceedings{mozer2011unsupervised,
  address = {Granada, Spain},
  author = {Mozer, Michael C. and Link, Benjamin and Pashler, Harold},
  booktitle = {Advances in Neural Information Processing Systems 24 (NIPS)},
  editor = {J. Shawe-Taylor and R. Zemel and P. Bartlett and F. Pereira and K.Q. Weinberger},
  month = {December},
  note = {\url{https://proceedings.neurips.cc/paper_files/paper/2011/file/f33ba15effa5c10e873bf3842afb46a6-Paper.pdf}},
  openalex = {W2144151497},
  publisher = {Curran Associates, Inc.},
  series = {Conference Track Proceedings},
  title = {An Unsupervised Decontamination Procedure For Improving The Reliability Of Human Judgments},
  volume = {24},
  year = {2011}
}

@inproceedings{munos2011optimistic,
  address = {Granada, Spain},
  author = {Munos, Rémi},
  booktitle = {Advances in Neural Information Processing Systems 24 (NIPS)},
  editor = {Shawe-Taylor, J. and Zemel, R. and Bartlett, P. and Pereira, F. and Weinberger, K.Q.},
  month = {December},
  note = {\url{https://proceedings.neurips.cc/paper_files/paper/2011/file/7e889fb76e0e07c11733550f2a6c7a5a-Paper.pdf}},
  openalex = {W2096678000},
  publisher = {Curran Associates, Inc.},
  series = {Conference Track Proceedings},
  title = {Optimistic Optimization of a Deterministic Function without the Knowledge of its Smoothness},
  volume = {24},
  year = {2011}
}

@inproceedings{nakajima2011global,
  address = {Granada, Spain},
  author = {Nakajima, Shinichi and Sugiyama, Masashi and Babacan, S. Derin},
  booktitle = {Advances in Neural Information Processing Systems 24 (NIPS)},
  editor = {Shawe-Taylor, J. and Zemel, R. and Bartlett, P. and Pereira, F. and Weinberger, K.Q.},
  month = {December},
  note = {\url{https://proceedings.neurips.cc/paper_files/paper/2011/file/b73ce398c39f506af761d2277d853a92-Paper.pdf}},
  openalex = {W2148970008},
  publisher = {Curran Associates, Inc.},
  series = {Conference Track Proceedings},
  title = {Global Solution of Fully-Observed Variational Bayesian Matrix Factorization is Column-Wise Independent},
  volume = {24},
  year = {2011}
}

@inproceedings{nasrabadi2011robust,
  address = {Granada, Spain},
  author = {Nasrabadi, Nasser and Tran, Trac and Nguyen, Nam},
  booktitle = {Advances in Neural Information Processing Systems 24 (NIPS)},
  editor = {Shawe-Taylor, J. and Zemel, R. and Bartlett, P. and Pereira, F. and Weinberger, K.Q.},
  month = {December},
  note = {\url{https://proceedings.neurips.cc/paper_files/paper/2011/file/a2137a2ae8e39b5002a3f8909ecb88fe-Paper.pdf}},
  publisher = {Curran Associates, Inc.},
  series = {Conference Track Proceedings},
  title = {Robust Lasso with missing and grossly corrupted observations},
  volume = {24},
  year = {2011}
}

@inproceedings{newman2011improving,
  address = {Granada, Spain},
  author = {Newman, David and Bonilla, Edwin V. and Buntine, Wray},
  booktitle = {Advances in Neural Information Processing Systems 24 (NIPS)},
  editor = {Shawe-Taylor, J. and Zemel, R. and Bartlett, P. and Pereira, F. and Weinberger, K.Q.},
  month = {December},
  note = {\url{https://proceedings.neurips.cc/paper_files/paper/2011/file/5ef698cd9fe650923ea331c15af3b160-Paper.pdf}},
  openalex = {W2171319841},
  publisher = {Curran Associates, Inc.},
  series = {Conference Track Proceedings},
  title = {Improving Topic Coherence with Regularized Topic Models},
  volume = {24},
  year = {2011}
}

@inproceedings{ngiam2011sparse,
  address = {Granada, Spain},
  author = {Ngiam, Jiquan and Chen, Zhenghao and Bhaskar, Sonia and Koh, Pang and Ng, Andrew},
  booktitle = {Advances in Neural Information Processing Systems 24 (NIPS)},
  editor = {Shawe-Taylor, J. and Zemel, R. and Bartlett, P. and Pereira, F. and Weinberger, K.Q.},
  month = {December},
  note = {\url{https://proceedings.neurips.cc/paper_files/paper/2011/file/192fc044e74dffea144f9ac5dc9f3395-Paper.pdf}},
  publisher = {Curran Associates, Inc.},
  series = {Conference Track Proceedings},
  title = {Sparse Filtering},
  volume = {24},
  year = {2011}
}

@inproceedings{niekum2011clustering,
  address = {Granada, Spain},
  author = {Niekum, Scott and Barto, Andrew G.},
  booktitle = {Advances in Neural Information Processing Systems 24 (NIPS)},
  editor = {J. Shawe-Taylor and R. Zemel and P. Bartlett and F. Pereira and K.Q. Weinberger},
  month = {December},
  note = {\url{https://proceedings.neurips.cc/paper_files/paper/2011/file/e17184bcb70dcf3942c54e0b537ffc6d-Paper.pdf}},
  openalex = {W2217025414},
  publisher = {Curran Associates, Inc.},
  series = {Conference Track Proceedings},
  title = {Clustering via Dirichlet process mixture models for portable skill discovery},
  volume = {24},
  year = {2011}
}

@inproceedings{olmos2011application,
  address = {Granada, Spain},
  author = {Olmos, Pablo and Salamanca, Luis and Fuentes, Juan and Pérez-Cruz, Fernando},
  booktitle = {Advances in Neural Information Processing Systems 24 (NIPS)},
  editor = {Shawe-Taylor, J. and Zemel, R. and Bartlett, P. and Pereira, F. and Weinberger, K.Q.},
  month = {December},
  note = {\url{https://proceedings.neurips.cc/paper_files/paper/2011/file/58c54802a9fb9526cd0923353a34a7ae-Paper.pdf}},
  publisher = {Curran Associates, Inc.},
  series = {Conference Track Proceedings},
  title = {An Application of Tree-Structured Expectation Propagation for Channel Decoding},
  volume = {24},
  year = {2011}
}

@inproceedings{oneto2011impact,
  address = {Granada, Spain},
  author = {Oneto, Luca and Anguita, Davide and Ghio, Alessandro and Ridella, Sandro},
  booktitle = {Advances in Neural Information Processing Systems 24 (NIPS)},
  editor = {Shawe-Taylor, J. and Zemel, R. and Bartlett, P. and Pereira, F. and Weinberger, K.Q.},
  month = {December},
  note = {\url{https://proceedings.neurips.cc/paper_files/paper/2011/file/0deb1c54814305ca9ad266f53bc82511-Paper.pdf}},
  openalex = {W2169171268},
  publisher = {Curran Associates, Inc.},
  series = {Conference Track Proceedings},
  title = {The Impact of Unlabeled Patterns in Rademacher Complexity Theory for Kernel Classifiers},
  volume = {24},
  year = {2011}
}

@inproceedings{ordonez2011im2text,
  address = {Granada, Spain},
  author = {Ordóñez, Vicente and Kulkarni, Girish and Berg, Tamara L.},
  booktitle = {Advances in Neural Information Processing Systems 24 (NIPS)},
  editor = {Shawe-Taylor, J. and Zemel, R. and Bartlett, P. and Pereira, F. and Weinberger, K.Q.},
  month = {December},
  note = {\url{https://proceedings.neurips.cc/paper_files/paper/2011/file/5dd9db5e033da9c6fb5ba83c7a7ebea9-Paper.pdf}},
  openalex = {W2109586012},
  publisher = {Curran Associates, Inc.},
  series = {Conference Track Proceedings},
  title = {Im2Text: Describing Images Using 1 Million Captioned Photographs},
  volume = {24},
  year = {2011}
}

@inproceedings{orhan2011probabilistic,
  address = {Granada, Spain},
  author = {Orhan, Emin and Jacobs, Robert A.},
  booktitle = {Advances in Neural Information Processing Systems 24 (NIPS)},
  editor = {Shawe-Taylor, J. and Zemel, R. and Bartlett, P. and Pereira, F. and Weinberger, K.Q.},
  month = {December},
  note = {\url{https://proceedings.neurips.cc/paper_files/paper/2011/file/07563a3fe3bbe7e3ba84431ad9d055af-Paper.pdf}},
  openalex = {W2134054042},
  publisher = {Curran Associates, Inc.},
  series = {Conference Track Proceedings},
  title = {Probabilistic Modeling of Dependencies Among Visual Short-Term Memory Representations},
  volume = {24},
  year = {2011}
}

@inproceedings{pajarinen2011periodic,
  address = {Granada, Spain},
  author = {Pajarinen, Joni and Peltonen, Jaakko},
  booktitle = {Advances in Neural Information Processing Systems 24 (NIPS)},
  editor = {Shawe-Taylor, J. and Zemel, R. and Bartlett, P. and Pereira, F. and Weinberger, K.Q.},
  month = {December},
  note = {\url{https://proceedings.neurips.cc/paper_files/paper/2011/file/1f3202d820180a39f736f20fce790de8-Paper.pdf}},
  openalex = {W2158082107},
  publisher = {Curran Associates, Inc.},
  series = {Conference Track Proceedings},
  title = {Periodic Finite State Controllers for Efficient POMDP and DEC-POMDP Planning},
  volume = {24},
  year = {2011}
}

@inproceedings{park2011active,
  address = {Granada, Spain},
  author = {Park, Mijung and Horwitz, Greg and Pillow, Jonathan},
  booktitle = {Advances in Neural Information Processing Systems 24 (NIPS)},
  editor = {Shawe-Taylor, J. and Zemel, R. and Bartlett, P. and Pereira, F. and Weinberger, K.Q.},
  month = {December},
  note = {\url{https://proceedings.neurips.cc/paper_files/paper/2011/file/0c048b3a434e49e655c1247efb389cec-Paper.pdf}},
  publisher = {Curran Associates, Inc.},
  series = {Conference Track Proceedings},
  title = {Active learning of neural response functions with Gaussian processes},
  volume = {24},
  year = {2011}
}

@inproceedings{park2011bayesian,
  address = {Granada, Spain},
  author = {Park, Il Memming and Pillow, Jonathan W.},
  booktitle = {Advances in Neural Information Processing Systems 24 (NIPS)},
  editor = {Shawe-Taylor, J. and Zemel, R. and Bartlett, P. and Pereira, F. and Weinberger, K.Q.},
  month = {December},
  note = {\url{https://proceedings.neurips.cc/paper_files/paper/2011/file/6395ebd0f4b478145ecfbaf939454fa4-Paper.pdf}},
  openalex = {W2133861358},
  publisher = {Curran Associates, Inc.},
  series = {Conference Track Proceedings},
  title = {Bayesian Spike-Triggered Covariance Analysis},
  volume = {24},
  year = {2011}
}

@inproceedings{perotte2011hierarchically,
  address = {Granada, Spain},
  author = {Perotte, Adler and Wood, Frank and Elhadad, Noemie and Bartlett, Nicholas},
  booktitle = {Advances in Neural Information Processing Systems 24 (NIPS)},
  editor = {Shawe-Taylor, J. and Zemel, R. and Bartlett, P. and Pereira, F. and Weinberger, K.Q.},
  month = {December},
  note = {\url{https://proceedings.neurips.cc/paper_files/paper/2011/file/489d0396e6826eb0c1e611d82ca8b215-Paper.pdf}},
  publisher = {Curran Associates, Inc.},
  series = {Conference Track Proceedings},
  title = {Hierarchically Supervised Latent Dirichlet Allocation},
  volume = {24},
  year = {2011}
}

@inproceedings{perraultjoncas2011directed,
  address = {Granada, Spain},
  author = {Perrault-Joncas, Dominique and Meilă, Marina},
  booktitle = {Advances in Neural Information Processing Systems 24 (NIPS)},
  editor = {Shawe-Taylor, J. and Zemel, R. and Bartlett, P. and Pereira, F. and Weinberger, K.Q.},
  month = {December},
  note = {\url{https://proceedings.neurips.cc/paper_files/paper/2011/file/8ebda540cbcc4d7336496819a46a1b68-Paper.pdf}},
  openalex = {W2152772875},
  publisher = {Curran Associates, Inc.},
  series = {Conference Track Proceedings},
  title = {Directed Graph Embedding: an Algorithm based on Continuous Limits of Laplacian-type Operators},
  volume = {24},
  year = {2011}
}

@inproceedings{perry2011regularized,
  address = {Granada, Spain},
  author = {Perry, Patrick O. and Mahoney, Michael W.},
  booktitle = {Advances in Neural Information Processing Systems 24 (NIPS)},
  editor = {Shawe-Taylor, J. and Zemel, R. and Bartlett, P. and Pereira, F. and Weinberger, K.Q.},
  month = {December},
  note = {\url{https://proceedings.neurips.cc/paper_files/paper/2011/file/0e9fa1f3e9e66792401a6972d477dcc3-Paper.pdf}},
  openalex = {W2950432396},
  publisher = {Curran Associates, Inc.},
  series = {Conference Track Proceedings},
  title = {Regularized Laplacian Estimation and Fast Eigenvector Approximation},
  volume = {24},
  year = {2011}
}

@inproceedings{petreska2011dynamical,
  address = {Granada, Spain},
  author = {Petresкa, Biljana and Yu, Byron M. and Cunningham, John P. and Santhanam, Gopal and Ryu, Stephen I. and Shenoy, Krishna V. and Sahani, Maneesh},
  booktitle = {Advances in Neural Information Processing Systems 24 (NIPS)},
  editor = {Shawe-Taylor, J. and Zemel, R. and Bartlett, P. and Pereira, F. and Weinberger, K. Q.},
  month = {December},
  note = {\url{https://proceedings.neurips.cc/paper_files/paper/2011/file/2d6cc4b2d139a53512fb8cbb3086ae2e-Paper.pdf}},
  openalex = {W2100381186},
  publisher = {Curran Associates, Inc.},
  series = {Conference Track Proceedings},
  title = {Dynamical segmentation of single trials from population neural data},
  volume = {24},
  year = {2011}
}

@inproceedings{petterson2011submodular,
  address = {Granada, Spain},
  author = {Petterson, James and Caetano, Tibério S.},
  booktitle = {Advances in Neural Information Processing Systems 24 (NIPS)},
  editor = {J. Shawe-Taylor and R. Zemel and P. Bartlett and F. Pereira and K.Q. Weinberger},
  month = {December},
  note = {\url{https://proceedings.neurips.cc/paper_files/paper/2011/file/fc49306d97602c8ed1be1dfbf0835ead-Paper.pdf}},
  openalex = {W2110108847},
  publisher = {Curran Associates, Inc.},
  series = {Conference Track Proceedings},
  title = {Submodular Multi-Label Learning},
  volume = {24},
  year = {2011}
}

@inproceedings{pham2011simultaneous,
  address = {Granada, Spain},
  author = {Pham, Trung and Chin, Tat-Jun and Yu, Jin and Suter, David},
  booktitle = {Advances in Neural Information Processing Systems 24 (NIPS)},
  editor = {Shawe-Taylor, J. and Zemel, R. and Bartlett, P. and Pereira, F. and Weinberger, K.Q.},
  month = {December},
  note = {\url{https://proceedings.neurips.cc/paper_files/paper/2011/file/beed13602b9b0e6ecb5b568ff5058f07-Paper.pdf}},
  openalex = {W2119185245},
  publisher = {Curran Associates, Inc.},
  series = {Conference Track Proceedings},
  title = {Simultaneous Sampling and Multi-Structure Fitting with Adaptive Reversible Jump MCMC},
  volume = {24},
  year = {2011}
}

@inproceedings{pidan2011selective,
  address = {Granada, Spain},
  author = {Pidan, Dmitry and El‐Yaniv, Ran},
  booktitle = {Advances in Neural Information Processing Systems 24 (NIPS)},
  editor = {J. Shawe-Taylor and R. Zemel and P. Bartlett and F. Pereira and K.Q. Weinberger},
  month = {December},
  note = {\url{https://proceedings.neurips.cc/paper_files/paper/2011/file/dd458505749b2941217ddd59394240e8-Paper.pdf}},
  openalex = {W2167141246},
  publisher = {Curran Associates, Inc.},
  series = {Conference Track Proceedings},
  title = {Selective Prediction of Financial Trends with Hidden Markov Models},
  volume = {24},
  year = {2011}
}

@inproceedings{pitkow2011learning,
  address = {Granada, Spain},
  author = {Pitkow, Xaq and Ahmadian, Yashar and Miller, Ken D.},
  booktitle = {Advances in Neural Information Processing Systems 24 (NIPS)},
  editor = {J. Shawe-Taylor and R. Zemel and P. Bartlett and F. Pereira and K.Q. Weinberger},
  month = {December},
  note = {\url{https://proceedings.neurips.cc/paper_files/paper/2011/file/cee631121c2ec9232f3a2f028ad5c89b-Paper.pdf}},
  openalex = {W2153495030},
  publisher = {Curran Associates, Inc.},
  series = {Conference Track Proceedings},
  title = {Learning unbelievable probabilities.},
  volume = {24},
  year = {2011}
}

@inproceedings{rad2011information,
  address = {Granada, Spain},
  author = {Rad, Kamiar Rahnama and Paninski, Liam},
  booktitle = {Advances in Neural Information Processing Systems 24 (NIPS)},
  editor = {Shawe-Taylor, J. and Zemel, R. and Bartlett, P. and Pereira, F. and Weinberger, K.Q.},
  month = {December},
  note = {\url{https://proceedings.neurips.cc/paper_files/paper/2011/file/8eefcfdf5990e441f0fb6f3fad709e21-Paper.pdf}},
  openalex = {W2107708979},
  publisher = {Curran Associates, Inc.},
  series = {Conference Track Proceedings},
  title = {Information Rates and Optimal Decoding in Large Neural Populations},
  volume = {24},
  year = {2011}
}

@inproceedings{raginsky2011lower,
  address = {Granada, Spain},
  author = {Raginsky, Maxim and Rakhlin, Alexander},
  booktitle = {Advances in Neural Information Processing Systems 24 (NIPS)},
  editor = {Shawe-Taylor, J. and Zemel, R. and Bartlett, P. and Pereira, F. and Weinberger, K.Q.},
  month = {December},
  note = {\url{https://proceedings.neurips.cc/paper_files/paper/2011/file/051e4e127b92f5d98d3c79b195f2b291-Paper.pdf}},
  openalex = {W2100931509},
  publisher = {Curran Associates, Inc.},
  series = {Conference Track Proceedings},
  title = {Lower Bounds for Passive and Active Learning},
  volume = {24},
  year = {2011}
}

@inproceedings{rakhlin2011online,
  address = {Granada, Spain},
  author = {Rakhlin, Alexander and Sridharan, Karthik and Tewari, Ambuj},
  booktitle = {Advances in Neural Information Processing Systems 24 (NIPS)},
  editor = {Shawe-Taylor, J. and Zemel, R. and Bartlett, P. and Pereira, F. and Weinberger, K.Q.},
  month = {December},
  note = {\url{https://proceedings.neurips.cc/paper_files/paper/2011/file/692f93be8c7a41525c0baf2076aecfb4-Paper.pdf}},
  openalex = {W2113892508},
  publisher = {Curran Associates, Inc.},
  series = {Conference Track Proceedings},
  title = {Online Learning: Stochastic, Constrained, and Smoothed Adversaries},
  volume = {24},
  year = {2011}
}

@inproceedings{raykar2011ranking,
  address = {Granada, Spain},
  author = {Raykar, Vikas C. and Yu, Shipeng},
  booktitle = {Advances in Neural Information Processing Systems 24 (NIPS)},
  editor = {Shawe-Taylor, J. and Zemel, R. and Bartlett, P. and Pereira, F. and Weinberger, K. Q.},
  month = {December},
  note = {\url{https://proceedings.neurips.cc/paper_files/paper/2011/file/24146db4eb48c718b84cae0a0799dcfc-Paper.pdf}},
  openalex = {W2119830539},
  publisher = {Curran Associates, Inc.},
  series = {Conference Track Proceedings},
  title = {Eliminating spammers and ranking annotators for crowdsourced labeling tasks},
  volume = {24},
  year = {2011}
}

@inproceedings{recht2011hogwild,
  address = {Granada, Spain},
  author = {Niu, Feng and Recht, Benjamin and Ré, Christopher and Wright, Stephen J.},
  booktitle = {Advances in Neural Information Processing Systems 24 (NIPS)},
  editor = {Shawe-Taylor, J. and Zemel, R. and Bartlett, P. and Pereira, F. and Weinberger, K. Q.},
  month = {December},
  note = {\url{https://proceedings.neurips.cc/paper_files/paper/2011/file/218a0aefd1d1a4be65601cc6ddc1520e-Paper.pdf}},
  openalex = {W2951781666},
  publisher = {Curran Associates, Inc.},
  series = {Conference Track Proceedings},
  title = {HOGWILD!: A Lock-Free Approach to Parallelizing Stochastic Gradient Descent},
  volume = {24},
  year = {2011}
}

@inproceedings{reichert2011neuronal,
  address = {Granada, Spain},
  author = {Reichert, David and Seriès, Peggy and Storkey, Amos},
  booktitle = {Advances in Neural Information Processing Systems 24 (NIPS)},
  editor = {Shawe-Taylor, J. and Zemel, R. and Bartlett, P. and Pereira, F. and Weinberger, K.Q.},
  month = {December},
  note = {\url{https://proceedings.neurips.cc/paper_files/paper/2011/file/b51a15f382ac914391a58850ab343b00-Paper.pdf}},
  openalex = {W2142637259},
  publisher = {Curran Associates, Inc.},
  series = {Conference Track Proceedings},
  title = {Neuronal Adaptation for Sampling-Based Probabilistic Inference in Perceptual Bistability},
  volume = {24},
  year = {2011}
}

@inproceedings{ren2011kernel,
  address = {Granada, Spain},
  author = {Ren, Lu and Wang, Yingjian and Carin, Lawrence and Dunson, David B.},
  booktitle = {Advances in Neural Information Processing Systems 24 (NIPS)},
  editor = {Shawe-Taylor, J. and Zemel, R. and Bartlett, P. and Pereira, F. and Weinberger, K.Q.},
  month = {December},
  note = {\url{https://proceedings.neurips.cc/paper_files/paper/2011/file/04ecb1fa28506ccb6f72b12c0245ddbc-Paper.pdf}},
  openalex = {W2134032957},
  publisher = {Curran Associates, Inc.},
  series = {Conference Track Proceedings},
  title = {The Kernel Beta Process},
  volume = {24},
  year = {2011}
}

@inproceedings{rezende2011variational,
  address = {Granada, Spain},
  author = {Rezende, Danilo and Wierstra, Daan and Gerstner, Wulfram},
  booktitle = {Advances in Neural Information Processing Systems 24 (NIPS)},
  editor = {Shawe-Taylor, J. and Zemel, R. and Bartlett, P. and Pereira, F. and Weinberger, K.Q.},
  month = {December},
  note = {\url{https://proceedings.neurips.cc/paper_files/paper/2011/file/069059b7ef840f0c74a814ec9237b6ec-Paper.pdf}},
  publisher = {Curran Associates, Inc.},
  series = {Conference Track Proceedings},
  title = {Variational Learning for Recurrent Spiking Networks},
  volume = {24},
  year = {2011}
}

@inproceedings{rifai2011manifold,
  address = {Granada, Spain},
  author = {Rifai, Salah and Dauphin, Yann N. and Vincent, Pascal and Bengio, Yoshua and Muller, Xavier},
  booktitle = {Advances in Neural Information Processing Systems 24 (NIPS)},
  editor = {J. Shawe-Taylor and R. Zemel and P. Bartlett and F. Pereira and K.Q. Weinberger},
  month = {December},
  note = {\url{https://proceedings.neurips.cc/paper_files/paper/2011/file/d1f44e2f09dc172978a4d3151d11d63e-Paper.pdf}},
  openalex = {W2166093887},
  publisher = {Curran Associates, Inc.},
  series = {Conference Track Proceedings},
  title = {The Manifold Tangent Classifier},
  volume = {24},
  year = {2011}
}

@inproceedings{rother2011recovering,
  address = {Granada, Spain},
  author = {Gehler, Peter and Rother, Carsten and Kiefel, Martin and Zhang, Lumin and Schölkopf, Bernhard},
  booktitle = {Advances in Neural Information Processing Systems 24 (NIPS)},
  editor = {Shawe-Taylor, J. and Zemel, R. and Bartlett, P. and Pereira, F. and Weinberger, K. Q.},
  month = {December},
  note = {\url{https://proceedings.neurips.cc/paper_files/paper/2011/file/2b8a61594b1f4c4db0902a8a395ced93-Paper.pdf}},
  openalex = {W1513440577},
  publisher = {Curran Associates, Inc.},
  series = {Conference Track Proceedings},
  title = {Recovering Intrinsic Images with a Global Sparsity Prior on Reflectance},
  volume = {24},
  year = {2011}
}

@inproceedings{saberian2011multiclass,
  address = {Granada, Spain},
  author = {Saberian, Mohammad and Vasconcelos, Nuno},
  booktitle = {Advances in Neural Information Processing Systems 24 (NIPS)},
  editor = {Shawe-Taylor, J. and Zemel, R. and Bartlett, P. and Pereira, F. and Weinberger, K. Q.},
  month = {December},
  note = {\url{https://proceedings.neurips.cc/paper_files/paper/2011/file/2ac2406e835bd49c70469acae337d292-Paper.pdf}},
  openalex = {W2134987394},
  publisher = {Curran Associates, Inc.},
  series = {Conference Track Proceedings},
  title = {Multiclass Boosting: Theory and Algorithms},
  volume = {24},
  year = {2011}
}

@inproceedings{saeedi2011priors,
  address = {Granada, Spain},
  author = {Saeedi, Ardavan and Bouchard‐Côté, Alexandre},
  booktitle = {Advances in Neural Information Processing Systems 24 (NIPS)},
  editor = {Shawe-Taylor, J. and Zemel, R. and Bartlett, P. and Pereira, F. and Weinberger, K.Q.},
  month = {December},
  note = {\url{https://proceedings.neurips.cc/paper_files/paper/2011/file/043ab21fc5a1607b381ac3896176dac6-Paper.pdf}},
  openalex = {W2161628378},
  publisher = {Curran Associates, Inc.},
  series = {Conference Track Proceedings},
  title = {Priors over Recurrent Continuous Time Processes},
  volume = {24},
  year = {2011}
}

@inproceedings{savin2011two,
  address = {Granada, Spain},
  author = {Savin, Cristina and Dayan, Peter and Lengyel, Máté},
  booktitle = {Advances in Neural Information Processing Systems 24 (NIPS)},
  editor = {Shawe-Taylor, J. and Zemel, R. and Bartlett, P. and Pereira, F. and Weinberger, K. Q.},
  month = {December},
  note = {\url{https://proceedings.neurips.cc/paper_files/paper/2011/file/288cc0ff022877bd3df94bc9360b9c5d-Paper.pdf}},
  openalex = {W2140768851},
  publisher = {Curran Associates, Inc.},
  series = {Conference Track Proceedings},
  title = {Two is better than one: distinct roles for familiarity and recollection in retrieving palimpsest memories},
  volume = {24},
  year = {2011}
}

@inproceedings{schmidt2011convergence,
  address = {Granada, Spain},
  author = {Schmidt, Mark and Roux, Nicolas and Bach, Francis},
  booktitle = {Advances in Neural Information Processing Systems 24 (NIPS)},
  editor = {Shawe-Taylor, J. and Zemel, R. and Bartlett, P. and Pereira, F. and Weinberger, K.Q.},
  month = {December},
  note = {\url{https://proceedings.neurips.cc/paper_files/paper/2011/file/8f7d807e1f53eff5f9efbe5cb81090fb-Paper.pdf}},
  publisher = {Curran Associates, Inc.},
  series = {Conference Track Proceedings},
  title = {Convergence Rates of Inexact Proximal-Gradient Methods for Convex Optimization},
  volume = {24},
  year = {2011}
}

@inproceedings{seldin2011pac,
  address = {Granada, Spain},
  author = {Seldin, Yevgeny and Auer, Peter and Shawe‐Taylor, John and Ortner, Ronald and Laviolette, François},
  booktitle = {Advances in Neural Information Processing Systems 24 (NIPS)},
  editor = {Shawe-Taylor, J. and Zemel, R. and Bartlett, P. and Pereira, F. and Weinberger, K.Q.},
  month = {December},
  note = {\url{https://proceedings.neurips.cc/paper_files/paper/2011/file/58e4d44e550d0f7ee0a23d6b02d9b0db-Paper.pdf}},
  openalex = {W2146807381},
  publisher = {Curran Associates, Inc.},
  series = {Conference Track Proceedings},
  title = {PAC-Bayesian Analysis of Contextual Bandits},
  volume = {24},
  year = {2011}
}

@inproceedings{shalevshwartz2011shareboost,
  address = {Granada, Spain},
  author = {Shalev‐Shwartz, Shai and Wexler, Yonatan and Shashua, Amnon},
  booktitle = {Advances in Neural Information Processing Systems 24 (NIPS)},
  editor = {Shawe-Taylor, J. and Zemel, R. and Bartlett, P. and Pereira, F. and Weinberger, K.Q.},
  month = {December},
  note = {\url{https://proceedings.neurips.cc/paper_files/paper/2011/file/556f391937dfd4398cbac35e050a2177-Paper.pdf}},
  openalex = {W2121214213},
  publisher = {Curran Associates, Inc.},
  series = {Conference Track Proceedings},
  title = {ShareBoost: Efficient multiclass learning with feature sharing},
  volume = {24},
  year = {2011}
}

@inproceedings{shaw2011learning,
  address = {Granada, Spain},
  author = {Shaw, Blake and Huang, Bert and Jebara, Tony},
  booktitle = {Advances in Neural Information Processing Systems 24 (NIPS)},
  editor = {J. Shawe-Taylor and R. Zemel and P. Bartlett and F. Pereira and K.Q. Weinberger},
  month = {December},
  note = {\url{https://proceedings.neurips.cc/paper_files/paper/2011/file/dc58e3a306451c9d670adcd37004f48f-Paper.pdf}},
  openalex = {W2170682041},
  publisher = {Curran Associates, Inc.},
  series = {Conference Track Proceedings},
  title = {Learning a Distance Metric from a Network},
  volume = {24},
  year = {2011}
}

@inproceedings{sheldon2011collective,
  address = {Granada, Spain},
  author = {Sheldon, Daniel and Dietterich, Thomas G.},
  booktitle = {Advances in Neural Information Processing Systems 24 (NIPS)},
  editor = {J. Shawe-Taylor and R. Zemel and P. Bartlett and F. Pereira and K.Q. Weinberger},
  month = {December},
  note = {\url{https://proceedings.neurips.cc/paper_files/paper/2011/file/fccb3cdc9acc14a6e70a12f74560c026-Paper.pdf}},
  openalex = {W2162392127},
  publisher = {Curran Associates, Inc.},
  series = {Conference Track Proceedings},
  title = {Collective Graphical Models},
  volume = {24},
  year = {2011}
}

@inproceedings{shelton2011select,
  address = {Granada, Spain},
  author = {Shelton, Jacquelyn A. and Sheikh, Abdul Saboor and Berkes, Pietro and Bornschein, Joerg and Luecke, Joerg},
  booktitle = {Advances in Neural Information Processing Systems 24 (NIPS)},
  editor = {Shawe-Taylor, J. and Zemel, R. and Bartlett, P. and Pereira, F. and Weinberger, K.Q.},
  month = {December},
  note = {\url{https://proceedings.neurips.cc/paper_files/paper/2011/file/a424ed4bd3a7d6aea720b86d4a360f75-Paper.pdf}},
  openalex = {W2117506930},
  publisher = {Curran Associates, Inc.},
  series = {Conference Track Proceedings},
  title = {Select and Sample - A Model of Efficient Neural Inference and Learning},
  volume = {24},
  year = {2011}
}

@inproceedings{shindler2011fast,
  address = {Granada, Spain},
  author = {Shindler, Michael and Wong, Alex and Meyerson, Adam},
  booktitle = {Advances in Neural Information Processing Systems 24 (NIPS)},
  editor = {Shawe-Taylor, J. and Zemel, R. and Bartlett, P. and Pereira, F. and Weinberger, K.Q.},
  month = {December},
  note = {\url{https://proceedings.neurips.cc/paper_files/paper/2011/file/52c670999cdef4b09eb656850da777c4-Paper.pdf}},
  openalex = {W2118190603},
  publisher = {Curran Associates, Inc.},
  series = {Conference Track Proceedings},
  title = {Fast and Accurate k-means For Large Datasets},
  volume = {24},
  year = {2011}
}

@inproceedings{shivaswamy2011variance,
  address = {Granada, Spain},
  author = {Shivaswamy, Pannagadatta K. and Jebara, Tony},
  booktitle = {Advances in Neural Information Processing Systems 24 (NIPS)},
  editor = {Shawe-Taylor, J. and Zemel, R. and Bartlett, P. and Pereira, F. and Weinberger, K.Q.},
  month = {December},
  note = {\url{https://proceedings.neurips.cc/paper_files/paper/2011/file/46072631582fc240dd2674a7d063b040-Paper.pdf}},
  openalex = {W2106025942},
  publisher = {Curran Associates, Inc.},
  series = {Conference Track Proceedings},
  title = {Variance Penalizing AdaBoost},
  volume = {24},
  year = {2011}
}

@inproceedings{shroff2011manifold,
  address = {Granada, Spain},
  author = {Shroff, Nitesh and Turaga, Pavan and Chellappa, Rama},
  booktitle = {Advances in Neural Information Processing Systems 24 (NIPS)},
  editor = {J. Shawe-Taylor and R. Zemel and P. Bartlett and F. Pereira and K.Q. Weinberger},
  month = {December},
  note = {\url{https://proceedings.neurips.cc/paper_files/paper/2011/file/d1f491a404d6854880943e5c3cd9ca25-Paper.pdf}},
  openalex = {W2107826452},
  publisher = {Curran Associates, Inc.},
  series = {Conference Track Proceedings},
  title = {Manifold Precis: An Annealing Technique for Diverse Sampling of Manifolds},
  volume = {24},
  year = {2011}
}

@inproceedings{silva2011thinning,
  address = {Granada, Spain},
  author = {Silva, Ricardo},
  booktitle = {Advances in Neural Information Processing Systems 24 (NIPS)},
  editor = {Shawe-Taylor, J. and Zemel, R. and Bartlett, P. and Pereira, F. and Weinberger, K.Q.},
  month = {December},
  note = {\url{https://proceedings.neurips.cc/paper_files/paper/2011/file/bcbe3365e6ac95ea2c0343a2395834dd-Paper.pdf}},
  openalex = {W2143945401},
  publisher = {Curran Associates, Inc.},
  series = {Conference Track Proceedings},
  title = {Thinning Measurement Models and Questionnaire Design},
  volume = {24},
  year = {2011}
}

@inproceedings{simon2011environmental,
  address = {Granada, Spain},
  author = {Simon, Dylan A. and Daw, Nathaniel D.},
  booktitle = {Advances in Neural Information Processing Systems 24 (NIPS)},
  editor = {J. Shawe-Taylor and R. Zemel and P. Bartlett and F. Pereira and K.Q. Weinberger},
  month = {December},
  note = {\url{https://proceedings.neurips.cc/paper_files/paper/2011/file/c9e1074f5b3f9fc8ea15d152add07294-Paper.pdf}},
  openalex = {W2142301727},
  publisher = {Curran Associates, Inc.},
  series = {Conference Track Proceedings},
  title = {Environmental statistics and the trade-off between model-based and TD learning in humans},
  volume = {24},
  year = {2011}
}

@inproceedings{sindhwani2011non,
  address = {Granada, Spain},
  author = {Sindhwani, Vikas and Lozano, Aurélie},
  booktitle = {Advances in Neural Information Processing Systems 24 (NIPS)},
  editor = {J. Shawe-Taylor and R. Zemel and P. Bartlett and F. Pereira and K.Q. Weinberger},
  month = {December},
  note = {\url{https://proceedings.neurips.cc/paper_files/paper/2011/file/effc299a1addb07e7089f9b269c31f2f-Paper.pdf}},
  openalex = {W2147854592},
  publisher = {Curran Associates, Inc.},
  series = {Conference Track Proceedings},
  title = {Non-parametric Group Orthogonal Matching Pursuit for Sparse Learning with Multiple Kernels},
  volume = {24},
  year = {2011}
}

@inproceedings{slawski2011sparse,
  address = {Granada, Spain},
  author = {Slawski, Martin and Hein, Matthias},
  booktitle = {Advances in Neural Information Processing Systems 24 (NIPS)},
  editor = {J. Shawe-Taylor and R. Zemel and P. Bartlett and F. Pereira and K.Q. Weinberger},
  month = {December},
  note = {\url{https://proceedings.neurips.cc/paper_files/paper/2011/file/d6723e7cd6735df68d1ce4c704c29a04-Paper.pdf}},
  openalex = {W2121168254},
  publisher = {Curran Associates, Inc.},
  series = {Conference Track Proceedings},
  title = {Sparse recovery by thresholded non-negative least squares},
  volume = {24},
  year = {2011}
}

@inproceedings{slivkins2011multi,
  address = {Granada, Spain},
  author = {Slivkins, Aleksandrs},
  booktitle = {Advances in Neural Information Processing Systems 24 (NIPS)},
  editor = {Shawe-Taylor, J. and Zemel, R. and Bartlett, P. and Pereira, F. and Weinberger, K.Q.},
  month = {December},
  note = {\url{https://proceedings.neurips.cc/paper_files/paper/2011/file/7634ea65a4e6d9041cfd3f7de18e334a-Paper.pdf}},
  openalex = {W2133282568},
  publisher = {Curran Associates, Inc.},
  series = {Conference Track Proceedings},
  title = {Multi-armed bandits on implicit metric spaces},
  volume = {24},
  year = {2011}
}

@inproceedings{socher2011dynamic,
  address = {Granada, Spain},
  author = {Socher, Richard and Huang, Eric and Pennin, Jeffrey and Manning, Christopher D. and Ng, Andrew Y.},
  booktitle = {Advances in Neural Information Processing Systems 24 (NIPS)},
  editor = {Shawe-Taylor, J. and Zemel, R. and Bartlett, P. and Pereira, F. and Weinberger, K. Q.},
  month = {December},
  note = {\url{https://proceedings.neurips.cc/paper_files/paper/2011/file/3335881e06d4d23091389226225e17c7-Paper.pdf}},
  openalex = {W2103305545},
  publisher = {Curran Associates, Inc.},
  series = {Conference Track Proceedings},
  title = {Dynamic Pooling and Unfolding Recursive Autoencoders for Paraphrase Detection},
  volume = {24},
  year = {2011}
}

@inproceedings{song2011kernel,
  address = {Granada, Spain},
  author = {Song, Le and Xing, Eric and Parikh, Ankur},
  booktitle = {Advances in Neural Information Processing Systems 24 (NIPS)},
  editor = {J. Shawe-Taylor and R. Zemel and P. Bartlett and F. Pereira and K.Q. Weinberger},
  month = {December},
  note = {\url{https://proceedings.neurips.cc/paper_files/paper/2011/file/dc09c97fd73d7a324bdbfe7c79525f64-Paper.pdf}},
  publisher = {Curran Associates, Inc.},
  series = {Conference Track Proceedings},
  title = {Kernel Embeddings of Latent Tree Graphical Models},
  volume = {24},
  year = {2011}
}

@inproceedings{sontag2011complexity,
  address = {Granada, Spain},
  author = {Sontag, David and Roy, Dan},
  booktitle = {Advances in Neural Information Processing Systems 24 (NIPS)},
  editor = {Shawe-Taylor, J. and Zemel, R. and Bartlett, P. and Pereira, F. and Weinberger, K. Q.},
  month = {December},
  note = {\url{https://proceedings.neurips.cc/paper_files/paper/2011/file/3871bd64012152bfb53fdf04b401193f-Paper.pdf}},
  openalex = {W2110558001},
  publisher = {Curran Associates, Inc.},
  series = {Conference Track Proceedings},
  title = {Complexity of Inference in Latent Dirichlet Allocation},
  volume = {24},
  year = {2011}
}

@inproceedings{sorower2011inverting,
  address = {Granada, Spain},
  author = {Sorower, Mohammad and Doppa, Janardhan and Orr, Walker and Tadepalli, Prasad and Dietterich, Thomas and Fern, Xiaoli},
  booktitle = {Advances in Neural Information Processing Systems 24 (NIPS)},
  editor = {Shawe-Taylor, J. and Zemel, R. and Bartlett, P. and Pereira, F. and Weinberger, K.Q.},
  month = {December},
  note = {\url{https://proceedings.neurips.cc/paper_files/paper/2011/file/8c7bbbba95c1025975e548cee86dfadc-Paper.pdf}},
  publisher = {Curran Associates, Inc.},
  series = {Conference Track Proceedings},
  title = {Inverting Grice’s Maxims to Learn Rules from Natural Language Extractions},
  volume = {24},
  year = {2011}
}

@inproceedings{srebro2011on,
  address = {Granada, Spain},
  author = {Srebro, Nati and Sridharan, Karthik and Tewari, Ambuj},
  booktitle = {Advances in Neural Information Processing Systems 24 (NIPS)},
  editor = {Shawe-Taylor, J. and Zemel, R. and Bartlett, P. and Pereira, F. and Weinberger, K.Q.},
  month = {December},
  note = {\url{https://proceedings.neurips.cc/paper_files/paper/2011/file/a8f8f60264024dca151f164729b76c0b-Paper.pdf}},
  openalex = {W2143994448},
  publisher = {Curran Associates, Inc.},
  series = {Conference Track Proceedings},
  title = {On the Universality of Online Mirror Descent},
  volume = {24},
  year = {2011}
}

@inproceedings{sricharan2011efficient,
  address = {Granada, Spain},
  author = {Sricharan, Kumar and Hero, Alfred O.},
  booktitle = {Advances in Neural Information Processing Systems 24 (NIPS)},
  editor = {Shawe-Taylor, J. and Zemel, R. and Bartlett, P. and Pereira, F. and Weinberger, K.Q.},
  month = {December},
  note = {\url{https://proceedings.neurips.cc/paper_files/paper/2011/file/8dd48d6a2e2cad213179a3992c0be53c-Paper.pdf}},
  openalex = {W2110013771},
  publisher = {Curran Associates, Inc.},
  series = {Conference Track Proceedings},
  title = {Efficient anomaly detection using bipartite k-NN graphs},
  volume = {24},
  year = {2011}
}

@inproceedings{stegle2011efficient,
  address = {Granada, Spain},
  author = {Stegle, Oliver and Lippert, Christoph and Mooij, Joris M. and Lawrence, Neil D. and Borgwardt, Karsten},
  booktitle = {Advances in Neural Information Processing Systems 24 (NIPS)},
  editor = {Shawe-Taylor, J. and Zemel, R. and Bartlett, P. and Pereira, F. and Weinberger, K.Q.},
  month = {December},
  note = {\url{https://proceedings.neurips.cc/paper_files/paper/2011/file/a732804c8566fc8f498947ea59a841f8-Paper.pdf}},
  openalex = {W2158170196},
  publisher = {Curran Associates, Inc.},
  series = {Conference Track Proceedings},
  title = {Efficient inference in matrix-variate Gaussian models with iid observation noise},
  volume = {24},
  year = {2011}
}

@inproceedings{stemmler2011energetically,
  address = {Granada, Spain},
  author = {Stemmler, Martin and Sengupta, Biswa and Laughlin, Simon B. and Niven, Jeremy E.},
  booktitle = {Advances in Neural Information Processing Systems 24 (NIPS)},
  editor = {Shawe-Taylor, J. and Zemel, R. and Bartlett, P. and Pereira, F. and Weinberger, K.Q.},
  month = {December},
  note = {\url{https://proceedings.neurips.cc/paper_files/paper/2011/file/b6a1085a27ab7bff7550f8a3bd017df8-Paper.pdf}},
  openalex = {W2131475304},
  publisher = {Curran Associates, Inc.},
  series = {Conference Track Proceedings},
  title = {Energetically Optimal Action Potentials},
  volume = {24},
  year = {2011}
}

@inproceedings{stevenson2011inferring,
  address = {Granada, Spain},
  author = {Stevenson, Ian H. and Koerding, Konrad},
  booktitle = {Advances in Neural Information Processing Systems 24 (NIPS)},
  editor = {Shawe-Taylor, J. and Zemel, R. and Bartlett, P. and Pereira, F. and Weinberger, K.Q.},
  month = {December},
  note = {\url{https://proceedings.neurips.cc/paper_files/paper/2011/file/602d1305678a8d5fdb372271e980da6a-Paper.pdf}},
  openalex = {W2171340683},
  publisher = {Curran Associates, Inc.},
  series = {Conference Track Proceedings},
  title = {Inferring spike-timing-dependent plasticity from spike train data},
  volume = {24},
  year = {2011}
}

@inproceedings{stimberg2011inference,
  address = {Granada, Spain},
  author = {Stimberg, Florian and Opper, Manfred and Sanguinetti, Guido and Ruttor, Andreas},
  booktitle = {Advances in Neural Information Processing Systems 24 (NIPS)},
  editor = {J. Shawe-Taylor and R. Zemel and P. Bartlett and F. Pereira and K.Q. Weinberger},
  month = {December},
  note = {\url{https://proceedings.neurips.cc/paper_files/paper/2011/file/e816c635cad85a60fabd6b97b03cbcc9-Paper.pdf}},
  openalex = {W2098657931},
  publisher = {Curran Associates, Inc.},
  series = {Conference Track Proceedings},
  title = {Inference in continuous-time change-point models},
  volume = {24},
  year = {2011}
}

@inproceedings{sun2011two,
  address = {Granada, Spain},
  author = {Sun, Qian and Chattopadhyay, Rita and Panchanathan, Sethuraman and Ye, Jieping},
  booktitle = {Advances in Neural Information Processing Systems 24 (NIPS)},
  editor = {J. Shawe-Taylor and R. Zemel and P. Bartlett and F. Pereira and K.Q. Weinberger},
  month = {December},
  note = {\url{https://proceedings.neurips.cc/paper_files/paper/2011/file/d709f38ef758b5066ef31b18039b8ce5-Paper.pdf}},
  openalex = {W2137901802},
  publisher = {Curran Associates, Inc.},
  series = {Conference Track Proceedings},
  title = {A Two-Stage Weighting Framework for Multi-Source Domain Adaptation},
  volume = {24},
  year = {2011}
}

@inproceedings{susemihl2011analytical,
  address = {Granada, Spain},
  author = {Susemihl, Alex and Meir, Ron and Opper, Manfred},
  booktitle = {Advances in Neural Information Processing Systems 24 (NIPS)},
  editor = {Shawe-Taylor, J. and Zemel, R. and Bartlett, P. and Pereira, F. and Weinberger, K.Q.},
  month = {December},
  note = {\url{https://proceedings.neurips.cc/paper_files/paper/2011/file/1c65cef3dfd1e00c0b03923a1c591db4-Paper.pdf}},
  openalex = {W2165989817},
  publisher = {Curran Associates, Inc.},
  series = {Conference Track Proceedings},
  title = {Analytical Results for the Error in Filtering of Gaussian Processes},
  volume = {24},
  year = {2011}
}

@inproceedings{suzuki2011unifying,
  address = {Granada, Spain},
  author = {Suzuki, Taiji},
  booktitle = {Advances in Neural Information Processing Systems 24 (NIPS)},
  editor = {Shawe-Taylor, J. and Zemel, R. and Bartlett, P. and Pereira, F. and Weinberger, K.Q.},
  month = {December},
  note = {\url{https://proceedings.neurips.cc/paper_files/paper/2011/file/aa169b49b583a2b5af89203c2b78c67c-Paper.pdf}},
  openalex = {W2102113639},
  publisher = {Curran Associates, Inc.},
  series = {Conference Track Proceedings},
  title = {Unifying Framework for Fast Learning Rate of Non-Sparse Multiple Kernel Learning},
  volume = {24},
  year = {2011}
}

@inproceedings{szlam2011structured,
  address = {Granada, Spain},
  author = {Szlam, Arthur and Gregor, Karol and Cun, Yann},
  booktitle = {Advances in Neural Information Processing Systems 24 (NIPS)},
  editor = {J. Shawe-Taylor and R. Zemel and P. Bartlett and F. Pereira and K.Q. Weinberger},
  month = {December},
  note = {\url{https://proceedings.neurips.cc/paper_files/paper/2011/file/fae0b27c451c728867a567e8c1bb4e53-Paper.pdf}},
  publisher = {Curran Associates, Inc.},
  series = {Conference Track Proceedings},
  title = {Structured sparse coding via lateral inhibition},
  volume = {24},
  year = {2011}
}

@inproceedings{takeuchi2011target,
  address = {Granada, Spain},
  author = {Takeuchi, Ichiro and Sugiyama, Masashi},
  booktitle = {Advances in Neural Information Processing Systems 24 (NIPS)},
  editor = {J. Shawe-Taylor and R. Zemel and P. Bartlett and F. Pereira and K.Q. Weinberger},
  month = {December},
  note = {\url{https://proceedings.neurips.cc/paper_files/paper/2011/file/f73b76ce8949fe29bf2a537cfa420e8f-Paper.pdf}},
  openalex = {W2139822150},
  publisher = {Curran Associates, Inc.},
  series = {Conference Track Proceedings},
  title = {Target Neighbor Consistent Feature Weighting for Nearest Neighbor Classification},
  volume = {24},
  year = {2011}
}

@inproceedings{teh2011gaussian,
  address = {Granada, Spain},
  author = {Teh, Yee Whye and Rao, Vinayak},
  booktitle = {Advances in Neural Information Processing Systems 24 (NIPS)},
  editor = {J. Shawe-Taylor and R. Zemel and P. Bartlett and F. Pereira and K.Q. Weinberger},
  month = {December},
  note = {\url{https://proceedings.neurips.cc/paper_files/paper/2011/file/ff49cc40a8890e6a60f40ff3026d2730-Paper.pdf}},
  openalex = {W2133530184},
  publisher = {Curran Associates, Inc.},
  series = {Conference Track Proceedings},
  title = {Gaussian process modulated renewal processes},
  volume = {24},
  year = {2011}
}

@inproceedings{teh2011modelling,
  address = {Granada, Spain},
  author = {Teh, Yee Whye and Blundell, Charles and Elliott, Lloyd T.},
  booktitle = {Advances in Neural Information Processing Systems 24 (NIPS)},
  editor = {Shawe-Taylor, J. and Zemel, R. and Bartlett, P. and Pereira, F. and Weinberger, K.Q.},
  month = {December},
  note = {\url{https://proceedings.neurips.cc/paper_files/paper/2011/file/5e388103a391daabe3de1d76a6739ccd-Paper.pdf}},
  openalex = {W2163429101},
  publisher = {Curran Associates, Inc.},
  series = {Conference Track Proceedings},
  title = {Modelling Genetic Variations using Fragmentation-Coagulation Processes},
  volume = {24},
  year = {2011}
}

@inproceedings{telgarsky2011fast,
  address = {Granada, Spain},
  author = {Telgarsky, Matus},
  booktitle = {Advances in Neural Information Processing Systems 24 (NIPS)},
  editor = {Shawe-Taylor, J. and Zemel, R. and Bartlett, P. and Pereira, F. and Weinberger, K.Q.},
  month = {December},
  note = {\url{https://proceedings.neurips.cc/paper_files/paper/2011/file/8b5040a8a5baf3e0e67386c2e3a9b903-Paper.pdf}},
  openalex = {W2120168180},
  publisher = {Curran Associates, Inc.},
  series = {Conference Track Proceedings},
  title = {The Fast Convergence of Boosting},
  volume = {24},
  year = {2011}
}

@inproceedings{tewari2011greedy,
  address = {Granada, Spain},
  author = {Tewari, Ambuj and Ravikumar, Pradeep and Dhillon, Inderjit S.},
  booktitle = {Advances in Neural Information Processing Systems 24 (NIPS)},
  editor = {J. Shawe-Taylor and R. Zemel and P. Bartlett and F. Pereira and K.Q. Weinberger},
  month = {December},
  note = {\url{https://proceedings.neurips.cc/paper_files/paper/2011/file/ffeabd223de0d4eacb9a3e6e53e5448d-Paper.pdf}},
  openalex = {W2168893847},
  publisher = {Curran Associates, Inc.},
  series = {Conference Track Proceedings},
  title = {Greedy Algorithms for Structurally Constrained High Dimensional Problems},
  volume = {24},
  year = {2011}
}

@inproceedings{thomas2011policy,
  address = {Granada, Spain},
  author = {Thomas, Philip S.},
  booktitle = {Advances in Neural Information Processing Systems 24 (NIPS)},
  editor = {Shawe-Taylor, J. and Zemel, R. and Bartlett, P. and Pereira, F. and Weinberger, K.Q.},
  month = {December},
  note = {\url{https://proceedings.neurips.cc/paper_files/paper/2011/file/1e6e0a04d20f50967c64dac2d639a577-Paper.pdf}},
  openalex = {W2133332072},
  publisher = {Curran Associates, Inc.},
  series = {Conference Track Proceedings},
  title = {Policy Gradient Coagent Networks},
  volume = {24},
  year = {2011}
}

@inproceedings{titsias2011spike,
  address = {Granada, Spain},
  author = {Lázaro-Gredilla, Miguel and Titsias, Michalis K.},
  booktitle = {Advances in Neural Information Processing Systems 24 (NIPS)},
  editor = {Shawe-Taylor, J. and Zemel, R. and Bartlett, P. and Pereira, F. and Weinberger, K.Q.},
  month = {December},
  note = {\url{https://proceedings.neurips.cc/paper_files/paper/2011/file/b495ce63ede0f4efc9eec62cb947c162-Paper.pdf}},
  openalex = {W2155676512},
  publisher = {Curran Associates, Inc.},
  series = {Conference Track Proceedings},
  title = {Spike and Slab Variational Inference for Multi-Task and Multiple Kernel Learning},
  volume = {24},
  year = {2011}
}

@inproceedings{tofigh2011global,
  address = {Granada, Spain},
  author = {Tofigh, Ali Asghar and SjÌ¦lund, Erik and HÌ¦glund, Mattias and Lagergren, Jens},
  booktitle = {Advances in Neural Information Processing Systems 24 (NIPS)},
  editor = {Shawe-Taylor, J. and Zemel, R. and Bartlett, P. and Pereira, F. and Weinberger, K.Q.},
  month = {December},
  note = {\url{https://proceedings.neurips.cc/paper_files/paper/2011/file/9b8619251a19057cff70779273e95aa6-Paper.pdf}},
  openalex = {W2153069574},
  publisher = {Curran Associates, Inc.},
  series = {Conference Track Proceedings},
  title = {A Global Structural EM Algorithm for a Model of Cancer Progression},
  volume = {24},
  year = {2011}
}

@inproceedings{tomioka2011statistical,
  address = {Granada, Spain},
  author = {Tomioka, Ryota and Suzuki, Taiji and Hayashi, Kohei and Kashima, Hisashi},
  booktitle = {Advances in Neural Information Processing Systems 24 (NIPS)},
  editor = {Shawe-Taylor, J. and Zemel, R. and Bartlett, P. and Pereira, F. and Weinberger, K.Q.},
  month = {December},
  note = {\url{https://proceedings.neurips.cc/paper_files/paper/2011/file/b2eeb7362ef83deff5c7813a67e14f0a-Paper.pdf}},
  openalex = {W2118080949},
  publisher = {Curran Associates, Inc.},
  series = {Conference Track Proceedings},
  title = {Statistical Performance of Convex Tensor Decomposition},
  volume = {24},
  year = {2011}
}

@inproceedings{torralba2011learning,
  address = {Granada, Spain},
  author = {Torralba, Antonio and Tenenbaum, Joshua B. and Salakhutdinov, Ruslan},
  booktitle = {Advances in Neural Information Processing Systems 24 (NIPS)},
  editor = {Shawe-Taylor, J. and Zemel, R. and Bartlett, P. and Pereira, F. and Weinberger, K.Q.},
  month = {December},
  note = {\url{https://proceedings.neurips.cc/paper_files/paper/2011/file/6e7d2da6d3953058db75714ac400b584-Paper.pdf}},
  openalex = {W2105486361},
  publisher = {Curran Associates, Inc.},
  series = {Conference Track Proceedings},
  title = {Learning to Learn with Compound HD Models},
  volume = {24},
  year = {2011}
}

@inproceedings{tschopp2011randomized,
  address = {Granada, Spain},
  author = {Tschopp, Dominique and Diggavi, Suhas and Delgosha, Payam and Mohajer, Soheil},
  booktitle = {Advances in Neural Information Processing Systems 24 (NIPS)},
  editor = {J. Shawe-Taylor and R. Zemel and P. Bartlett and F. Pereira and K.Q. Weinberger},
  month = {December},
  note = {\url{https://proceedings.neurips.cc/paper_files/paper/2011/file/eb86d510361fc23b59f18c1bc9802cc6-Paper.pdf}},
  openalex = {W2167551021},
  publisher = {Curran Associates, Inc.},
  series = {Conference Track Proceedings},
  title = {Randomized Algorithms for Comparison-based Search},
  volume = {24},
  year = {2011}
}

@inproceedings{turner2011probabilistic,
  address = {Granada, Spain},
  author = {Turner, Richard E. and Sahani, Maneesh},
  booktitle = {Advances in Neural Information Processing Systems 24 (NIPS)},
  editor = {Shawe-Taylor, J. and Zemel, R. and Bartlett, P. and Pereira, F. and Weinberger, K.Q.},
  month = {December},
  note = {\url{https://proceedings.neurips.cc/paper_files/paper/2011/file/c3992e9a68c5ae12bd18488bc579b30d-Paper.pdf}},
  openalex = {W2145125342},
  publisher = {Curran Associates, Inc.},
  series = {Conference Track Proceedings},
  title = {Probabilistic amplitude and frequency demodulation},
  volume = {24},
  year = {2011}
}

@inproceedings{ujfalussy2011active,
  address = {Granada, Spain},
  author = {Ujfalussy, Balázs and Lengyel, Máté},
  booktitle = {Advances in Neural Information Processing Systems 24 (NIPS)},
  editor = {Shawe-Taylor, J. and Zemel, R. and Bartlett, P. and Pereira, F. and Weinberger, K.Q.},
  month = {December},
  note = {\url{https://proceedings.neurips.cc/paper_files/paper/2011/file/c06d06da9666a219db15cf575aff2824-Paper.pdf}},
  openalex = {W2161336716},
  publisher = {Curran Associates, Inc.},
  series = {Conference Track Proceedings},
  title = {Active dendrites: adaptation to spike-based communication},
  volume = {24},
  year = {2011}
}

@inproceedings{veness2011variance,
  address = {Granada, Spain},
  author = {Veness, Joel and Lanctot, Marc and Bowling, Michael},
  booktitle = {Advances in Neural Information Processing Systems 24 (NIPS)},
  editor = {J. Shawe-Taylor and R. Zemel and P. Bartlett and F. Pereira and K.Q. Weinberger},
  month = {December},
  note = {\url{https://proceedings.neurips.cc/paper_files/paper/2011/file/d736bb10d83a904aefc1d6ce93dc54b8-Paper.pdf}},
  openalex = {W2145901173},
  publisher = {Curran Associates, Inc.},
  series = {Conference Track Proceedings},
  title = {Variance Reduction in Monte-Carlo Tree Search},
  volume = {24},
  year = {2011}
}

@inproceedings{vernet2011composite,
  address = {Granada, Spain},
  author = {Vernet, Elodie and Reid, Mark D. and Williamson, Robert C.},
  booktitle = {Advances in Neural Information Processing Systems 24 (NIPS)},
  editor = {Shawe-Taylor, J. and Zemel, R. and Bartlett, P. and Pereira, F. and Weinberger, K. Q.},
  month = {December},
  note = {\url{https://proceedings.neurips.cc/paper_files/paper/2011/file/2afe4567e1bf64d32a5527244d104cea-Paper.pdf}},
  openalex = {W2137441266},
  publisher = {Curran Associates, Inc.},
  series = {Conference Track Proceedings},
  title = {Composite Multiclass Losses},
  volume = {24},
  year = {2011}
}

@inproceedings{vitale2011see,
  address = {Granada, Spain},
  author = {Vitale, Fabio and Cesa‐Bianchi, Nicolò and Gentile, Claudio and Zappella, Giovanni},
  booktitle = {Advances in Neural Information Processing Systems 24 (NIPS)},
  editor = {Shawe-Taylor, J. and Zemel, R. and Bartlett, P. and Pereira, F. and Weinberger, K.Q.},
  month = {December},
  note = {\url{https://proceedings.neurips.cc/paper_files/paper/2011/file/8b6dd7db9af49e67306feb59a8bdc52c-Paper.pdf}},
  openalex = {W2125939915},
  publisher = {Curran Associates, Inc.},
  series = {Conference Track Proceedings},
  title = {See the Tree Through the Lines: The Shazoo Algorithm},
  volume = {24},
  year = {2011}
}

@inproceedings{vondrick2011video,
  address = {Granada, Spain},
  author = {Vondrick, Carl and Ramanan, Deva},
  booktitle = {Advances in Neural Information Processing Systems 24 (NIPS)},
  editor = {Shawe-Taylor, J. and Zemel, R. and Bartlett, P. and Pereira, F. and Weinberger, K.Q.},
  month = {December},
  note = {\url{https://proceedings.neurips.cc/paper_files/paper/2011/file/182be0c5cdcd5072bb1864cdee4d3d6e-Paper.pdf}},
  openalex = {W2117907414},
  publisher = {Curran Associates, Inc.},
  series = {Conference Track Proceedings},
  title = {Video Annotation and Tracking with Active Learning},
  volume = {24},
  year = {2011}
}

@inproceedings{vu2011continuous,
  address = {Granada, Spain},
  author = {Vu, Duy and Hunter, David R. and Smyth, Padhraic and Asuncion, Arthur},
  booktitle = {Advances in Neural Information Processing Systems 24 (NIPS)},
  editor = {Shawe-Taylor, J. and Zemel, R. and Bartlett, P. and Pereira, F. and Weinberger, K.Q.},
  month = {December},
  note = {\url{https://proceedings.neurips.cc/paper_files/paper/2011/file/674bfc5f6b72706fb769f5e93667bd23-Paper.pdf}},
  openalex = {W2145121236},
  publisher = {Curran Associates, Inc.},
  series = {Conference Track Proceedings},
  title = {Continuous-Time Regression Models for Longitudinal Networks},
  volume = {24},
  year = {2011}
}

@inproceedings{wagner2011reinterpretation,
  address = {Granada, Spain},
  author = {Wagner, Paul},
  booktitle = {Advances in Neural Information Processing Systems 24 (NIPS)},
  editor = {J. Shawe-Taylor and R. Zemel and P. Bartlett and F. Pereira and K.Q. Weinberger},
  month = {December},
  note = {\url{https://proceedings.neurips.cc/paper_files/paper/2011/file/d9731321ef4e063ebbee79298fa36f56-Paper.pdf}},
  openalex = {W2142899754},
  publisher = {Curran Associates, Inc.},
  series = {Conference Track Proceedings},
  title = {A reinterpretation of the policy oscillation phenomenon in approximate policy iteration},
  volume = {24},
  year = {2011}
}

@inproceedings{walsh2011blending,
  address = {Granada, Spain},
  author = {Walsh, Thomas J. and Hewlett, Daniel and Morrison, Clayton T.},
  booktitle = {Advances in Neural Information Processing Systems 24 (NIPS)},
  editor = {J. Shawe-Taylor and R. Zemel and P. Bartlett and F. Pereira and K.Q. Weinberger},
  month = {December},
  note = {\url{https://proceedings.neurips.cc/paper_files/paper/2011/file/e034fb6b66aacc1d48f445ddfb08da98-Paper.pdf}},
  openalex = {W2097900976},
  publisher = {Curran Associates, Inc.},
  series = {Conference Track Proceedings},
  title = {Blending Autonomous Exploration and Apprenticeship Learning},
  volume = {24},
  year = {2011}
}

@inproceedings{wang2011anatomically,
  address = {Granada, Spain},
  author = {Wang, Zuoguan and Schalk, Gerwin and Ji, Qiang},
  booktitle = {Advances in Neural Information Processing Systems 24 (NIPS)},
  editor = {Shawe-Taylor, J. and Zemel, R. and Bartlett, P. and Pereira, F. and Weinberger, K.Q.},
  month = {December},
  note = {\url{https://proceedings.neurips.cc/paper_files/paper/2011/file/120ca817ebe8caa71e92ac53049b2c6a-Paper.pdf}},
  openalex = {W2110590434},
  publisher = {Curran Associates, Inc.},
  series = {Conference Track Proceedings},
  title = {Anatomically Constrained Decoding of Finger Flexion from Electrocorticographic Signals},
  volume = {24},
  year = {2011}
}

@inproceedings{wang2011denoising,
  address = {Granada, Spain},
  author = {Wang, Weiran and Carreira-Perpiñán, Miguel Á. and Lu, Zhengdong},
  booktitle = {Advances in Neural Information Processing Systems 24 (NIPS)},
  editor = {Shawe-Taylor, J. and Zemel, R. and Bartlett, P. and Pereira, F. and Weinberger, K. Q.},
  month = {December},
  note = {\url{https://proceedings.neurips.cc/paper_files/paper/2011/file/38db3aed920cf82ab059bfccbd02be6a-Paper.pdf}},
  openalex = {W2159077255},
  publisher = {Curran Associates, Inc.},
  series = {Conference Track Proceedings},
  title = {A Denoising View of Matrix Completion},
  volume = {24},
  year = {2011}
}

@inproceedings{wang2011maximal,
  address = {Granada, Spain},
  author = {Wang, Xinggang and Bai, Xiang and Yang, Xing‐Wei and Liu, Wenyu and Latecki, Longin Jan},
  booktitle = {Advances in Neural Information Processing Systems 24 (NIPS)},
  editor = {J. Shawe-Taylor and R. Zemel and P. Bartlett and F. Pereira and K.Q. Weinberger},
  month = {December},
  note = {\url{https://proceedings.neurips.cc/paper_files/paper/2011/file/e6b4b2a746ed40e1af829d1fa82daa10-Paper.pdf}},
  openalex = {W2162090252},
  publisher = {Curran Associates, Inc.},
  series = {Conference Track Proceedings},
  title = {Maximal Cliques that Satisfy Hard Constraints with Application to Deformable Object Model Learning},
  volume = {24},
  year = {2011}
}

@inproceedings{wang2011maximum,
  address = {Granada, Spain},
  author = {Wang, Hua and Huang, Heng and Kamangar, Farhad and Nie, Feiping and Ding, Chris},
  booktitle = {Advances in Neural Information Processing Systems 24 (NIPS)},
  editor = {Shawe-Taylor, J. and Zemel, R. and Bartlett, P. and Pereira, F. and Weinberger, K.Q.},
  month = {December},
  note = {\url{https://proceedings.neurips.cc/paper_files/paper/2011/file/11d867796d85db8cad5280ac44cec7c1-Paper.pdf}},
  openalex = {W2128981757},
  publisher = {Curran Associates, Inc.},
  series = {Conference Track Proceedings},
  title = {Maximum Margin Multi-Instance Learning},
  volume = {24},
  year = {2011}
}

@inproceedings{wang2011metric,
  address = {Granada, Spain},
  author = {Wang, Jun and T., Huyen and Woznica, Adam and Kalousis, Alexandros},
  booktitle = {Advances in Neural Information Processing Systems 24 (NIPS)},
  editor = {Shawe-Taylor, J. and Zemel, R. and Bartlett, P. and Pereira, F. and Weinberger, K. Q.},
  month = {December},
  note = {\url{https://proceedings.neurips.cc/paper_files/paper/2011/file/24681928425f5a9133504de568f5f6df-Paper.pdf}},
  publisher = {Curran Associates, Inc.},
  series = {Conference Track Proceedings},
  title = {Metric Learning with Multiple Kernels},
  volume = {24},
  year = {2011}
}

@inproceedings{watanabe2011uniqueness,
  address = {Granada, Spain},
  author = {Watanabe, Yusuke},
  booktitle = {Advances in Neural Information Processing Systems 24 (NIPS)},
  editor = {Shawe-Taylor, J. and Zemel, R. and Bartlett, P. and Pereira, F. and Weinberger, K.Q.},
  month = {December},
  note = {\url{https://proceedings.neurips.cc/paper_files/paper/2011/file/5ec91aac30eae62f4140325d09b9afd0-Paper.pdf}},
  openalex = {W2127433267},
  publisher = {Curran Associates, Inc.},
  series = {Conference Track Proceedings},
  title = {Uniqueness of Belief Propagation on Signed Graphs},
  volume = {24},
  year = {2011}
}

@inproceedings{waters2011sparcs,
  address = {Granada, Spain},
  author = {Waters, Andrew E. and Sankaranarayanan, Aswin C. and Baraniuk, Richard G.},
  booktitle = {Advances in Neural Information Processing Systems 24 (NIPS)},
  editor = {Shawe-Taylor, J. and Zemel, R. and Bartlett, P. and Pereira, F. and Weinberger, K.Q.},
  month = {December},
  note = {\url{https://proceedings.neurips.cc/paper_files/paper/2011/file/0ff8033cf9437c213ee13937b1c4c455-Paper.pdf}},
  openalex = {W2143701678},
  publisher = {Curran Associates, Inc.},
  series = {Conference Track Proceedings},
  title = {SpaRCS: Recovering low-rank and sparse matrices from compressive measurements},
  volume = {24},
  year = {2011}
}

@inproceedings{wauthier2011bayesian,
  address = {Granada, Spain},
  author = {Wauthier, Fabian L. and Jordan, Michael I.},
  booktitle = {Advances in Neural Information Processing Systems 24 (NIPS)},
  editor = {Shawe-Taylor, J. and Zemel, R. and Bartlett, P. and Pereira, F. and Weinberger, K.Q.},
  month = {December},
  note = {\url{https://proceedings.neurips.cc/paper_files/paper/2011/file/0768281a05da9f27df178b5c39a51263-Paper.pdf}},
  openalex = {W2168396085},
  publisher = {Curran Associates, Inc.},
  series = {Conference Track Proceedings},
  title = {Bayesian Bias Mitigation for Crowdsourcing},
  volume = {24},
  year = {2011}
}

@inproceedings{wick2011query,
  address = {Granada, Spain},
  author = {Wick, Michael and McCallum, Andrew},
  booktitle = {Advances in Neural Information Processing Systems 24 (NIPS)},
  editor = {Shawe-Taylor, J. and Zemel, R. and Bartlett, P. and Pereira, F. and Weinberger, K.Q.},
  month = {December},
  note = {\url{https://proceedings.neurips.cc/paper_files/paper/2011/file/215a71a12769b056c3c32e7299f1c5ed-Paper.pdf}},
  openalex = {W2133338734},
  publisher = {Curran Associates, Inc.},
  series = {Conference Track Proceedings},
  title = {Query-Aware MCMC},
  volume = {24},
  year = {2011}
}

@inproceedings{wiener2011agnostic,
  address = {Granada, Spain},
  author = {Wiener, Yair and El‐Yaniv, Ran},
  booktitle = {Advances in Neural Information Processing Systems 24 (NIPS)},
  editor = {Shawe-Taylor, J. and Zemel, R. and Bartlett, P. and Pereira, F. and Weinberger, K.Q.},
  month = {December},
  note = {\url{https://proceedings.neurips.cc/paper_files/paper/2011/file/4b6538a44a1dfdc2b83477cd76dee98e-Paper.pdf}},
  openalex = {W2169063797},
  publisher = {Curran Associates, Inc.},
  series = {Conference Track Proceedings},
  title = {Agnostic Selective Classification},
  volume = {24},
  year = {2011}
}

@inproceedings{wiesler2011convergence,
  address = {Granada, Spain},
  author = {Wiesler, Simon and Ney, Hermann},
  booktitle = {Advances in Neural Information Processing Systems 24 (NIPS)},
  editor = {J. Shawe-Taylor and R. Zemel and P. Bartlett and F. Pereira and K.Q. Weinberger},
  month = {December},
  note = {\url{https://proceedings.neurips.cc/paper_files/paper/2011/file/e836d813fd184325132fca8edcdfb40e-Paper.pdf}},
  openalex = {W2134583763},
  publisher = {Curran Associates, Inc.},
  series = {Conference Track Proceedings},
  title = {A Convergence Analysis of Log-Linear Training},
  volume = {24},
  year = {2011}
}

@inproceedings{wingate2011nonstandard,
  address = {Granada, Spain},
  author = {Wingate, David and Goodman, Noah and Stuhlmueller, Andreas and Siskind, Jeffrey},
  booktitle = {Advances in Neural Information Processing Systems 24 (NIPS)},
  editor = {Shawe-Taylor, J. and Zemel, R. and Bartlett, P. and Pereira, F. and Weinberger, K.Q.},
  month = {December},
  note = {\url{https://proceedings.neurips.cc/paper_files/paper/2011/file/0d7de1aca9299fe63f3e0041f02638a3-Paper.pdf}},
  publisher = {Curran Associates, Inc.},
  series = {Conference Track Proceedings},
  title = {Nonstandard Interpretations of Probabilistic Programs for Efficient Inference},
  volume = {24},
  year = {2011}
}

@inproceedings{wipf2011sparse,
  address = {Granada, Spain},
  author = {Wipf, David},
  booktitle = {Advances in Neural Information Processing Systems 24 (NIPS)},
  editor = {J. Shawe-Taylor and R. Zemel and P. Bartlett and F. Pereira and K.Q. Weinberger},
  month = {December},
  note = {\url{https://proceedings.neurips.cc/paper_files/paper/2011/file/fd2c5e4680d9a01dba3aada5ece22270-Paper.pdf}},
  openalex = {W2116611182},
  publisher = {Curran Associates, Inc.},
  series = {Conference Track Proceedings},
  title = {Sparse Estimation with Structured Dictionaries},
  volume = {24},
  year = {2011}
}

@inproceedings{wnuk2011multiple,
  address = {Granada, Spain},
  author = {Wnuk, Kamil and Soatto, Stefano},
  booktitle = {Advances in Neural Information Processing Systems 24 (NIPS)},
  editor = {J. Shawe-Taylor and R. Zemel and P. Bartlett and F. Pereira and K.Q. Weinberger},
  month = {December},
  note = {\url{https://proceedings.neurips.cc/paper_files/paper/2011/file/d947bf06a885db0d477d707121934ff8-Paper.pdf}},
  openalex = {W2096575278},
  publisher = {Curran Associates, Inc.},
  series = {Conference Track Proceedings},
  title = {Multiple Instance Filtering},
  volume = {24},
  year = {2011}
}

@inproceedings{xiang2011learning,
  address = {Granada, Spain},
  author = {Xiang, Zhen and Xu, Hao and Ramadge, Peter J.},
  booktitle = {Advances in Neural Information Processing Systems 24 (NIPS)},
  editor = {Shawe-Taylor, J. and Zemel, R. and Bartlett, P. and Pereira, F. and Weinberger, K. Q.},
  month = {December},
  note = {\url{https://proceedings.neurips.cc/paper_files/paper/2011/file/3ce3bd7d63a2c9c81983cc8e9bd02ae5-Paper.pdf}},
  openalex = {W2112495313},
  publisher = {Curran Associates, Inc.},
  series = {Conference Track Proceedings},
  title = {Learning Sparse Representations of High Dimensional Data on Large Scale Dictionaries},
  volume = {24},
  year = {2011}
}

@inproceedings{xiong2011group,
  address = {Granada, Spain},
  author = {Xiong, Liang and Póczos, Barnabás and Schneider, Jeff},
  booktitle = {Advances in Neural Information Processing Systems 24 (NIPS)},
  editor = {J. Shawe-Taylor and R. Zemel and P. Bartlett and F. Pereira and K.Q. Weinberger},
  month = {December},
  note = {\url{https://proceedings.neurips.cc/paper_files/paper/2011/file/eaae339c4d89fc102edd9dbdb6a28915-Paper.pdf}},
  openalex = {W2118871014},
  publisher = {Curran Associates, Inc.},
  series = {Conference Track Proceedings},
  title = {Group Anomaly Detection using Flexible Genre Models},
  volume = {24},
  year = {2011}
}

@inproceedings{yamada2011relative,
  address = {Granada, Spain},
  author = {Yamada, Makoto and Suzuki, Taiji and Kanamori, Takafumi and Hachiya, Hirotaka and Sugiyama, Masashi},
  booktitle = {Advances in Neural Information Processing Systems 24 (NIPS)},
  editor = {J. Shawe-Taylor and R. Zemel and P. Bartlett and F. Pereira and K.Q. Weinberger},
  month = {December},
  note = {\url{https://proceedings.neurips.cc/paper_files/paper/2011/file/d1f255a373a3cef72e03aa9d980c7eca-Paper.pdf}},
  openalex = {W2101895600},
  publisher = {Curran Associates, Inc.},
  series = {Conference Track Proceedings},
  title = {Relative Density-Ratio Estimation for Robust Distribution Comparison},
  volume = {24},
  year = {2011}
}

@inproceedings{yan2011eigennet,
  address = {Granada, Spain},
  author = {Yan, Feng and Qi, Yuan},
  booktitle = {Advances in Neural Information Processing Systems 24 (NIPS)},
  editor = {J. Shawe-Taylor and R. Zemel and P. Bartlett and F. Pereira and K.Q. Weinberger},
  month = {December},
  note = {\url{https://proceedings.neurips.cc/paper_files/paper/2011/file/c5cc17e395d3049b03e0f1ccebb02b4d-Paper.pdf}},
  publisher = {Curran Associates, Inc.},
  series = {Conference Track Proceedings},
  title = {EigenNet: A Bayesian hybrid of generative and conditional models for sparse learning},
  volume = {24},
  year = {2011}
}

@inproceedings{yang2011active,
  address = {Granada, Spain},
  author = {Yang, Liu},
  booktitle = {Advances in Neural Information Processing Systems 24 (NIPS)},
  editor = {Shawe-Taylor, J. and Zemel, R. and Bartlett, P. and Pereira, F. and Weinberger, K.Q.},
  month = {December},
  note = {\url{https://proceedings.neurips.cc/paper_files/paper/2011/file/1e1d184167ca7676cf665225e236a3d2-Paper.pdf}},
  publisher = {Curran Associates, Inc.},
  series = {Conference Track Proceedings},
  title = {Active Learning with a Drifting Distribution},
  volume = {24},
  year = {2011}
}

@inproceedings{yang2011structure,
  address = {Granada, Spain},
  author = {Yang, Shulin and Rahimi, Ali},
  booktitle = {Advances in Neural Information Processing Systems 24 (NIPS)},
  editor = {Shawe-Taylor, J. and Zemel, R. and Bartlett, P. and Pereira, F. and Weinberger, K. Q.},
  month = {December},
  note = {\url{https://proceedings.neurips.cc/paper_files/paper/2011/file/291597a100aadd814d197af4f4bab3a7-Paper.pdf}},
  publisher = {Curran Associates, Inc.},
  series = {Conference Track Proceedings},
  title = {Structure Learning for Optimization},
  volume = {24},
  year = {2011}
}

@inproceedings{yao2011learning,
  address = {Granada, Spain},
  author = {Yao, Angela and Gall, Jüergen and Gool, Luc Van and Urtasun, Raquel},
  booktitle = {Advances in Neural Information Processing Systems 24 (NIPS)},
  editor = {J. Shawe-Taylor and R. Zemel and P. Bartlett and F. Pereira and K.Q. Weinberger},
  month = {December},
  note = {\url{https://proceedings.neurips.cc/paper_files/paper/2011/file/fc8001f834f6a5f0561080d134d53d29-Paper.pdf}},
  openalex = {W2110404686},
  publisher = {Curran Associates, Inc.},
  series = {Conference Track Proceedings},
  title = {Learning Probabilistic Non-Linear Latent Variable Models for Tracking Complex Activities},
  volume = {24},
  year = {2011}
}

@inproceedings{yilmaz2011generalised,
  address = {Granada, Spain},
  author = {Yılmaz, Kenan Y. and Cemgil, Ali Taylan and Şimşekli, Umut},
  booktitle = {Advances in Neural Information Processing Systems 24 (NIPS)},
  editor = {Shawe-Taylor, J. and Zemel, R. and Bartlett, P. and Pereira, F. and Weinberger, K.Q.},
  month = {December},
  note = {\url{https://proceedings.neurips.cc/paper_files/paper/2011/file/82c2559140b95ccda9c6ca4a8b981f1e-Paper.pdf}},
  openalex = {W2130295778},
  publisher = {Curran Associates, Inc.},
  series = {Conference Track Proceedings},
  title = {Generalised Coupled Tensor Factorisation},
  volume = {24},
  year = {2011}
}

@inproceedings{yu2011learning,
  address = {Granada, Spain},
  author = {Lin, Hsiu-Chin and Baracos, Vickie E. and Greiner, Russell and Yu, Chun-Nam},
  booktitle = {Advances in Neural Information Processing Systems 24 (NIPS)},
  editor = {Shawe-Taylor, J. and Zemel, R. and Bartlett, P. and Pereira, F. and Weinberger, K.Q.},
  month = {December},
  note = {\url{https://proceedings.neurips.cc/paper_files/paper/2011/file/1019c8091693ef5c5f55970346633f92-Paper.pdf}},
  openalex = {W2167205245},
  publisher = {Curran Associates, Inc.},
  series = {Conference Track Proceedings},
  title = {Learning Patient-Specific Cancer Survival Distributions as a Sequence of Dependent Regressors},
  volume = {24},
  year = {2011}
}

@inproceedings{yuan2011efficient,
  address = {Granada, Spain},
  author = {Yuan, Lei and Liu, Jun and Ye, Jieping},
  booktitle = {Advances in Neural Information Processing Systems 24 (NIPS)},
  editor = {Shawe-Taylor, J. and Zemel, R. and Bartlett, P. and Pereira, F. and Weinberger, K.Q.},
  month = {December},
  note = {\url{https://proceedings.neurips.cc/paper_files/paper/2011/file/03c6b06952c750899bb03d998e631860-Paper.pdf}},
  openalex = {W2167474603},
  publisher = {Curran Associates, Inc.},
  series = {Conference Track Proceedings},
  title = {Efficient Methods for Overlapping Group Lasso},
  volume = {24},
  year = {2011}
}

@inproceedings{yue2011linear,
  address = {Granada, Spain},
  author = {Yue, Yisong and Guestrin, Carlos},
  booktitle = {Advances in Neural Information Processing Systems 24 (NIPS)},
  editor = {Shawe-Taylor, J. and Zemel, R. and Bartlett, P. and Pereira, F. and Weinberger, K. Q.},
  month = {December},
  note = {\url{https://proceedings.neurips.cc/paper_files/paper/2011/file/33ebd5b07dc7e407752fe773eed20635-Paper.pdf}},
  openalex = {W2117353901},
  publisher = {Curran Associates, Inc.},
  series = {Conference Track Proceedings},
  title = {Linear Submodular Bandits and their Application to Diversified Retrieval},
  volume = {24},
  year = {2011}
}

@inproceedings{zeiler2011facial,
  address = {Granada, Spain},
  author = {Zeiler, Matthew D. and Taylor, Graham W. and Sigal, Leonid and Matthews, Iain and Fergus, Rob},
  booktitle = {Advances in Neural Information Processing Systems 24 (NIPS)},
  editor = {J. Shawe-Taylor and R. Zemel and P. Bartlett and F. Pereira and K.Q. Weinberger},
  month = {December},
  note = {\url{https://proceedings.neurips.cc/paper_files/paper/2011/file/d2ed45a52bc0edfa11c2064e9edee8bf-Paper.pdf}},
  openalex = {W2097006534},
  publisher = {Curran Associates, Inc.},
  series = {Conference Track Proceedings},
  title = {Facial Expression Transfer with Input-Output Temporal Restricted Boltzmann Machines},
  volume = {24},
  year = {2011}
}

@inproceedings{zhang2011hierarchical,
  address = {Granada, Spain},
  author = {Zhang, Xianxing and Carin, Lawrence and Dunson, David B.},
  booktitle = {Advances in Neural Information Processing Systems 24 (NIPS)},
  editor = {Shawe-Taylor, J. and Zemel, R. and Bartlett, P. and Pereira, F. and Weinberger, K.Q.},
  month = {December},
  note = {\url{https://proceedings.neurips.cc/paper_files/paper/2011/file/96b9bff013acedfb1d140579e2fbeb63-Paper.pdf}},
  openalex = {W2096011404},
  publisher = {Curran Associates, Inc.},
  series = {Conference Track Proceedings},
  title = {Hierarchical Topic Modeling for Analysis of Time-Evolving Personal Choices},
  volume = {24},
  year = {2011}
}

@inproceedings{zhang2011large,
  address = {Granada, Spain},
  author = {Zhang, Youwei and Ghaoui, Laurent},
  booktitle = {Advances in Neural Information Processing Systems 24 (NIPS)},
  editor = {Shawe-Taylor, J. and Zemel, R. and Bartlett, P. and Pereira, F. and Weinberger, K.Q.},
  month = {December},
  note = {\url{https://proceedings.neurips.cc/paper_files/paper/2011/file/142949df56ea8ae0be8b5306971900a4-Paper.pdf}},
  publisher = {Curran Associates, Inc.},
  series = {Conference Track Proceedings},
  title = {Large-Scale Sparse Principal Component Analysis with Application to Text Data},
  volume = {24},
  year = {2011}
}

@inproceedings{zhang2011learning,
  address = {Granada, Spain},
  author = {Zhang, Ziming and Ladicky, Lubor and Torr, Philip and Saffari, Amir},
  booktitle = {Advances in Neural Information Processing Systems 24 (NIPS)},
  editor = {Shawe-Taylor, J. and Zemel, R. and Bartlett, P. and Pereira, F. and Weinberger, K. Q.},
  month = {December},
  note = {\url{https://proceedings.neurips.cc/paper_files/paper/2011/file/23ce1851341ec1fa9e0c259de10bf87c-Paper.pdf}},
  publisher = {Curran Associates, Inc.},
  series = {Conference Track Proceedings},
  title = {Learning Anchor Planes for Classification},
  volume = {24},
  year = {2011}
}

@inproceedings{zhang2011multiple,
  address = {Granada, Spain},
  author = {Zhang, Dan and Liu, Yan and Si, Luo and Zhang, Jian and Lawrence, Richard D.},
  booktitle = {Advances in Neural Information Processing Systems 24 (NIPS)},
  editor = {J. Shawe-Taylor and R. Zemel and P. Bartlett and F. Pereira and K.Q. Weinberger},
  month = {December},
  note = {\url{https://proceedings.neurips.cc/paper_files/paper/2011/file/ec5decca5ed3d6b8079e2e7e7bacc9f2-Paper.pdf}},
  openalex = {W2110045159},
  publisher = {Curran Associates, Inc.},
  series = {Conference Track Proceedings},
  title = {Multiple Instance Learning on Structured Data},
  volume = {24},
  year = {2011}
}

@inproceedings{zhang2011penalty,
  address = {Granada, Spain},
  author = {Lu, Zhaosong and Zhang, Yong and Li, Xiaorui},
  booktitle = {Advances in Neural Information Processing Systems 24 (NIPS)},
  editor = {Shawe-Taylor, J. and Zemel, R. and Bartlett, P. and Pereira, F. and Weinberger, K.Q.},
  month = {December},
  note = {\url{https://proceedings.neurips.cc/paper_files/paper/2011/file/7f39f8317fbdb1988ef4c628eba02591-Paper.pdf}},
  openalex = {W2615711751},
  publisher = {Curran Associates, Inc.},
  series = {Conference Track Proceedings},
  title = {Penalty decomposition methods for rank minimization},
  volume = {24},
  year = {2011}
}

@inproceedings{zhang2011quasi,
  address = {Granada, Spain},
  author = {Zhang, Yichuan and Sutton, Charles},
  booktitle = {Advances in Neural Information Processing Systems 24 (NIPS)},
  editor = {J. Shawe-Taylor and R. Zemel and P. Bartlett and F. Pereira and K.Q. Weinberger},
  month = {December},
  note = {\url{https://proceedings.neurips.cc/paper_files/paper/2011/file/e702e51da2c0f5be4dd354bb3e295d37-Paper.pdf}},
  openalex = {W2124086369},
  publisher = {Curran Associates, Inc.},
  series = {Conference Track Proceedings},
  title = {Quasi-Newton Methods for Markov Chain Monte Carlo},
  volume = {24},
  year = {2011}
}

@inproceedings{zhao2011analysis,
  address = {Granada, Spain},
  author = {Zhao, Tingting and Hachiya, Hirotaka and Niu, Gang and Sugiyama, Masashi},
  booktitle = {Advances in Neural Information Processing Systems 24 (NIPS)},
  editor = {Shawe-Taylor, J. and Zemel, R. and Bartlett, P. and Pereira, F. and Weinberger, K.Q.},
  month = {December},
  note = {\url{https://proceedings.neurips.cc/paper_files/paper/2011/file/85d8ce590ad8981ca2c8286f79f59954-Paper.pdf}},
  openalex = {W2148053762},
  publisher = {Curran Associates, Inc.},
  series = {Conference Track Proceedings},
  title = {Analysis and improvement of policy gradient estimation},
  volume = {24},
  year = {2011}
}

@inproceedings{zhao2011image,
  address = {Granada, Spain},
  author = {Zhao, Yibiao and Zhu, Song‐Chun},
  booktitle = {Advances in Neural Information Processing Systems 24 (NIPS)},
  editor = {Shawe-Taylor, J. and Zemel, R. and Bartlett, P. and Pereira, F. and Weinberger, K. Q.},
  month = {December},
  note = {\url{https://proceedings.neurips.cc/paper_files/paper/2011/file/32bb90e8976aab5298d5da10fe66f21d-Paper.pdf}},
  openalex = {W2131564913},
  publisher = {Curran Associates, Inc.},
  series = {Conference Track Proceedings},
  title = {Image Parsing with Stochastic Scene Grammar},
  volume = {24},
  year = {2011}
}

@inproceedings{zhao2011large,
  address = {Granada, Spain},
  author = {Zhao, Bin and Li, Fei and Xing, Eric},
  booktitle = {Advances in Neural Information Processing Systems 24 (NIPS)},
  editor = {J. Shawe-Taylor and R. Zemel and P. Bartlett and F. Pereira and K.Q. Weinberger},
  month = {December},
  note = {\url{https://proceedings.neurips.cc/paper_files/paper/2011/file/d5cfead94f5350c12c322b5b664544c1-Paper.pdf}},
  publisher = {Curran Associates, Inc.},
  series = {Conference Track Proceedings},
  title = {Large-Scale Category Structure Aware Image Categorization},
  volume = {24},
  year = {2011}
}

@inproceedings{zhao2011multilinear,
  address = {Granada, Spain},
  author = {Zhao, Qibin and Caiafa, César F. and Mandic, Danilo P. and Zhang, Liqing and Ball, Tonio and Schulze‐Bonhage, Andreas and Cichocki, Andrzej},
  booktitle = {Advances in Neural Information Processing Systems 24 (NIPS)},
  editor = {Shawe-Taylor, J. and Zemel, R. and Bartlett, P. and Pereira, F. and Weinberger, K.Q.},
  month = {December},
  note = {\url{https://proceedings.neurips.cc/paper_files/paper/2011/file/1343777b8ead1cef5a79b78a1a48d805-Paper.pdf}},
  openalex = {W2169162463},
  publisher = {Curran Associates, Inc.},
  series = {Conference Track Proceedings},
  title = {Multilinear Subspace Regression: An Orthogonal Tensor Decomposition Approach},
  volume = {24},
  year = {2011}
}

@inproceedings{zhou2011clustered,
  address = {Granada, Spain},
  author = {Zhou, Jiayu and Chen, Jianhui and Ye, Jieping},
  booktitle = {Advances in Neural Information Processing Systems 24 (NIPS)},
  editor = {Shawe-Taylor, J. and Zemel, R. and Bartlett, P. and Pereira, F. and Weinberger, K.Q.},
  month = {December},
  note = {\url{https://proceedings.neurips.cc/paper_files/paper/2011/file/a516a87cfcaef229b342c437fe2b95f7-Paper.pdf}},
  openalex = {W2118099552},
  publisher = {Curran Associates, Inc.},
  series = {Conference Track Proceedings},
  title = {Clustered Multi-Task Learning Via Alternating Structure Optimization.},
  volume = {24},
  year = {2011}
}

@inproceedings{zhu2011infinite,
  address = {Granada, Spain},
  author = {Zhu, Jun and Chen, Ning and Xing, Eric},
  booktitle = {Advances in Neural Information Processing Systems 24 (NIPS)},
  editor = {Shawe-Taylor, J. and Zemel, R. and Bartlett, P. and Pereira, F. and Weinberger, K.Q.},
  month = {December},
  note = {\url{https://proceedings.neurips.cc/paper_files/paper/2011/file/9f53d83ec0691550f7d2507d57f4f5a2-Paper.pdf}},
  publisher = {Curran Associates, Inc.},
  series = {Conference Track Proceedings},
  title = {Infinite Latent SVM for Classification and Multi-task Learning},
  volume = {24},
  year = {2011}
}
