@inproceedings{akhound2024iterated,
 address = {Vienna, Austria},
 author = {Akhound-Sadegh, Tara and Rector-Brooks, Jarrid and Bose, Avishek Joey and Mittal, Sarthak and Lemos, Pablo and Liu, Cheng-Hao and Sendera, Marcin and Ravanbakhsh, Siamak and Gidel, Gauthier and Bengio, Yoshua and Malkin, Nikolay},
 booktitle = {Forty-first International Conference on Machine Learning (ICML)},
 month = {July},
 note = {\url{https://openreview.net/forum?id=gVjMwLDFoQ}},
 publisher = {OpenReview.net},
 title = {Iterated Denoising Energy Matching for Sampling from Boltzmann Densities},
 year = {2024}
}

@article{aoyagi2010stochastic,
 author = {Aoyagi, Miki},
 journal = {Journal of Machine Learning Research},
 note = {\url{http://jmlr.org/papers/v11/aoyagi10a.html}},
 number = {41},
 pages = {1243--1272},
 title = {Stochastic Complexity and Generalization Error of a Restricted Boltzmann Machine in Bayesian Estimation},
 volume = {11},
 year = {2010}
}

@article{blanca2021hardness,
 author = {Blanca, Antonio and Chen, Zongchen and Štefankovič, Daniel and Vigoda, Eric},
 journal = {Journal of Machine Learning Research},
 note = {\url{http://jmlr.org/papers/v22/20-1162.html}},
 number = {152},
 pages = {1--56},
 title = {Hardness of Identity Testing for Restricted Boltzmann Machines and Potts models},
 volume = {22},
 year = {2021}
}

@inproceedings{bresler2020learning,
 address = {Virtual Event},
 author = {Bresler, Guy and Buhai, Rares-Darius},
 booktitle = {Advances in Neural Information Processing Systems 33 (NeurIPS)},
 editor = {H. Larochelle and M. Ranzato and R. Hadsell and M.F. Balcan and H. Lin},
 month = {December},
 note = {\url{https://proceedings.neurips.cc/paper_files/paper/2020/file/4e668929edb3bf915e1a3a9d96c3c97e-Paper.pdf}},
 pages = {7020--7030},
 publisher = {Curran Associates, Inc.},
 series = {Conference Track Proceedings},
 title = {Learning Restricted Boltzmann Machines with Sparse Latent Variables},
 volume = {33},
 year = {2020}
}

@inproceedings{cesabianchi2017boltzmann,
 address = {Long Beach, California, USA},
 author = {Cesa-Bianchi, Nicolò and Gentile, Claudio and Lugosi, Gabor and Neu, Gergely},
 booktitle = {Advances in Neural Information Processing Systems 30 (NeurIPS)},
 editor = {Guyon, I. and Luxburg, U. Von and Bengio, S. and Wallach, H. and Fergus, R. and Vishwanathan, S. and Garnett, R.},
 month = {December},
 note = {\url{https://proceedings.neurips.cc/paper_files/paper/2017/file/b299ad862b6f12cb57679f0538eca514-Paper.pdf}},
 publisher = {Curran Associates, Inc.},
 series = {Conference Track Proceedings},
 title = {Boltzmann Exploration Done Right},
 volume = {30},
 year = {2017}
}

@inproceedings{chen2015restricted,
 address = {San Diego, California, USA},
 author = {Chen, Gang and Srihari, Sargur N.},
 booktitle = {3rd International Conference on Learning Representations (ICLR)},
 month = {May},
 note = {\url{http://arxiv.org/abs/1406.3407}},
 series = {Workshop Track Proceedings},
 title = {Restricted Boltzmann Machine for Classification with Hierarchical Correlated Prior},
 year = {2015}
}

@inproceedings{cho2011enhanced,
 address = {Bellevue, Washington, USA},
 author = {Cho, KyungHyun and Raiko, Tapani and Alex, and Ilin, er},
 booktitle = {Proceedings of the 28th International Conference on Machine Learning (ICML)},
 editor = {Getoor, Lise and Scheffer, Tobias},
 month = {June},
 note = {\url{https://icml.cc/2011/papers/98_icmlpaper.pdf}},
 pages = {105--112},
 publisher = {Omnipress},
 title = {Enhanced Gradient and Adaptive Learning Rate for Training Restricted Boltzmann Machines},
 year = {2011}
}

@inproceedings{cho2013boltzmann,
 address = {Scottsdale, Arizona, USA},
 author = {Cho, Kyunghyun},
 booktitle = {1st International Conference on Learning Representations (ICLR)},
 editor = {Bengio, Yoshua and LeCun, Yann},
 month = {May},
 note = {\url{http://arxiv.org/abs/1301.3468}},
 series = {Workshop Track Proceedings},
 title = {Boltzmann Machines and Denoising Autoencoders for Image Denoising},
 year = {2013}
}

@inproceedings{crair1989non,
 address = {Denver, Colorado, USA},
 author = {Crair, Michael and Bialek, William},
 booktitle = {Advances in Neural Information Processing Systems 2 (NIPS)},
 editor = {Touretzky, D.},
 month = {November},
 note = {\url{https://proceedings.neurips.cc/paper_files/paper/1989/file/db8e1af0cb3aca1ae2d0018624204529-Paper.pdf}},
 publisher = {Morgan-Kaufmann},
 series = {Conference Track Proceedings},
 title = {Non-Boltzmann Dynamics in Networks of Spiking Neurons},
 volume = {2},
 year = {1989}
}

@inproceedings{dahl2010phone,
 address = {Vancouver, British Columbia, Canada},
 author = {Dahl, George and Ranzato, Marc' aurelio and Mohamed, Abdel-rahman and Hinton, Geoffrey E},
 booktitle = {Advances in Neural Information Processing Systems 23 (NIPS)},
 editor = {Lafferty, J. and Williams, C. and Shawe-Taylor, J. and Zemel, R. and Culotta, A.},
 month = {December},
 note = {\url{https://proceedings.neurips.cc/paper_files/paper/2010/file/b73ce398c39f506af761d2277d853a92-Paper.pdf}},
 publisher = {Curran Associates, Inc.},
 series = {Conference Track Proceedings},
 title = {Phone Recognition with the Mean-Covariance Restricted Boltzmann Machine},
 volume = {23},
 year = {2010}
}

@inproceedings{dahl2012training,
 address = {Edinburgh, Scotland, UK},
 author = {Dahl, George E. and Adams, Ryan Prescott and Larochelle, Hugo},
 booktitle = {Proceedings of the 29th International Conference on Machine Learning (ICML)},
 month = {June},
 note = {\url{http://icml.cc/2012/papers/364.pdf}},
 publisher = {Omnipress},
 title = {Training Restricted Boltzmann Machines on Word Observations},
 year = {2012}
}

@inproceedings{decelle2021equilibrium,
 address = {Virtual Event},
 author = {Decelle, Aurélien and Furtlehner, Cyril and Seoane, Beatriz},
 booktitle = {Advances in Neural Information Processing Systems 34 (NeurIPS)},
 editor = {Ranzato, M. and Beygelzimer, A. and Dauphin, Y. and Liang, P.S. and Wortman Vaughan, J.},
 month = {December},
 note = {\url{https://proceedings.neurips.cc/paper_files/paper/2021/file/2aedcba61ca55ceb62d785c6b7f10a83-Paper.pdf}},
 pages = {5345--5359},
 publisher = {Curran Associates, Inc.},
 series = {Conference Track Proceedings},
 title = {Equilibrium and non-Equilibrium regimes in the learning of Restricted Boltzmann Machines},
 volume = {34},
 year = {2021}
}

@inproceedings{derthick1987ensemble,
 address = {Denver, Colorado, USA},
 author = {Derthick, Mark and Tebelskis, Joe},
 booktitle = {Neural Information Processing Systems (NIPS)},
 editor = {D. Anderson},
 month = {November},
 note = {\url{https://proceedings.neurips.cc/paper_files/paper/1987/file/32bb90e8976aab5298d5da10fe66f21d-Paper.pdf}},
 publisher = {American Institute of Physics},
 series = {Conference Track Proceedings},
 title = {Ensemble Boltzmann Units have Collective Computational Properties like those of Hopfield and Tank Neurons},
 year = {1987}
}

@inproceedings{desjardins2013metricfree,
 address = {Scottsdale, Arizona, USA},
 author = {Desjardins, Guillaume and Pascanu, Razvan and Courville, Aaron C. and Bengio, Yoshua},
 booktitle = {1st International Conference on Learning Representations (ICLR)},
 editor = {Bengio, Yoshua and LeCun, Yann},
 month = {May},
 note = {\url{http://arxiv.org/abs/1301.3545}},
 series = {Conference Track Proceedings},
 title = {Metric-Free Natural Gradient for Joint-Training of Boltzmann Machines},
 year = {2013}
}

@inproceedings{downs1999nonnegative,
 address = {Denver, Colorado, USA},
 author = {Downs, Oliver and MacKay, David and Lee, Daniel},
 booktitle = {Advances in Neural Information Processing Systems 12 (NIPS)},
 editor = {S. Solla and T. Leen and K. Müller},
 key = {downs1999nonnegative},
 month = {November},
 note = {\url{https://proceedings.neurips.cc/paper_files/paper/1999/file/955a1584af63a546588caae4d23840b3-Paper.pdf}},
 publisher = {MIT Press},
 series = {Conference Track Proceedings},
 title = {The Nonnegative Boltzmann Machine},
 volume = {12},
 year = {1999}
}

@inproceedings{fern2024accelerated,
 address = {Vienna, Austria},
 author = {Fern, Jorge and Ez-de-Cossío-Diaz, Clément and Roussel, Clément and Cocco, Simona and Monasson, Rémi},
 booktitle = {12th International Conference on Learning Representations (ICLR)},
 month = {May},
 note = {\url{https://openreview.net/forum?id=kXNJ48Hvw1}},
 publisher = {OpenReview.net},
 series = {Conference Track Proceedings},
 title = {Accelerated Sampling with Stacked Restricted Boltzmann Machines},
 year = {2024}
}

@inproceedings{gabrie2015training,
 address = {Montreal, Quebec, Canada},
 author = {Gabrie, Marylou and Tramel, Eric W. and Krzakala, Florent},
 booktitle = {Advances in Neural Information Processing Systems 28 (NIPS)},
 editor = {C. Cortes and N. Lawrence and D. Lee and M. Sugiyama and R. Garnett},
 month = {December},
 note = {\url{https://proceedings.neurips.cc/paper_files/paper/2015/file/13f3cf8c531952d72e5847c4183e6910-Paper.pdf}},
 publisher = {Curran Associates, Inc.},
 series = {Conference Track Proceedings},
 title = {Training Restricted Boltzmann Machine via the Thouless-Anderson-Palmer free energy},
 volume = {28},
 year = {2015}
}

@inproceedings{gardella2017restricted,
 address = {Toulon, France},
 author = {Gardella, Christophe and Marre, Olivier and Mora, Thierry},
 booktitle = {5th International Conference on Learning Representations (ICLR)},
 month = {April},
 note = {\url{https://openreview.net/forum?id=Sk1OOnNFx}},
 publisher = {OpenReview.net},
 series = {Workshop Track Proceedings},
 title = {Restricted Boltzmann Machines Provide an Accurate Metric for Retinal Responses to Visual Stimuli},
 year = {2017}
}

@inproceedings{georgiev2013noniid,
 address = {Atlanta, Georgia, USA},
 author = {Georgiev, Kostadin and Nakov, Preslav},
 booktitle = {Proceedings of the 30th International Conference on Machine Learning (ICML)},
 month = {June},
 note = {\url{http://proceedings.mlr.press/v28/georgiev13.html}},
 pages = {1148--1156},
 publisher = {JMLR.org},
 series = {Workshop and Conference Proceedings},
 title = {A non-IID Framework for Collaborative Filtering with Restricted Boltzmann Machines},
 volume = {28},
 year = {2013}
}

@inproceedings{goel2020from,
 address = {Virtual Event},
 author = {Goel, Surbhi and Klivans, Adam and Koehler, Frederic},
 booktitle = {Advances in Neural Information Processing Systems 33 (NeurIPS)},
 editor = {H. Larochelle and M. Ranzato and R. Hadsell and M.F. Balcan and H. Lin},
 month = {December},
 note = {\url{https://proceedings.neurips.cc/paper_files/paper/2020/file/464074179972cbbd75a39abc6954cd12-Paper.pdf}},
 pages = {6354--6365},
 publisher = {Curran Associates, Inc.},
 series = {Conference Track Proceedings},
 title = {From Boltzmann Machines to Neural Networks and Back Again},
 volume = {33},
 year = {2020}
}

@inproceedings{goodfellow2013joint,
 address = {Scottsdale, Arizona, USA},
 author = {Goodfellow, Ian J. and Courville, Aaron C. and Bengio, Yoshua},
 booktitle = {1st International Conference on Learning Representations (ICLR)},
 editor = {Bengio, Yoshua and LeCun, Yann},
 month = {May},
 note = {\url{http://arxiv.org/abs/1301.3568}},
 series = {Workshop Track Proceedings},
 title = {Joint Training Deep Boltzmann Machines for Classification},
 year = {2013}
}

@inproceedings{goodfellow2013multi,
 address = {Lake Tahoe, Nevada, USA},
 author = {Goodfellow, Ian and Mirza, Mehdi and Courville, Aaron and Bengio, Yoshua},
 booktitle = {Advances in Neural Information Processing Systems 26 (NIPS)},
 editor = {Burges, C.J. and Bottou, L. and Welling, M. and Ghahramani, Z. and Weinberger, K.Q.},
 month = {December},
 note = {\url{https://proceedings.neurips.cc/paper_files/paper/2013/file/0bb4aec1710521c12ee76289d9440817-Paper.pdf}},
 publisher = {Curran Associates, Inc.},
 series = {Conference Track Proceedings},
 title = {Multi-Prediction Deep Boltzmann Machines},
 volume = {26},
 year = {2013}
}

@inproceedings{gupta1990method,
 address = {Denver, Colorado, USA},
 author = {Gupta, Ajay and Maass, Wolfgang},
 booktitle = {Advances in Neural Information Processing Systems 3 (NIPS)},
 editor = {Lippmann, R.P. and Moody, J. and Touretzky, D.},
 month = {November},
 note = {\url{https://proceedings.neurips.cc/paper_files/paper/1990/file/d1f255a373a3cef72e03aa9d980c7eca-Paper.pdf}},
 publisher = {Morgan-Kaufmann},
 series = {Conference Track Proceedings},
 title = {A Method for the Efficient Design of Boltzmann Machines for Classification Problems},
 volume = {3},
 year = {1990}
}

@inproceedings{hinton1999spiking,
 address = {Denver, Colorado, USA},
 author = {Hinton, Geoffrey E and Brown, Andrew},
 booktitle = {Advances in Neural Information Processing Systems 12 (NIPS)},
 editor = {S. Solla and T. Leen and K. Müller},
 month = {November},
 note = {\url{https://proceedings.neurips.cc/paper_files/paper/1999/file/62889e73828c756c961c5a6d6c01a463-Paper.pdf}},
 publisher = {MIT Press},
 series = {Conference Track Proceedings},
 title = {Spiking Boltzmann Machines},
 volume = {12},
 year = {1999}
}

@inproceedings{hinton2012better,
 address = {Lake Tahoe, Nevada, USA},
 author = {Hinton, Geoffrey E and Salakhutdinov, Russ R.},
 booktitle = {Advances in Neural Information Processing Systems 25 (NIPS)},
 editor = {Pereira, F. and Burges, C.J. and Bottou, L. and Weinberger, K.Q.},
 month = {December},
 note = {\url{https://proceedings.neurips.cc/paper_files/paper/2012/file/7d771e0e8f3633ab54856925ecdefc5d-Paper.pdf}},
 publisher = {Curran Associates, Inc.},
 series = {Conference Track Proceedings},
 title = {A Better Way to Pretrain Deep Boltzmann Machines},
 volume = {25},
 year = {2012}
}

@inproceedings{kam1988convergence,
 address = {Denver, Colorado, USA},
 author = {Kam, Moshe and Cheng, Roger},
 booktitle = {Advances in Neural Information Processing Systems 1 (NIPS)},
 editor = {D. Touretzky},
 month = {November},
 note = {\url{https://proceedings.neurips.cc/paper_files/paper/1988/file/c45147dee729311ef5b5c3003946c48f-Paper.pdf}},
 publisher = {Morgan-Kaufmann},
 series = {Conference Track Proceedings},
 title = {Convergence and Pattern-Stabilization in the Boltzmann Machine},
 volume = {1},
 year = {1988}
}

@inproceedings{kappen1997boltzmann,
 address = {Denver, Colorado, USA},
 author = {Kappen, Hilbert and de Borja Rodríguez Ortiz, Francisco},
 booktitle = {Advances in Neural Information Processing Systems 10 (NIPS)},
 editor = {M. Jordan and M. Kearns and S. Solla},
 month = {December},
 note = {\url{https://proceedings.neurips.cc/paper_files/paper/1997/file/0e4e946668cf2afc4299b462b812caca-Paper.pdf}},
 publisher = {MIT Press},
 series = {Conference Track Proceedings},
 title = {Boltzmann Machine Learning Using Mean Field Theory and Linear Response Correction},
 volume = {10},
 year = {1997}
}

@inproceedings{khoshaman2018gumbolt,
 address = {Montreal, Quebec, Canada},
 author = {Khoshaman, Amir H and Amin, Mohammad},
 booktitle = {Advances in Neural Information Processing Systems 31 (NeurIPS)},
 editor = {Bengio, S. and Wallach, H. and Larochelle, H. and Grauman, K. and Cesa-Bianchi, N. and Garnett, R.},
 month = {December},
 note = {\url{https://proceedings.neurips.cc/paper_files/paper/2018/file/a00e5eb0973d24649a4a920fc53d9564-Paper.pdf}},
 publisher = {Curran Associates, Inc.},
 series = {Conference Track Proceedings},
 title = {GumBolt: Extending Gumbel Trick to Boltzmann Priors},
 volume = {31},
 year = {2018}
}

@inproceedings{laidlaw2022boltzmann,
 address = {Virtual Event},
 author = {Laidlaw, Cassidy and Dragan, Anca D.},
 booktitle = {10th International Conference on Learning Representations (ICLR)},
 month = {April},
 note = {\url{https://openreview.net/forum?id=_l_QjPGN5ye}},
 publisher = {OpenReview.net},
 series = {Conference Track Proceedings},
 title = {The Boltzmann Policy Distribution: Accounting for Systematic Suboptimality in Human Models},
 year = {2022}
}

@inproceedings{larochelle2008classification,
 address = {Helsinki, Finland},
 author = {Larochelle, Hugo and Bengio, Yoshua},
 booktitle = {Machine Learning: Proceedings of the Twenty-Fifth International Conference (ICML)},
 doi = {10.1145/1390156.1390224},
 editor = {Cohen, William W. and McCallum, Andrew and Roweis, Sam T.},
 month = {June},
 note = {\url{https://doi.org/10.1145/1390156.1390224}},
 pages = {536--543},
 publisher = {ACM},
 series = {ACM International Conference Proceeding Series},
 title = {Classification using discriminative restricted Boltzmann machines},
 volume = {307},
 year = {2008}
}

@inproceedings{larochelle2010learning,
 address = {Vancouver, British Columbia, Canada},
 author = {Larochelle, Hugo and Hinton, Geoffrey E.},
 booktitle = {Advances in Neural Information Processing Systems 23 (NIPS)},
 editor = {Lafferty, J. and Williams, C. and Shawe-Taylor, J. and Zemel, R. and Culotta, A.},
 month = {December},
 note = {\url{https://proceedings.neurips.cc/paper_files/paper/2010/file/677e09724f0e2df9b6c000b75b5da10d-Paper.pdf}},
 publisher = {Curran Associates, Inc.},
 series = {Conference Track Proceedings},
 title = {Learning to combine foveal glimpses with a third-order Boltzmann machine},
 volume = {23},
 year = {2010}
}

@article{larochelle2012learning,
 author = {Larochelle, Hugo and Mandel, Michael and Pascanu, Razvan and Bengio, Yoshua},
 journal = {Journal of Machine Learning Research},
 note = {\url{http://jmlr.org/papers/v13/larochelle12a.html}},
 number = {22},
 pages = {643--669},
 title = {Learning algorithms for the classification restricted Boltzmann machine},
 volume = {13},
 year = {2012}
}

@inproceedings{lee2015boosted,
 address = {Lille, France},
 author = {Lee, Taehoon and Yoon, Sungroh},
 booktitle = {Proceedings of the 32nd International Conference on Machine Learning (ICML)},
 editor = {Bach, Francis R. and Blei, David M.},
 month = {July},
 note = {\url{http://proceedings.mlr.press/v37/leeb15.html}},
 pages = {2483--2492},
 publisher = {Journal of Machine Learning Research (JMLR)},
 series = {Workshop and Conference Proceedings},
 title = {Boosted Categorical Restricted Boltzmann Machine for Computational Prediction of Splice Junctions},
 year = {2015}
}

@inproceedings{long2010restricted,
 address = {Haifa, Israel},
 author = {Long, Philip M. and Servedio, Rocco A.},
 booktitle = {Proceedings of the 27th International Conference on Machine Learning (ICML)},
 editor = {Fü rnkranz, Johannes and Joachims, Thorsten},
 month = {June},
 note = {\url{\url{https://icml.cc/Conferences/2010/papers/115.pdf}}},
 pages = {703--710},
 publisher = {Omnipress},
 title = {Restricted Boltzmann Machines are Hard to Approximately Evaluate or Simulate},
 year = {2010}
}

@inproceedings{martens2013on,
 address = {Lake Tahoe, Nevada, USA},
 author = {Martens, James and Chattopadhya, Arkadev and Pitassi, Toni and Zemel, Richard},
 booktitle = {Advances in Neural Information Processing Systems 26 (NIPS)},
 editor = {Burges, C.J. and Bottou, L. and Welling, M. and Ghahramani, Z. and Weinberger, K.Q.},
 month = {December},
 note = {\url{https://proceedings.neurips.cc/paper_files/paper/2013/file/7bb060764a818184ebb1cc0d43d382aa-Paper.pdf}},
 publisher = {Curran Associates, Inc.},
 series = {Conference Track Proceedings},
 title = {On the Representational Efficiency of Restricted Boltzmann Machines},
 volume = {26},
 year = {2013}
}

@article{melchior2016how,
 author = {Melchior, Jan and Fischer, Asja and Wiskott, Laurenz},
 journal = {Journal of Machine Learning Research},
 note = {\url{http://jmlr.org/papers/v17/14-237.html}},
 number = {99},
 pages = {1--61},
 title = {How to center deep Boltzmann machines},
 volume = {17},
 year = {2016}
}

@inproceedings{mittelman2014structured,
 address = {Beijing, China},
 author = {Mittelman, Roni and Kuipers, Benjamin and Savarese, Silvio and Lee, Honglak},
 booktitle = {Proceedings of the 31st International Conference on Machine Learning (ICML)},
 month = {June},
 note = {\url{http://proceedings.mlr.press/v32/mittelman14.html}},
 pages = {1647--1655},
 publisher = {JMLR.org},
 series = {JMLR Workshop and Conference Proceedings},
 title = {Structured Recurrent Temporal Restricted Boltzmann Machines},
 volume = {32},
 year = {2014}
}

@inproceedings{montavon2016wasserstein,
 address = {Barcelona, Spain},
 author = {Montavon, Grégoire and Müller, Klaus-Robert and Cuturi, Marco},
 booktitle = {Advances in Neural Information Processing Systems 29 (NeurIPS)},
 editor = {D. Lee and M. Sugiyama and U. Luxburg and I. Guyon and R. Garnett},
 month = {December},
 note = {\url{https://proceedings.neurips.cc/paper_files/paper/2016/file/728f206c2a01bf572b5940d7d9a8fa4c-Paper.pdf}},
 publisher = {Curran Associates, Inc.},
 series = {Conference Track Proceedings},
 title = {Wasserstein Training of Restricted Boltzmann Machines},
 volume = {29},
 year = {2016}
}

@inproceedings{montufar2011expressive,
 address = {Granada, Spain},
 author = {Montufar, Guido F. and Rauh, Johannes and Ay, Nihat},
 booktitle = {Advances in Neural Information Processing Systems 24 (NIPS)},
 editor = {Shawe-Taylor, J. and Zemel, R. and Bartlett, P. and Pereira, F. and Weinberger, K.Q.},
 month = {December},
 note = {\url{https://proceedings.neurips.cc/paper_files/paper/2011/file/8e98d81f8217304975ccb23337bb5761-Paper.pdf}},
 publisher = {Curran Associates, Inc.},
 series = {Conference Track Proceedings},
 title = {Expressive Power and Approximation Errors of Restricted Boltzmann Machines},
 volume = {24},
 year = {2011}
}

@inproceedings{montufar2013discrete,
 address = {Scottsdale, Arizona, USA},
 author = {Montúfar, Guido and Morton, Jason},
 booktitle = {1st International Conference on Learning Representations (ICLR)},
 editor = {Bengio, Yoshua and LeCun, Yann},
 month = {May},
 note = {\url{http://arxiv.org/abs/1301.3529}},
 series = {Conference Track Proceedings},
 title = {Discrete Restricted Boltzmann Machines},
 year = {2013}
}

@inproceedings{montufar2013discrete,
 address = {Scottsdale, Arizona, USA},
 author = {Montúfar, Guido and Morton, Jason},
 booktitle = {1st International Conference on Learning Representations (ICLR)},
 editor = {Bengio, Yoshua and LeCun, Yann},
 month = {May},
 note = {\url{http://arxiv.org/abs/1301.3529}},
 series = {Conference Track Proceedings},
 title = {Discrete Restricted Boltzmann Machines},
 year = {2013}
}

@inproceedings{montufar2015deep,
 address = {San Diego, California, USA},
 author = {Montúfar, Guido},
 booktitle = {3rd International Conference on Learning Representations (ICLR)},
 editor = {Bengio, Yoshua and LeCun, Yann},
 month = {May},
 note = {\url{http://arxiv.org/abs/1411.3784}},
 series = {Conference Track Proceedings},
 title = {Deep Narrow Boltzmann Machines are Universal Approximators},
 year = {2015}
}

@article{montufar2015geometry,
 author = {Montúfar, Guido and Ay, Nihat and Ghazi-Zahedi, Keyan},
 journal = {Journal of Machine Learning Research},
 note = {\url{http://jmlr.org/papers/v16/montufar15b.html}},
 number = {73},
 pages = {2405--2436},
 title = {Geometry and expressive power of conditional restricted Boltzmann machines},
 volume = {16},
 year = {2015}
}

@inproceedings{murray1993digital,
 address = {Denver, Colorado, USA},
 author = {Murray, Michael and Leung, Ming-Tak and Boonyanit, Kan and Kritayakirana, Kong and Burg, James and Wolff, Gregory and Watanabe, Tokahiro and Schwartz, Edward and Stork, David and Peterson, Allen M.},
 booktitle = {Advances in Neural Information Processing Systems 6 (NIPS)},
 editor = {Cowan, J. and Tesauro, G. and Alspector, J.},
 month = {November},
 note = {\url{https://proceedings.neurips.cc/paper_files/paper/1993/file/1fc214004c9481e4c8073e85323bfd4b-Paper.pdf}},
 publisher = {Morgan-Kaufmann},
 series = {Conference Track Proceedings},
 title = {Digital Boltzmann VLSI for constraint satisfaction and learning},
 volume = {6},
 year = {1993}
}

@inproceedings{nair2008implicit,
 address = {Vancouver, British Columbia, Canada},
 author = {Nair, Vinod and Hinton, Geoffrey E.},
 booktitle = {Advances in Neural Information Processing Systems 21 (NIPS)},
 editor = {Koller, Daphne and Schuurmans, Dale and Bengio, Yoshua and Bottou, Léon},
 month = {December},
 note = {\url{https://proceedings.neurips.cc/paper_files/paper/2008/file/e820a45f1dfc7b95282d10b6087e11c0-Paper.pdf}},
 publisher = {Curran Associates, Inc.},
 series = {Conference Track Proceedings},
 title = {Implicit Mixtures of Restricted Boltzmann Machines},
 volume = {21},
 year = {2008}
}

@inproceedings{nair2010rectified,
 address = {Haifa, Israel},
 author = {Nair, Vinod and Hinton, Geoffrey E.},
 booktitle = {Proceedings of the 27th International Conference on Machine Learning (ICML)},
 editor = {Furnkranz, Johannes and Joachims, Thorsten},
 month = {June},
 note = {\url{https://icml.cc/Conferences/2010/papers/432.pdf}},
 pages = {807--814},
 publisher = {Omnipress},
 title = {Rectified Linear Units Improve Restricted Boltzmann Machines},
 year = {2010}
}

@inproceedings{ng2024measuring,
 address = {Vienna, Austria},
 author = {Ng, Nathan H. and Grosse, Roger Baker and Ghassemi, Marzyeh},
 booktitle = {Forty-first International Conference on Machine Learning (ICML)},
 month = {July},
 note = {\url{https://openreview.net/forum?id=JNN6QHhLHB}},
 publisher = {OpenReview.net},
 title = {Measuring Stochastic Data Complexity with Boltzmann Influence Functions},
 year = {2024}
}

@article{odense2016universal,
 author = {Odense, Simon and Edwards, Roderick},
 journal = {Journal of Machine Learning Research},
 note = {\url{http://jmlr.org/papers/v17/15-478.html}},
 number = {158},
 pages = {1--21},
 title = {Universal approximation results for the temporal restricted Boltzmann machine and the recurrent temporal restricted Boltzmann machine},
 volume = {17},
 year = {2016}
}

@inproceedings{osogami2014restricted,
 address = {Montreal, Quebec, Canada},
 author = {Osogami, Takayuki and Otsuka, Makoto},
 booktitle = {Advances in Neural Information Processing Systems 27 (NIPS)},
 editor = {Ghahramani, Z. and Welling, M. and Cortes, C. and Lawrence, N. and Weinberger, K.Q.},
 month = {December},
 note = {\url{https://proceedings.neurips.cc/paper_files/paper/2014/file/3295c76acbf4caaed33c36b1b5fc2cb1-Paper.pdf}},
 publisher = {Curran Associates, Inc.},
 series = {Conference Track Proceedings},
 title = {Restricted Boltzmann machines modeling human choice},
 volume = {27},
 year = {2014}
}

@inproceedings{painter2023monte,
 address = {New Orleans, Louisiana, USA},
 author = {Painter, Michael and Baioumy, Mohamed and Hawes, Nick and Lacerda, Bruno},
 booktitle = {Advances in Neural Information Processing Systems 36 (NeurIPS)},
 editor = {Oh, A. and Naumann, T. and Globerson, A. and Saenko, K. and Hardt, M. and Levine, S.},
 month = {December},
 note = {\url{https://proceedings.neurips.cc/paper_files/paper/2023/file/f670ef96387d9a5a8a51e2ed80cb148d-Paper-Conference.pdf}},
 pages = {78181--78192},
 publisher = {Curran Associates, Inc.},
 series = {Conference Track Proceedings},
 title = {Monte Carlo Tree Search with Boltzmann Exploration},
 volume = {36},
 year = {2023}
}

@inproceedings{salakhutdinov2007restricted,
 address = {Corvallis, Oregon, USA},
 author = {Salakhutdinov, Ruslan and Mnih, Andriy and Hinton, Geoffrey E.},
 booktitle = {Machine Learning: Proceedings of the Twenty-Fourth International Conference (ICML)},
 doi = {10.1145/1273496.1273596},
 editor = {Ghahramani, Zoubin},
 month = {June},
 note = {\url{\url{https://doi.org/10.1145/1273496.1273596}}},
 pages = {791--798},
 publisher = {ACM},
 series = {ACM International Conference Proceeding Series},
 title = {Restricted Boltzmann machines for collaborative filtering},
 volume = {227},
 year = {2007}
}

@inproceedings{salakhutdinov2010learning,
 address = {Haifa, Israel},
 author = {Salakhutdinov, Ruslan},
 booktitle = {Proceedings of the 27th International Conference on Machine Learning (ICML)},
 editor = {Furnkranz, Johannes and Joachims, Thorsten},
 month = {June},
 note = {\url{https://icml.cc/Conferences/2010/papers/441.pdf}},
 pages = {943--950},
 publisher = {Omnipress},
 title = {Learning Deep Boltzmann Machines using Adaptive MCMC},
 year = {2010}
}

@inproceedings{saul1994boltzmann,
 address = {Denver, Colorado, USA},
 author = {Saul, Lawrence and Jordan, Michael},
 booktitle = {Advances in Neural Information Processing Systems 7 (NIPS)},
 editor = {G. Tesauro and D. Touretzky and T. Leen},
 month = {December},
 note = {\url{https://proceedings.neurips.cc/paper_files/paper/1994/file/4e0cb6fb5fb446d1c92ede2ed8780188-Paper.pdf}},
 publisher = {MIT Press},
 series = {Conference Track Proceedings},
 title = {Boltzmann Chains and Hidden Markov Models},
 volume = {7},
 year = {1994}
}

@inproceedings{schotthofer2022structure,
 address = {Baltimore, Maryland, USA},
 author = {Schotthöfer, Steffen and Xiao, Tianbai and Frank, Martin and Hauck, Cory D.},
 booktitle = {International Conference on Machine Learning (ICML)},
 editor = {Chaudhuri, Kamalika and Jegelka, Stefanie and Song, Le and Szepesvári, Csaba and Niu, Gang and Sabato, Sivan},
 month = {July},
 note = {\url{https://proceedings.mlr.press/v162/schotthofer22a.html}},
 pages = {19406--19433},
 publisher = {PMLR},
 series = {Proceedings of Machine Learning Research},
 title = {Structure Preserving Neural Networks: A Case Study in the Entropy Closure of the Boltzmann Equation},
 year = {2022}
}

@inproceedings{series2010hallucinations,
 address = {Vancouver, British Columbia, Canada},
 author = {Series, Peggy and Reichert, David and Storkey, Amos J.},
 booktitle = {Advances in Neural Information Processing Systems 23 (NIPS)},
 editor = {Lafferty, J. and Williams, C. and Shawe-Taylor, J. and Zemel, R. and Culotta, A.},
 month = {December},
 note = {\url{https://proceedings.neurips.cc/paper_files/paper/2010/file/d2ed45a52bc0edfa11c2064e9edee8bf-Paper.pdf}},
 publisher = {Curran Associates, Inc.},
 series = {Conference Track Proceedings},
 title = {Hallucinations in Charles Bonnet Syndrome Induced by Homeostasis: A Deep Boltzmann Machine Model},
 volume = {23},
 year = {2010}
}

@inproceedings{shao2013linear,
 address = {Scottsdale, Arizona, USA},
 author = {Shao, Louis Yuanlong},
 booktitle = {1st International Conference on Learning Representations (ICLR)},
 editor = {Bengio, Yoshua and LeCun, Yann},
 month = {May},
 note = {\url{http://arxiv.org/abs/1210.8442}},
 series = {Workshop Track Proceedings},
 title = {Linear-Nonlinear-Poisson Neurons Can Do Inference On Deep Boltzmann Machines},
 year = {2013}
}

@inproceedings{smart2021on,
 address = {Virtual Event, Austria},
 author = {Smart, Matthew and Zilman, Anton},
 booktitle = {9th International Conference on Learning Representations (ICLR)},
 month = {May},
 note = {\url{https://openreview.net/forum?id=RGJbergVIoO}},
 publisher = {OpenReview.net},
 series = {Conference Track Proceedings},
 title = {On the mapping between Hopfield networks and Restricted Boltzmann Machines},
 year = {2021}
}

@inproceedings{sohn2013learning,
 address = {Atlanta, Georgia, USA},
 author = {Sohn, Kihyuk and Zhou, Guanyu and Lee, Chansoo and Lee, Honglak},
 booktitle = {Proceedings of the 30th International Conference on Machine Learning (ICML)},
 month = {June},
 note = {\url{http://proceedings.mlr.press/v28/sohn13.html}},
 pages = {217--225},
 publisher = {JMLR.org},
 series = {JMLR Workshop and Conference Proceedings},
 title = {Learning and Selecting Features Jointly with Point-wise Gated Boltzmann Machines},
 volume = {28},
 year = {2013}
}

@inproceedings{srivastava2012multimodal,
 address = {Lake Tahoe, Nevada, USA},
 author = {Srivastava, Nitish and Salakhutdinov, Russ R.},
 booktitle = {Advances in Neural Information Processing Systems 25 (NIPS)},
 editor = {Pereira, F. and Burges, C.J. and Bottou, L. and Weinberger, K.Q.},
 month = {December},
 note = {\url{https://proceedings.neurips.cc/paper_files/paper/2012/file/af21d0c97db2e27e13572cbf59eb343d-Paper.pdf}},
 publisher = {Curran Associates, Inc.},
 series = {Conference Track Proceedings},
 title = {Multimodal Learning with Deep Boltzmann Machines},
 volume = {25},
 year = {2012}
}

@inproceedings{srivastava2012multimodal,
 address = {Lake Tahoe, Nevada, USA},
 author = {Srivastava, Nitish and Salakhutdinov, Russ R.},
 booktitle = {Advances in Neural Information Processing Systems 25 (NIPS)},
 editor = {Pereira, F. and Burges, C.J. and Bottou, L. and Weinberger, K.Q.},
 month = {December},
 note = {\url{https://proceedings.neurips.cc/paper_files/paper/2012/file/af21d0c97db2e27e13572cbf59eb343d-Paper.pdf}},
 publisher = {Curran Associates, Inc.},
 series = {Conference Track Proceedings},
 title = {Multimodal Learning with Deep Boltzmann Machines},
 volume = {25},
 year = {2012}
}

@inproceedings{sutskever2008recurrent,
 address = {Vancouver, British Columbia, Canada},
 author = {Sutskever, Ilya and Hinton, Geoffrey E and Taylor, Graham W},
 booktitle = {Advances in Neural Information Processing Systems 21 (NIPS)},
 editor = {D. Koller and D. Schuurmans and Y. Bengio and L. Bottou},
 month = {December},
 note = {\url{https://proceedings.neurips.cc/paper_files/paper/2008/file/9ad6aaed513b73148b7d49f70afcfb32-Paper.pdf}},
 publisher = {Curran Associates, Inc.},
 series = {Conference Track Proceedings},
 title = {The Recurrent Temporal Restricted Boltzmann Machine},
 volume = {21},
 year = {2008}
}

@inproceedings{swesky2012cardinality,
 address = {Lake Tahoe, Nevada, USA},
 author = {Swersky, Kevin and Sutskever, Ilya and Tarlow, Daniel and Zemel, Richard and Salakhutdinov, Russ R. and Adams, Ryan P.},
 booktitle = {Advances in Neural Information Processing Systems 25 (NIPS)},
 editor = {Pereira, F. and Burges, C.J. and Bottou, L. and Weinberger, K.Q.},
 month = {December},
 note = {\url{https://proceedings.neurips.cc/paper_files/paper/2012/file/99adff456950dd9629a5260c4de21858-Paper.pdf}},
 publisher = {Curran Associates, Inc.},
 series = {Conference Track Proceedings},
 title = {Cardinality Restricted Boltzmann Machines},
 volume = {25},
 year = {2012}
}

@inproceedings{taniguchi2023endtoend,
 address = {Honolulu, Hawaii, USA},
 author = {Taniguchi, Shohei and Suzuki, Masahiro and Iwasawa, Yusuke and Matsuo, Yutaka},
 booktitle = {International Conference on Machine Learning (ICML)},
 editor = {Krause, Andreas and Brunskill, Emma and Cho, Kyunghyun and Engelhardt, Barbara and Sabato, Sivan and Scarlett, Jonathan},
 month = {July},
 note = {\url{\url{https://proceedings.mlr.press/v202/taniguchi23a.html}}},
 pages = {33804--33815},
 publisher = {PMLR},
 series = {Proceedings of Machine Learning Research},
 title = {End-to-end Training of Deep Boltzmann Machines by Unbiased Contrastive Divergence with Local Mode Initialization},
 year = {2023}
}

@inproceedings{taylor2009factored,
 address = {Montreal, Quebec, Canada},
 author = {Taylor, Graham W. and Hinton, Geoffrey E.},
 booktitle = {Proceedings of the 26th Annual International Conference on Machine Learning (ICML)},
 doi = {10.1145/1553374.1553505},
 editor = {Danyluk, Andrea Pohoreckyj and Bottou, Léon and Littman, Michael L.},
 month = {June},
 note = {\url{https://doi.org/10.1145/1553374.1553505}},
 pages = {1025--1032},
 publisher = {ACM},
 series = {ACM International Conference Proceeding Series},
 title = {Factored conditional restricted Boltzmann Machines for modeling motion style},
 volume = {382},
 year = {2009}
}

@inproceedings{teh2000rate,
 address = {Denver, Colorado, USA},
 author = {Teh, Yee Whye and Hinton, Geoffrey E},
 booktitle = {Advances in Neural Information Processing Systems 13 (NIPS)},
 editor = {Leen, T. and Dietterich, T. and Tresp, V.},
 month = {November},
 note = {\url{https://proceedings.neurips.cc/paper_files/paper/2000/file/c366c2c97d47b02b24c3ecade4c40a01-Paper.pdf}},
 publisher = {MIT Press},
 series = {Conference Track Proceedings},
 title = {Rate-coded Restricted Boltzmann Machines for Face Recognition},
 volume = {13},
 year = {2000}
}

@inproceedings{tieleman2008training,
 address = {Helsinki, Finland},
 author = {Tieleman, Tijmen},
 booktitle = {Machine Learning: Proceedings of the Twenty-Fifth International Conference (ICML)},
 doi = {10.1145/1390156.1390290},
 editor = {Cohen, William W. and McCallum, Andrew and Roweis, Sam T.},
 month = {June},
 note = {\url{https://doi.org/10.1145/1390156.1390290}},
 pages = {1064--1071},
 publisher = {ACM},
 series = {ACM International Conference Proceeding Series},
 title = {Training restricted Boltzmann machines using approximations to the likelihood gradient},
 volume = {307},
 year = {2008}
}

@inproceedings{tosh2016mixing,
 address = {New York City, New York, USA},
 author = {Tosh, Christopher},
 booktitle = {Proceedings of the 33rd International Conference on Machine Learning (ICML)},
 editor = {Balcan, Maria-Florina and Weinberger, Kilian Q.},
 month = {June},
 note = {\url{http://proceedings.mlr.press/v48/tosh16.html}},
 pages = {840--849},
 publisher = {JMLR.org},
 series = {JMLR Workshop and Conference Proceedings},
 title = {Mixing Rates for the Alternating Gibbs Sampler over Restricted Boltzmann Machines and Friends},
 volume = {48},
 year = {2016}
}

@inproceedings{tran2013thurstonian,
 address = {Atlanta, Georgia, USA},
 author = {Tran, Truyen and Phung, Dinh Q. and Venkatesh, Svetha},
 booktitle = {Proceedings of the 30th International Conference on Machine Learning (ICML)},
 month = {June},
 note = {\url{http://proceedings.mlr.press/v28/tran13.html}},
 pages = {46--54},
 publisher = {Journal of Machine Learning Research (JMLR)},
 series = {Workshop and Conference Proceedings},
 title = {Thurstonian Boltzmann Machines: Learning from Multiple Inequalities},
 volume = {28},
 year = {2013}
}

@inproceedings{vahdat2018dvae,
 address = {Montreal, Quebec, Canada},
 author = {Vahdat, Arash and Andriyash, Evgeny and Macready, William},
 booktitle = {Advances in Neural Information Processing Systems 31 (NeurIPS)},
 editor = {Bengio, S. and Wallach, H. and Larochelle, H. and Grauman, K. and Cesa-Bianchi, N. and Garnett, R.},
 month = {December},
 note = {\url{https://proceedings.neurips.cc/paper_files/paper/2018/file/9f53d83ec0691550f7d2507d57f4f5a2-Paper.pdf}},
 publisher = {Curran Associates, Inc.},
 series = {Conference Track Proceedings},
 title = {DVAE#: Discrete Variational Autoencoders with Relaxed Boltzmann Priors},
 volume = {31},
 year = {2018}
}

@inproceedings{wang2014modeling,
 address = {Banff, Alberta, Canada},
 author = {Wang, Nan and Wiskott, Laurenz and Jancke, Dirk},
 booktitle = {2nd International Conference on Learning Representations (ICLR)},
 editor = {Bengio, Yoshua and LeCun, Yann},
 month = {April},
 note = {\url{http://arxiv.org/abs/1312.6108}},
 series = {Workshop Track Proceedings},
 title = {Modeling correlations in spontaneous activity of visual cortex with centered Gaussian-binary deep Boltzmann machines},
 year = {2014}
}

@inproceedings{wang2014relaxations,
 address = {Banff, Alberta, Canada},
 author = {Wang, Sida I. and Frostig, Roy and Liang, Percy and Manning, Christopher D.},
 booktitle = {2nd International Conference on Learning Representations (ICLR)},
 editor = {Bengio, Yoshua and LeCun, Yann},
 month = {April},
 note = {\url{http://arxiv.org/abs/1312.6205}},
 series = {Workshop Track Proceedings},
 title = {Relaxations for inference in restricted Boltzmann machines},
 year = {2014}
}

@inproceedings{yair1988boltzmann,
 address = {Denver, Colorado, USA},
 author = {Yair, Eyal and Gersho, Allen},
 booktitle = {Advances in Neural Information Processing Systems 1 (NIPS)},
 editor = {Touretzky, D.},
 month = {November},
 note = {\url{https://proceedings.neurips.cc/paper_files/paper/1988/file/045117b0e0a11a242b9765e79cbf113f-Paper.pdf}},
 publisher = {Morgan-Kaufmann},
 series = {Conference Track Proceedings},
 title = {The Boltzmann Perceptron Network: A Multi-Layered Feed-Forward Network Equivalent to the Boltzmann Machine},
 volume = {1},
 year = {1988}
}

@inproceedings{zeiler2011facial,
 address = {Granada, Spain},
 author = {Zeiler, Matthew and Taylor, Graham W and Sigal, Leonid and Matthews, Iain and Fergus, Rob},
 booktitle = {Advances in Neural Information Processing Systems 24 (NIPS)},
 editor = {J. Shawe-Taylor and R. Zemel and P. Bartlett and F. Pereira and K.Q. Weinberger},
 month = {December},
 note = {\url{https://proceedings.neurips.cc/paper_files/paper/2011/file/d2ed45a52bc0edfa11c2064e9edee8bf-Paper.pdf}},
 publisher = {Curran Associates, Inc.},
 series = {Conference Track Proceedings},
 title = {Facial Expression Transfer with Input-Output Temporal Restricted Boltzmann Machines},
 volume = {24},
 year = {2011}
}

@inproceedings{zemel1992directional,
 address = {Denver, Colorado, USA},
 author = {Zemel, Richard and Williams, Christopher and Mozer, Michael C.},
 booktitle = {Advances in Neural Information Processing Systems 5 (NIPS)},
 editor = {Hanson, S. and Cowan, J. and Giles, C.},
 month = {November},
 note = {\url{https://proceedings.neurips.cc/paper_files/paper/1992/file/0d7de1aca9299fe63f3e0041f02638a3-Paper.pdf}},
 publisher = {Morgan-Kaufmann},
 series = {Conference Track Proceedings},
 title = {Directional-Unit Boltzmann Machines},
 volume = {5},
 year = {1992}
}
