@inproceedings{agoritsas2023explaining,
  address =      {Honolulu, Hawaii, USA},
  author =       {Agoritsas, Elisabeth and Catania, Giovanni and
                  Decelle, Aurélien and Seoane, Beatriz},
  booktitle =    {International Conference on Machine Learning (ICML)},
  editor =       {Krause, Andreas and Brunskill, Emma and Cho,
                  Kyunghyun and Engelhardt, Barbara and Sabato, Sivan
                  and Scarlett, Jonathan},
  month =        {July},
  note =
                  {\url{https://proceedings.mlr.press/v202/agoritsas23a.html}},
  pages =        {322--336},
  publisher =    {PMLR},
  series =       {Proceedings of Machine Learning Research},
  title =        {Explaining the effects of non-convergent MCMC in the
                  training of Energy-Based Models},
  volume =       202,
  year =         2023
}

@inproceedings{alshedivat2015learning,
  address =      {San Diego, California, USA},
  author =       {Al-Shedivat, Maruan and Neftci, Emre and
                  Cauwenberghs, Gert},
  booktitle =    {3rd International Conference on Learning
                  Representations (ICLR)},
  month =        {May},
  note =         {\url{http://arxiv.org/abs/1412.7272}},
  openalex =     {W147969812},
  series =       {Workshop Track Proceedings},
  title =        {Learning Non-deterministic Representations with
                  Energy-based Ensembles},
  year =         2015
}

@inproceedings{arbel2021generalized,
  address =      {Virtual Event, Austria},
  author =       {Arbel, Michael and Zhou, Liang and Gretton, Arthur},
  booktitle =    {9th International Conference on Learning
                  Representations (ICLR)},
  month =        {May},
  note =         {\url{https://openreview.net/forum?id=0PtUPB9z6qK}},
  openalex =     {W4287827913},
  publisher =    {OpenReview.net},
  series =       {Conference Track Proceedings},
  title =        {Generalized Energy Based Models},
  year =         2021
}

@inproceedings{bao2020bi,
  address =      {Virtual Event},
  author =       {Bao, Fan and Li, Chongxuan and Xu, Kun and Su, Hang
                  and Zhu, Jun and Zhang, Bo},
  booktitle =    {Advances in Neural Information Processing Systems 33
                  (NeurIPS)},
  editor =       {H. Larochelle and M. Ranzato and R. Hadsell and
                  M.F. Balcan and H. Lin},
  month =        {December},
  note =
                  {\url{https://proceedings.neurips.cc/paper_files/paper/2020/file/d25a34b9c2a87db380ecd7f7115882ec-Paper.pdf}},
  openalex =     {W3098874146},
  pages =        {18110--18122},
  publisher =    {Curran Associates, Inc.},
  series =       {Conference Track Proceedings},
  title =        {Bi-level Score Matching for Learning Energy-based
                  Latent Variable Models},
  volume =       33,
  year =         2020
}

@inproceedings{bao2021variational,
  address =      {Virtual Event},
  author =       {Bao, Fan and Xu, Kun and Li, Chongxuan and Hong,
                  Lanqing and Zhu, Jun and Zhang, Bo},
  booktitle =    {Proceedings of the 38th International Conference on
                  Machine Learning (ICML)},
  editor =       {Meila, Marina and Zhang, Tong},
  month =        {July},
  note =         {\url{http://proceedings.mlr.press/v139/bao21b.html}},
  openalex =     {W3170419463},
  pages =        {651--661},
  publisher =    {PMLR},
  series =       {Proceedings of Machine Learning Research},
  title =        {Variational (Gradient) Estimate of the Score
                  Function in Energy-based Latent Variable Models},
  volume =       139,
  year =         2021
}

@inproceedings{bartunov2020metalearning,
  address =      {Addis Ababa, Ethiopia},
  author =       {Bartunov, Sergey and Rae, Jack W. and Osindero,
                  Simon and Lillicrap, Timothy},
  booktitle =    {8th International Conference on Learning
                  Representations (ICLR)},
  month =        {April},
  note =         {\url{https://openreview.net/forum?id=SyljQyBFDH}},
  openalex =     {W2978120197},
  publisher =    {OpenReview.net},
  series =       {Conference Track Proceedings},
  title =        {Meta-Learning Deep Energy-Based Memory Models},
  year =         2020
}

@inproceedings{bian2022energy,
  address =      {Virtual Event},
  author =       {Bian, Yatao and Rong, Yu and Xu, Tingyang and Wu,
                  Jiaxiang and Krause, Andreas and Huang, Junzhou},
  booktitle =    {10th International Conference on Learning
                  Representations (ICLR)},
  month =        {April},
  note =         {\url{https://openreview.net/forum?id=xLfAgCroImw}},
  openalex =     {W3203538992},
  publisher =    {OpenReview.net},
  series =       {Conference Track Proceedings},
  title =        {Energy-Based Learning for Cooperative Games, with
                  Applications to Valuation Problems in Machine
                  Learning},
  year =         2022
}

@article{brakel2013training,
  author =       {Brakel, Philémon and Stroobandt, Dirk and Schrauwen,
                  Benjamin},
  journal =      {Journal of Machine Learning Research},
  note =         {\url{http://jmlr.org/papers/v14/brakel13a.html}},
  number =       48,
  openalex =     {W2148862211},
  pages =        {2771--2797},
  title =        {Training energy-based models for time-series
                  imputation},
  volume =       14,
  year =         2013
}

@inproceedings{brekelmans2022improving,
  address =      {Virtual Event},
  author =       {Brekelmans, Rob and Huang, Sicong and Ghassemi,
                  Marzyeh and Steeg, Greg Ver and Grosse, Roger and
                  Makhzani, Alireza},
  booktitle =    {10th International Conference on Learning
                  Representations (ICLR)},
  month =        {April},
  note =         {\url{https://openreview.net/forum?id=T0B9AoM_bFg}},
  openalex =     {W4324297696},
  publisher =    {OpenReview.net},
  series =       {Conference Track Proceedings},
  title =        {Improving Mutual Information Estimation with
                  Annealed and Energy-Based Bounds},
  year =         2022
}

@inproceedings{carbone2023efficient,
  address =      {New Orleans, Louisiana, USA},
  author =       {Carbone, Davide and Hua, Mengjian and Coste, Simon
                  and Vanden‐Eijnden, Eric},
  booktitle =    {Advances in Neural Information Processing Systems 36
                  (NeurIPS)},
  editor =       {A. Oh and T. Naumann and A. Globerson and K. Saenko
                  and M. Hardt and S. Levine},
  month =        {December},
  note =
                  {\url{https://proceedings.neurips.cc/paper_files/paper/2023/file/a4ddb865e0a8ca3cca43fd7387b4b0da-Paper-Conference.pdf}},
  openalex =     {W4379087134},
  pages =        {52583--52614},
  publisher =    {Curran Associates, Inc.},
  series =       {Conference Track Proceedings},
  title =        {Efficient Training of Energy-Based Models Using
                  Jarzynski Equality},
  volume =       36,
  year =         2023
}

@inproceedings{chao2023training,
  address =      {New Orleans, Louisiana, USA},
  author =       {Chao, Chen-Hao and Sun, Weifang and Hsu, Yen-Chang
                  and Kira, Zsolt and Lee, Chun‐Yi},
  booktitle =    {Advances in Neural Information Processing Systems 36
                  (NeurIPS)},
  month =        {December},
  note =
                  {\url{https://proceedings.neurips.cc/paper_files/paper/2023/file/8882d370cdafec9885b918a8cfac642e-Paper-Conference.pdf}},
  openalex =     {W4378474378},
  pages =        {43826--43851},
  publisher =    {Curran Associates, Inc.},
  series =       {Conference Track Proceedings},
  title =        {Training Energy-Based Normalizing Flow with
                  Score-Matching Objectives},
  volume =       36,
  year =         2023
}

@inproceedings{che2020your,
  address =      {Virtual Event},
  author =       {Che, Tong and Zhang, Ruixiang and Sohl‐Dickstein,
                  Jascha and Larochelle, Hugo and Paull, Liam and Cao,
                  Yuan and Bengio, Yoshua},
  booktitle =    {Advances in Neural Information Processing Systems 33
                  (NeurIPS)},
  editor =       {H. Larochelle and M. Ranzato and R. Hadsell and
                  M.F. Balcan and H. Lin},
  month =        {December},
  note =
                  {\url{https://proceedings.neurips.cc/paper_files/paper/2020/file/90525e70b7842930586545c6f1c9310c-Paper.pdf}},
  openalex =     {W3106068426},
  pages =        {12275--12287},
  publisher =    {Curran Associates, Inc.},
  series =       {Conference Track Proceedings},
  title =        {Your GAN is Secretly an Energy-based Model and You
                  Should use Discriminator Driven Latent Sampling},
  volume =       33,
  year =         2020
}

@inproceedings{chen2021supercharging,
  address =      {Virtual Event},
  author =       {Chen, Junya and Xiu, Zidi and Goldstein, Benjamin
                  A. and Henao, Ricardo and Carin, Lawrence and Tao,
                  Chenyang},
  booktitle =    {Advances in Neural Information Processing Systems 34
                  (NeurIPS)},
  editor =       {Ranzato, M. and Beygelzimer, A. and Dauphin, Y. and
                  Liang, P.S. and Wortman Vaughan, J.},
  month =        {December},
  note =
                  {\url{https://proceedings.neurips.cc/paper_files/paper/2021/file/b151ce4935a3c2807e1dd9963eda16d8-Paper.pdf}},
  openalex =     {W3214175684},
  pages =        {21229--21243},
  publisher =    {Curran Associates, Inc.},
  series =       {Conference Track Proceedings},
  title =        {Supercharging Imbalanced Data Learning With
                  Energy-based Contrastive Representation Transfer},
  volume =       34,
  year =         2021
}

@inproceedings{chen2023secure,
  address =      {New Orleans, Louisiana, USA},
  author =       {Chen, Shengzhuang and Huang, Long-Kai and Schwarz,
                  Jonathan Richard and Du, Yilun and Wei, Ying},
  booktitle =    {Advances in Neural Information Processing Systems 36
                  (NeurIPS)},
  editor =       {Oh, A. and Naumann, T. and Globerson, A. and Saenko,
                  K. and Hardt, M. and Levine, S.},
  month =        {December},
  note =
                  {\url{https://proceedings.neurips.cc/paper_files/paper/2023/file/d39e3ae9a11b79691709a7a6e06a63d9-Paper-Conference.pdf}},
  pages =        {67007--67020},
  publisher =    {Curran Associates, Inc.},
  series =       {Conference Track Proceedings},
  title =        {Secure Out-of-Distribution Task Generalization with
                  Energy-Based Models},
  volume =       36,
  year =         2023
}

@inproceedings{cheng2023versatile,
  address =      {New Orleans, Louisiana, USA},
  author =       {Cheng, Taoli and Courville, Aaron},
  booktitle =    {Advances in Neural Information Processing Systems 36
                  (NeurIPS)},
  editor =       {A. Oh and T. Naumann and A. Globerson and K. Saenko
                  and M. Hardt and S. Levine},
  month =        {December},
  note =
                  {\url{https://proceedings.neurips.cc/paper_files/paper/2023/file/3d4c0a618d0acd7921493e4f30395c22-Paper-Conference.pdf}},
  openalex =     {W4319165547},
  pages =        {19246--19262},
  publisher =    {Curran Associates, Inc.},
  series =       {Conference Track Proceedings},
  title =        {Versatile Energy-Based Probabilistic Models for High
                  Energy Physics},
  volume =       36,
  year =         2023
}

@inproceedings{cotta2020unsupervised,
  address =      {Virtual Event},
  author =       {Cotta, Leonardo and Teixeira, Carlos H. C. and
                  Swami, Ananthram and Ribeiro, Bruno},
  booktitle =    {Advances in Neural Information Processing Systems 33
                  (NeurIPS)},
  editor =       {H. Larochelle and M. Ranzato and R. Hadsell and
                  M.F. Balcan and H. Lin},
  month =        {December},
  note =
                  {\url{https://proceedings.neurips.cc/paper_files/paper/2020/file/cba0a4ee5ccd02fda0fe3f9a3e7b89fe-Paper.pdf}},
  openalex =     {W3105078559},
  pages =        {17536--17547},
  publisher =    {Curran Associates, Inc.},
  series =       {Conference Track Proceedings},
  title =        {Unsupervised Joint k-node Graph Representations with
                  Compositional Energy-Based Models},
  volume =       33,
  year =         2020
}

@inproceedings{csato2001tap,
  address =      {Vancouver, British Columbia, Canada},
  author =       {Csató, Lehel and Opper, Manfred and Winther, Ole},
  booktitle =    {Advances in Neural Information Processing Systems 14
                  (NIPS)},
  editor =       {T. Dietterich and S. Becker and Z. Ghahramani},
  month =        {December},
  note =
                  {\url{https://proceedings.neurips.cc/paper_files/paper/2001/file/9f62b8625f914a002496335037e9ad97-Paper.pdf}},
  openalex =     {W2114412769},
  publisher =    {MIT Press},
  series =       {Conference Track Proceedings},
  title =        {TAP Gibbs Free Energy, Belief Propagation and
                  Sparsity},
  volume =       14,
  year =         2001
}

@inproceedings{cui2023learning,
  address =      {New Orleans, Louisiana, USA},
  author =       {Cui, Jiali and Han, Tian},
  booktitle =    {Advances in Neural Information Processing Systems 36
                  (NeurIPS)},
  month =        {December},
  note =
                  {\url{https://proceedings.neurips.cc/paper_files/paper/2023/file/5bed8703db85ab27dc32f6a42f8fbdb6-Paper-Conference.pdf}},
  openalex =     {W4389421393},
  pages =        {28861--28872},
  publisher =    {Curran Associates, Inc.},
  series =       {Conference Track Proceedings},
  title =        {Learning Energy-based Model via Dual-MCMC Teaching},
  volume =       36,
  year =         2023
}

@inproceedings{dai2017calibrating,
  address =      {Toulon, France},
  author =       {Dai, Zihang and Almahairi, Amjad and Bachman, Philip
                  and Hovy, Eduard and Courville, Aaron},
  booktitle =    {5th International Conference on Learning
                  Representations (ICLR)},
  month =        {April},
  note =         {\url{https://openreview.net/forum?id=SyxeqhP9ll}},
  openalex =     {W2952936466},
  publisher =    {OpenReview.net},
  series =       {Conference Track Proceedings},
  title =        {Calibrating Energy-based Generative Adversarial
                  Networks},
  year =         2017
}

@inproceedings{dai2020learning,
  address =      {Virtual Event},
  author =       {Dai, Hanjun and Singh, Rishabh and Dai, Bo and
                  Sutton, Charles and Schuurmans, Dale},
  booktitle =    {Advances in Neural Information Processing Systems 33
                  (NeurIPS)},
  editor =       {H. Larochelle and M. Ranzato and R. Hadsell and
                  M.F. Balcan and H. Lin},
  month =        {December},
  note =
                  {\url{https://proceedings.neurips.cc/paper_files/paper/2020/file/7612936dcc85282c6fa4dd9d4ffe57f1-Paper.pdf}},
  openalex =     {W3103390726},
  pages =        {10443--10455},
  publisher =    {Curran Associates, Inc.},
  series =       {Conference Track Proceedings},
  title =        {Learning Discrete Energy-based Models via
                  Auxiliary-variable Local Exploration},
  volume =       33,
  year =         2020
}

@inproceedings{dehaene2020iterative,
  address =      {Addis Ababa, Ethiopia},
  author =       {Dehaene, David and Frigo, Oriel and Combrexelle,
                  Sébastien and Eline, Pierre},
  booktitle =    {8th International Conference on Learning
                  Representations (ICLR)},
  month =        {April},
  note =         {\url{https://openreview.net/forum?id=HJx81ySKwr}},
  openalex =     {W4287869122},
  publisher =    {OpenReview.net},
  series =       {Conference Track Proceedings},
  title =        {Iterative energy-based projection on a normal data
                  manifold for anomaly localization},
  year =         2020
}

@inproceedings{deng2020residual,
  address =      {Addis Ababa, Ethiopia},
  author =       {Deng, Yuntian and Bakhtin, Anton and Ott, Myle and
                  Szlam, Arthur and Ranzato, Marc’Aurelio},
  booktitle =    {8th International Conference on Learning
                  Representations (ICLR)},
  month =        {April},
  note =         {\url{https://openreview.net/forum?id=B1l4SgHKDH}},
  openalex =     {W3018305985},
  publisher =    {OpenReview.net},
  series =       {Conference Track Proceedings},
  title =        {Residual Energy-Based Models for Text Generation},
  year =         2020
}

@inproceedings{deng2020residual,
  address =      {Addis Ababa, Ethiopia},
  author =       {Deng, Yuntian and Bakhtin, Anton and Ott, Myle and
                  Szlam, Arthur and Ranzato, Marc’Aurelio},
  booktitle =    {8th International Conference on Learning
                  Representations (ICLR)},
  month =        {April},
  note =         {\url{https://openreview.net/forum?id=B1l4SgHKDH}},
  openalex =     {W3018305985},
  publisher =    {OpenReview.net},
  series =       {Conference Track Proceedings},
  title =        {Residual Energy-Based Models for Text Generation},
  year =         2020
}

@inproceedings{ding2023bayesian,
  address =      {Honolulu, Hawaii, USA},
  author =       {Ding, Wenhao and Che, Tong and Zhao, Ding and
                  Pavone, Marco},
  booktitle =    {International Conference on Machine Learning (ICML)},
  editor =       {Krause, Andreas and Brunskill, Emma and Cho,
                  Kyunghyun and Engelhardt, Barbara and Sabato, Sivan
                  and Scarlett, Jonathan},
  month =        {July},
  note =
                  {\url{https://proceedings.mlr.press/v202/ding23a.html}},
  openalex =     {W4377299716},
  pages =        {8053--8066},
  publisher =    {PMLR},
  series =       {Proceedings of Machine Learning Research},
  title =        {Bayesian Reparameterization of Reward-Conditioned
                  Reinforcement Learning with Energy-based Models},
  volume =       202,
  year =         2023
}

@inproceedings{domingoenrich2021on,
  address =      {Virtual Event},
  author =       {Domingo-Enrich, Carles and Bietti, Alberto and
                  Vanden‐Eijnden, Eric and Bruna, Joan},
  booktitle =    {Proceedings of the 38th International Conference on
                  Machine Learning (ICML)},
  editor =       {Meila, Marina and Zhang, Tong},
  month =        {July},
  note =
                  {\url{http://proceedings.mlr.press/v139/domingo-enrich21a.html}},
  openalex =     {W3154945061},
  pages =        {2771--2782},
  publisher =    {PMLR},
  series =       {Proceedings of Machine Learning Research},
  title =        {On Energy-Based Models with Overparametrized Shallow
                  Neural Networks},
  volume =       139,
  year =         2021
}

@inproceedings{dong2023neural,
  address =      {New Orleans, Louisiana, USA},
  author =       {Dong, Xingsi and Wu, Si},
  booktitle =    {Advances in Neural Information Processing Systems 36
                  (NeurIPS)},
  editor =       {A. Oh and T. Naumann and A. Globerson and K. Saenko
                  and M. Hardt and S. Levine},
  month =        {December},
  note =
                  {\url{https://proceedings.neurips.cc/paper_files/paper/2023/file/f7fdebf712db182eddaee2eb02af91e0-Paper-Conference.pdf}},
  openalex =     {W4387635784},
  pages =        {78593--78606},
  publisher =    {Curran Associates, Inc.},
  series =       {Conference Track Proceedings},
  title =        {Neural Sampling in Hierarchical Exponential-family
                  Energy-based Models},
  volume =       36,
  year =         2023
}

@inproceedings{du2019implicit,
  address =      {Vancouver, British Columbia, Canada},
  author =       {Du, Yilun and Mordatch, Igor},
  booktitle =    {Advances in Neural Information Processing Systems 32
                  (NeurIPS)},
  editor =       {Wallach, H. and Larochelle, H. and Beygelzimer,
                  A. and d'Alché-Buc, F. and Fox, E. and Garnett, R.},
  month =        {December},
  note =
                  {\url{https://proceedings.neurips.cc/paper_files/paper/2019/file/378a063b8fdb1db941e34f4bde584c7d-Paper.pdf}},
  openalex =     {W2970607325},
  publisher =    {Curran Associates, Inc.},
  series =       {Conference Track Proceedings},
  title =        {Implicit Generation and Modeling with Energy Based
                  Models},
  volume =       32,
  year =         2019
}

@inproceedings{du2020compositional,
  address =      {Virtual Event},
  author =       {Du, Yilun and Li, Shuang and Mordatch, Igor},
  booktitle =    {Advances in Neural Information Processing Systems 33
                  (NeurIPS)},
  editor =       {H. Larochelle and M. Ranzato and R. Hadsell and
                  M.F. Balcan and H. Lin},
  month =        {December},
  note =
                  {\url{https://proceedings.neurips.cc/paper_files/paper/2020/file/49856ed476ad01fcff881d57e161d73f-Paper.pdf}},
  openalex =     {W2997843561},
  pages =        {6637--6647},
  publisher =    {Curran Associates, Inc.},
  series =       {Conference Track Proceedings},
  title =        {Compositional Visual Generation with Energy Based
                  Models},
  volume =       33,
  year =         2020
}

@inproceedings{du2020energy,
  address =      {Addis Ababa, Ethiopia},
  author =       {Du, Yilun and Meier, Joshua and Ma, Jerry and
                  Fergus, Rob and Rives, Alexander},
  booktitle =    {8th International Conference on Learning
                  Representations (ICLR)},
  month =        {April},
  note =         {\url{https://openreview.net/forum?id=S1e\_9xrFvS}},
  openalex =     {W3021677849},
  publisher =    {OpenReview.net},
  series =       {Conference Track Proceedings},
  title =        {Energy-based models for atomic-resolution protein
                  conformations},
  year =         2020
}

@inproceedings{du2021improved,
  address =      {Virtual Event},
  author =       {Du, Yilun and Li, Shuang and Tenenbaum, Joshua
                  B. and Mordatch, Igor},
  booktitle =    {Proceedings of the 38th International Conference on
                  Machine Learning (ICML)},
  editor =       {Meila, Marina and Zhang, Tong},
  month =        {July},
  note =         {\url{http://proceedings.mlr.press/v139/du21b.html}},
  openalex =     {W3107355992},
  pages =        {2837--2848},
  publisher =    {PMLR},
  series =       {Proceedings of Machine Learning Research},
  title =        {Improved Contrastive Divergence Training of Energy
                  Based Models},
  volume =       139,
  year =         2021
}

@inproceedings{gabrie2015training,
  address =      {Montreal, Quebec, Canada},
  author =       {Gabrié, Marylou and Tramel, Eric W. and Krząkała,
                  Florent},
  booktitle =    {Advances in Neural Information Processing Systems 28
                  (NIPS)},
  editor =       {C. Cortes and N. Lawrence and D. Lee and M. Sugiyama
                  and R. Garnett},
  month =        {December},
  note =
                  {\url{https://proceedings.neurips.cc/paper_files/paper/2015/file/13f3cf8c531952d72e5847c4183e6910-Paper.pdf}},
  openalex =     {W2964071831},
  publisher =    {Curran Associates, Inc.},
  series =       {Conference Track Proceedings},
  title =        {Training restricted Boltzmann machines via the
                  Thouless-Anderson-Palmer free energy},
  volume =       28,
  year =         2015
}

@inproceedings{gao2020freeenergy,
  address =      {Virtual Event},
  author =       {Gao, Yansong and Chaudhari, Pratik},
  booktitle =    {Proceedings of the 37th International Conference on
                  Machine Learning (ICML)},
  month =        {July},
  note =         {\url{http://proceedings.mlr.press/v119/gao20a.html}},
  openalex =     {W3034198815},
  pages =        {3367--3376},
  publisher =    {PMLR},
  series =       {Proceedings of Machine Learning Research},
  title =        {A Free-Energy Principle for Representation Learning},
  volume =       119,
  year =         2020
}

@inproceedings{gao2021learning,
  address =      {Virtual Event, Austria},
  author =       {Gao, Ruiqi and Song, Yang and Poole, Ben and Wu,
                  Ying and Kingma, Diederik P.},
  booktitle =    {9th International Conference on Learning
                  Representations (ICLR)},
  month =        {May},
  note =         {\url{https://openreview.net/forum?id=v_1Soh8QUNc}},
  openalex =     {W3118474514},
  publisher =    {OpenReview.net},
  series =       {Conference Track Proceedings},
  title =        {Learning Energy-Based Models by Diffusion Recovery
                  Likelihood},
  year =         2021
}

@inproceedings{gao2023samplingfree,
  address =      {Kigali, Rwanda},
  author =       {Gao, Nicholas and Günnemann, Stephan},
  booktitle =    {11th International Conference on Learning
                  Representations (ICLR)},
  month =        {May},
  note =         {\url{https://openreview.net/forum?id=Tuk3Pqaizx}},
  openalex =     {W4281648960},
  publisher =    {OpenReview.net},
  series =       {Conference Track Proceedings},
  title =        {Sampling-free Inference for Ab-Initio Potential
                  Energy Surface Networks},
  year =         2023
}

@inproceedings{gao2024energybased,
  address =      {Vienna, Austria},
  author =       {Gao, Yudong and Chen, Honglong and Sun, Peng and Li,
                  Zhe and Li, Junjian and Shao, Huajie},
  booktitle =    {Forty-first International Conference on Machine
                  Learning (ICML)},
  month =        {July},
  note =         {\url{https://openreview.net/forum?id=TJ6tVNt6Y4}},
  publisher =    {OpenReview.net},
  title =        {Energy-based Backdoor Defense without Task-Specific
                  Samples and Model Retraining},
  year =         2024
}

@inproceedings{geng2021bounds,
  address =      {Virtual Event},
  author =       {Geng, Cong and Wang, Jia and Gao, Zhiyong and
                  Frellsen, Jes and Hauberg, Søren},
  booktitle =    {Advances in Neural Information Processing Systems 34
                  (NeurIPS)},
  editor =       {M. Ranzato and A. Beygelzimer and Y. Dauphin and
                  P.S. Liang and J. Wortman Vaughan},
  month =        {December},
  note =
                  {\url{https://proceedings.neurips.cc/paper_files/paper/2021/file/a4d8e2a7e0d0c102339f97716d2fdfb6-Paper.pdf}},
  openalex =     {W3208001023},
  pages =        {19808--19821},
  publisher =    {Curran Associates, Inc.},
  series =       {Conference Track Proceedings},
  title =        {Bounds all around: training energy-based models with
                  bidirectional bounds},
  volume =       34,
  year =         2021
}

@inproceedings{geng2024improving,
  address =      {Vienna, Austria},
  author =       {Geng, Cong and Han, Tian and Jiang, Peng-Tao and
                  Zhang, Hao and Chen, Jinwei and Hauberg, Søren and
                  Li, Bo},
  booktitle =    {Forty-first International Conference on Machine
                  Learning (ICML)},
  month =        {July},
  note =         {\url{https://openreview.net/forum?id=QXEx16jWdN}},
  openalex =     {W4392488231},
  publisher =    {OpenReview.net},
  title =        {Improving Adversarial Energy-Based Model via
                  Diffusion Process},
  year =         2024
}

@inproceedings{grathwohl2020learning,
  address =      {Virtual Event},
  author =       {Grathwohl, Will and Wang, Kuan-Chieh and Jacobsen,
                  Jörn-Henrik and Duvenaud, David and Zemel, Richard
                  S.},
  booktitle =    {Proceedings of the 37th International Conference on
                  Machine Learning (ICML)},
  month =        {July},
  note =
                  {\url{http://proceedings.mlr.press/v119/grathwohl20a.html}},
  openalex =     {W3094191864},
  pages =        {3732--3747},
  publisher =    {PMLR},
  series =       {Proceedings of Machine Learning Research},
  title =        {Learning the Stein Discrepancy for Training and
                  Evaluating Energy-Based Models without Sampling},
  volume =       119,
  year =         2020
}

@inproceedings{grathwohl2020your,
  address =      {Addis Ababa, Ethiopia},
  author =       {Grathwohl, Will and Wang, Kuan-Chieh and Jacobsen,
                  Joern-Henrik and Duvenaud, David and Norouzi,
                  Mohammad and Swersky, Kevin},
  booktitle =    {8th International Conference on Learning
                  Representations (ICLR)},
  month =        {April},
  note =         {\url{https://openreview.net/forum?id=Hkxzx0NtDB}},
  openalex =     {W2995085126},
  publisher =    {OpenReview.net},
  series =       {Conference Track Proceedings},
  title =        {Your classifier is secretly an energy based model
                  and you should treat it like one},
  year =         2020
}

@inproceedings{grathwohl2021no,
  address =      {Virtual Event, Austria},
  author =       {Grathwohl, Will Sussman and Kelly, Jacob Jin and
                  Hashemi, Milad and Norouzi, Mohammad and Swersky,
                  Kevin and Duvenaud, David},
  booktitle =    {9th International Conference on Learning
                  Representations (ICLR)},
  month =        {May},
  note =         {\url{https://openreview.net/forum?id=ixpSxO9flk3}},
  publisher =    {OpenReview.net},
  series =       {Conference Track Proceedings},
  title =        {No MCMC for Me: Amortized Sampling for Fast and
                  Stable Training of Energy-Based Models},
  year =         2021
}

@inproceedings{haarnoja2017reinforcement,
  address =      {Sydney, Australia},
  author =       {Haarnoja, Tuomas and Tang, Haoran and Abbeel, Pieter
                  and Levine, Sergey},
  booktitle =    {Proceedings of the 34th International Conference on
                  Machine Learning (ICML)},
  editor =       {Precup, Doina and Teh, Yee Whye},
  month =        {August},
  note =
                  {\url{http://proceedings.mlr.press/v70/haarnoja17a.html}},
  openalex =     {W2594103415},
  pages =        {1352--1361},
  publisher =    {PMLR},
  series =       {Proceedings of Machine Learning Research},
  title =        {Reinforcement learning with deep energy-based
                  policies},
  volume =       70,
  year =         2017
}

@inproceedings{heskes2002stable,
  address =      {Vancouver, British Columbia, Canada},
  author =       {Heskes, Tom},
  booktitle =    {Advances in Neural Information Processing Systems 15
                  (NIPS)},
  editor =       {S. Becker and S. Thrun and K. Obermayer},
  month =        {December},
  note =
                  {\url{https://proceedings.neurips.cc/paper_files/paper/2002/file/d2a27e83d429f0dcae6b937cf440aeb1-Paper.pdf}},
  openalex =     {W2398757277},
  publisher =    {MIT Press},
  series =       {Conference Track Proceedings},
  title =        {Stable Fixed Points of Loopy Belief Propagation Are
                  Local Minima of the Bethe Free Energy},
  volume =       15,
  year =         2002
}

@inproceedings{hill2021stochastic,
  address =      {Virtual Event, Austria},
  author =       {Hill, Mitch and Mitchell, Jonathan Craig and Zhu,
                  Song-Chun},
  booktitle =    {9th International Conference on Learning
                  Representations (ICLR)},
  month =        {May},
  note =         {\url{https://openreview.net/forum?id=gwFTuzxJW0}},
  publisher =    {OpenReview.net},
  series =       {Conference Track Proceedings},
  title =        {Stochastic Security: Adversarial Defense Using
                  Long-Run Dynamics of Energy-Based Models},
  year =         2021
}

@inproceedings{hinton1993autoencoders,
  address =      {Denver, Colorado, USA},
  author =       {Hinton, Geoffrey E. and Zemel, Richard S.},
  booktitle =    {Advances in Neural Information Processing Systems 6
                  (NIPS)},
  editor =       {Cowan, J. and Tesauro, G. and Alspector, J.},
  month =        {November},
  note =
                  {\url{https://proceedings.neurips.cc/paper_files/paper/1993/file/9e3cfc48eccf81a0d57663e129aef3cb-Paper.pdf}},
  openalex =     {W2102409316},
  publisher =    {Morgan-Kaufmann},
  series =       {Conference Track Proceedings},
  title =        {Autoencoders, Minimum Description Length and
                  Helmholtz Free Energy},
  volume =       6,
  year =         1993
}

@inproceedings{jaini2021learning,
  address =      {Virtual Event},
  author =       {Jaini, Priyank and Holdijk, Lars and Welling, Max},
  booktitle =    {Advances in Neural Information Processing Systems 34
                  (NeurIPS)},
  editor =       {Ranzato, M. and Beygelzimer, A. and Dauphin, Y. and
                  Liang, P.S. and Vaughan, J. W.},
  month =        {December},
  note =
                  {\url{https://proceedings.neurips.cc/paper_files/paper/2021/file/8b9e7ab295e87570551db122a04c6f7c-Paper.pdf}},
  openalex =     {W3167600298},
  pages =        {16727--16737},
  publisher =    {Curran Associates, Inc.},
  series =       {Conference Track Proceedings},
  title =        {Learning Equivariant Energy Based Models with
                  Equivariant Stein Variational Gradient Descent},
  volume =       34,
  year =         2021
}

@inproceedings{jarrett2020strictly,
  address =      {Virtual Event},
  author =       {Jarrett, Daniel and Bica, Ioana and Schaar, Mihaela
                  van der},
  booktitle =    {Advances in Neural Information Processing Systems 33
                  (NeurIPS)},
  editor =       {H. Larochelle and M. Ranzato and R. Hadsell and
                  M.F. Balcan and H. Lin},
  month =        {December},
  note =
                  {\url{https://proceedings.neurips.cc/paper_files/paper/2020/file/524f141e189d2a00968c3d48cadd4159-Paper.pdf}},
  openalex =     {W3102501701},
  pages =        {7354--7365},
  publisher =    {Curran Associates, Inc.},
  series =       {Conference Track Proceedings},
  title =        {Strictly Batch Imitation Learning by Energy-based
                  Distribution Matching},
  volume =       33,
  year =         2020
}

@inproceedings{kang2022information,
  address =      {New Orleans, Louisiana, USA},
  author =       {Kang, Min Soo and Yoo, Hyewon and Kang, Eun‐Hee and
                  Ki, Sehwan and Lee, Hyong-Euk and Han, Bohyung},
  booktitle =    {Advances in Neural Information Processing Systems 35
                  (NeurIPS)},
  editor =       {Koyejo, S. and Mohamed, S. and Agarwal, A. and
                  Belgrave, D. and Cho, K. and Oh, A.},
  month =        {November},
  note =
                  {\url{https://proceedings.neurips.cc/paper_files/paper/2022/file/7416573f05b50beac6d0aef3abc805c0-Paper-Conference.pdf}},
  openalex =     {W4361229404},
  pages =        {18241--18255},
  publisher =    {Curran Associates, Inc.},
  series =       {Conference Track Proceedings},
  title =        {Information-Theoretic GAN Compression with
                  Variational Energy-based Model},
  volume =       35,
  year =         2022
}

@inproceedings{khemakhem2020ice,
  address =      {Virtual Event},
  author =       {Khemakhem, Ilyes and Monti, Ricardo and Kingma,
                  Diederik and Hyvarinen, Aapo},
  booktitle =    {Advances in Neural Information Processing Systems 33
                  (NeurIPS)},
  editor =       {H. Larochelle and M. Ranzato and R. Hadsell and
                  M.F. Balcan and H. Lin},
  month =        {December},
  note =
                  {\url{https://proceedings.neurips.cc/paper_files/paper/2020/file/962e56a8a0b0420d87272a682bfd1e53-Paper.pdf}},
  pages =        {12768--12778},
  publisher =    {Curran Associates, Inc.},
  series =       {Conference Track Proceedings},
  title =        {ICE-BeeM: Identifiable Conditional Energy-Based Deep
                  Models Based on Nonlinear ICA},
  volume =       33,
  year =         2020
}

@inproceedings{kim2022energy,
  address =      {New Orleans, Louisiana, USA},
  author =       {Kim, Beomsu and Ye, Jong Chul},
  booktitle =    {Advances in Neural Information Processing Systems 35
                  (NeurIPS)},
  editor =       {Koyejo, S. and Mohamed, S. and Agarwal, A. and
                  Belgrave, D. and Cho, K. and Oh, A.},
  month =        {November},
  note =
                  {\url{https://proceedings.neurips.cc/paper_files/paper/2022/file/1bf03a03ca8fc5918fdcacb22e14c374-Paper-Conference.pdf}},
  openalex =     {W4225832840},
  pages =        {4358--4369},
  publisher =    {Curran Associates, Inc.},
  series =       {Conference Track Proceedings},
  title =        {Energy-Based Contrastive Learning of Visual
                  Representations},
  volume =       35,
  year =         2022
}

@inproceedings{kong2022end,
  address =      {New Orleans, Louisiana, USA},
  author =       {Kong, Lingkai and Cui, Jiaming and Zhuang, Yuchen
                  and Feng, Rui and Prakash, B. Aditya and Zhang,
                  Chao},
  booktitle =    {Advances in Neural Information Processing Systems 35
                  (NeurIPS)},
  editor =       {Koyejo, S. and Mohamed, S. and Agarwal, A. and
                  Belgrave, D. and Cho, K. and Oh, A.},
  month =        {November},
  note =
                  {\url{https://proceedings.neurips.cc/paper_files/paper/2022/file/49cf35ff2298c10452db99d08036805b-Paper-Conference.pdf}},
  openalex =     {W4310281905},
  pages =        {11341--11354},
  publisher =    {Curran Associates, Inc.},
  series =       {Conference Track Proceedings},
  title =        {End-to-End Stochastic Optimization with Energy-Based
                  Model},
  volume =       35,
  year =         2022
}

@inproceedings{lafon2023hybrid,
  address =      {Honolulu, Hawaii, USA},
  author =       {Lafon, Marc and Ramzi, Elias and Rambour, Clément
                  and Thome, Nicolas},
  booktitle =    {International Conference on Machine Learning (ICML)},
  editor =       {Krause, Andreas and Brunskill, Emma and Cho,
                  Kyunghyun and Engelhardt, Barbara and Sabato, Sivan
                  and Scarlett, Jonathan},
  month =        {July},
  note =
                  {\url{https://proceedings.mlr.press/v202/lafon23a.html}},
  openalex =     {W4383046869},
  pages =        {18250--18268},
  publisher =    {PMLR},
  series =       {Proceedings of Machine Learning Research},
  title =        {Hybrid Energy Based Model in the Feature Space for
                  Out-of-Distribution Detection},
  volume =       202,
  year =         2023
}

@inproceedings{lazarogredilla2021perturb,
  address =      {Virtual Event},
  author =       {Lázaro-Gredilla, Miguel and Dedieu, Antoine and
                  George, Dileep},
  booktitle =    {Advances in Neural Information Processing Systems 34
                  (NeurIPS)},
  editor =       {M. Ranzato and A. Beygelzimer and Y. Dauphin and
                  P. S. Liang and J. Wortman Vaughan},
  month =        {December},
  note =
                  {\url{https://proceedings.neurips.cc/paper_files/paper/2021/file/07b1c04a30f798b5506c1ec5acfb9031-Paper.pdf}},
  openalex =     {W3210522454},
  pages =        {928--940},
  publisher =    {Curran Associates, Inc.},
  series =       {Conference Track Proceedings},
  title =        {Perturb-and-max-product: Sampling and learning in
                  discrete energy-based models},
  volume =       34,
  year =         2021
}

@inproceedings{lee2023guiding,
  address =      {Kigali, Rwanda},
  author =       {Lee, Hankook and Jeong, Jongheon and Park, Sejun and
                  Shin, Jinwoo},
  booktitle =    {11th International Conference on Learning
                  Representations (ICLR)},
  month =        {May},
  note =         {\url{https://openreview.net/forum?id=CZmHHj9MgkP}},
  openalex =     {W4323570416},
  publisher =    {OpenReview.net},
  series =       {Conference Track Proceedings},
  title =        {Guiding Energy-based Models via Contrastive Latent
                  Variables},
  year =         2023
}

@inproceedings{lin2022on,
  address =      {Virtual Event},
  author =       {Lin, Chu-Cheng and McCarthy, Arya D.},
  booktitle =    {10th International Conference on Learning
                  Representations (ICLR)},
  month =        {April},
  note =         {\url{https://openreview.net/forum?id=SsPCtEY6yCl}},
  publisher =    {OpenReview.net},
  series =       {Conference Track Proceedings},
  title =        {On the Uncomputability of Partition Functions in
                  Energy-Based Sequence Models},
  year =         2022
}

@inproceedings{liu2020energy,
  address =      {Virtual Event},
  author =       {Liu, Weitang and Wang, Xiaoyun and Owens, John
                  D. and Li, Yixuan},
  booktitle =    {Advances in Neural Information Processing Systems 33
                  (NeurIPS)},
  editor =       {H. Larochelle and M. Ranzato and R. Hadsell and
                  M.F. Balcan and H. Lin},
  month =        {December},
  note =
                  {\url{https://proceedings.neurips.cc/paper_files/paper/2020/file/f5496252609c43eb8a3d147ab9b9c006-Paper.pdf}},
  openalex =     {W3092527263},
  pages =        {21464--21475},
  publisher =    {Curran Associates, Inc.},
  series =       {Conference Track Proceedings},
  title =        {Energy-based Out-of-distribution Detection},
  volume =       33,
  year =         2020
}

@inproceedings{liu2023gradientguided,
  address =      {Kigali, Rwanda},
  author =       {Liu, Meng and Liu, Haoran and Ji, Shuiwang},
  booktitle =    {11th International Conference on Learning
                  Representations (ICLR)},
  month =        {May},
  note =         {\url{https://openreview.net/forum?id=9DZKk85Z4zA}},
  openalex =     {W4319989722},
  publisher =    {OpenReview.net},
  series =       {Conference Track Proceedings},
  title =        {Gradient-Guided Importance Sampling for Learning
                  Binary Energy-Based Models},
  year =         2023
}

@inproceedings{liu2024geometrycalibrated,
  address =      {Vienna, Austria},
  author =       {Liu, Jiashuo and Wu, Jiayun and Wang, Tianyu and
                  Zou, Hao and Li, Bo and Cui, Peng},
  booktitle =    {Forty-first International Conference on Machine
                  Learning (ICML)},
  month =        {July},
  note =         {\url{https://openreview.net/forum?id=NgaYcefBnZ}},
  openalex =     {W4388584733},
  publisher =    {OpenReview.net},
  title =        {Geometry-Calibrated DRO: Combating Over-Pessimism
                  with Free Energy Implications},
  year =         2024
}

@inproceedings{liu2024preference,
  address =      {Vienna, Austria},
  author =       {Liu, Songtao and Dai, Hanjun and Zhao, Yue and Liu,
                  Peng},
  booktitle =    {Forty-first International Conference on Machine
                  Learning (ICML)},
  month =        {July},
  note =         {\url{https://openreview.net/forum?id=oLfq1KKneW}},
  openalex =     {W4399414484},
  publisher =    {OpenReview.net},
  title =        {Preference Optimization for Molecule Synthesis with
                  Conditional Residual Energy-based Models},
  year =         2024
}

@article{maes2009nieme,
  author =       {Maes, Francis},
  journal =      {Journal of Machine Learning Research},
  note =         {\url{http://jmlr.org/papers/v10/maes09a.html}},
  number =       26,
  pages =        {743--746},
  title =        {Nieme: Large-Scale Energy-Based Models},
  volume =       10,
  year =         2009
}

@inproceedings{matsubara2020deep,
  address =      {Virtual Event},
  author =       {Matsubara, Takashi and Ishikawa, Ai and Yaguchi,
                  Takaharu},
  booktitle =    {Advances in Neural Information Processing Systems 33
                  (NeurIPS)},
  editor =       {H. Larochelle and M. Ranzato and R. Hadsell and
                  M.F. Balcan and H. Lin},
  month =        {December},
  note =
                  {\url{https://proceedings.neurips.cc/paper_files/paper/2020/file/98b418276d571e623651fc1d471c7811-Paper.pdf}},
  openalex =     {W3036215402},
  pages =        {13100--13111},
  publisher =    {Curran Associates, Inc.},
  series =       {Conference Track Proceedings},
  title =        {Deep Energy-Based Modeling of Discrete-Time Physics},
  volume =       33,
  year =         2020
}

@inproceedings{messaoud2024s2ac,
  address =      {Vienna, Austria},
  author =       {Messaoud, Safa and Mokeddem, Billel and Xue,
                  Zhenghai and Pang, Linsey and An, Bo and Chen,
                  Haipeng and Chawla, Sanjay},
  booktitle =    {12th International Conference on Learning
                  Representations (ICLR)},
  month =        {May},
  note =         {\url{https://openreview.net/forum?id=rAHcTCMaLc}},
  openalex =     {W4396650961},
  publisher =    {OpenReview.net},
  series =       {Conference Track Proceedings},
  title =        {S$^2$AC: Energy-Based Reinforcement Learning with
                  Stein Soft Actor Critic},
  year =         2024
}

@inproceedings{miao2024localitysensitive,
  address =      {Vienna, Austria},
  author =       {Miao, Siqi and Lu, Zhiyuan and Liu, Mia and Duarte,
                  J. and Li, Pan},
  booktitle =    {Forty-first International Conference on Machine
                  Learning (ICML)},
  month =        {July},
  note =         {\url{https://openreview.net/forum?id=vJx6fld6l0}},
  openalex =     {W4392019908},
  publisher =    {OpenReview.net},
  title =        {Locality-Sensitive Hashing-Based Efficient Point
                  Transformer with Applications in High-Energy
                  Physics},
  year =         2024
}

@inproceedings{millidge2023backpropagation,
  address =      {Kigali, Rwanda},
  author =       {Millidge, Beren and Song, Yuhang and Salvatori,
                  Tommaso and Lukasiewicz, Thomas and Bogacz, Rafał},
  booktitle =    {11th International Conference on Learning
                  Representations (ICLR)},
  month =        {May},
  note =         {\url{https://openreview.net/forum?id=nIMifqu2EO}},
  openalex =     {W4320460338},
  publisher =    {OpenReview.net},
  series =       {Conference Track Proceedings},
  title =        {Backpropagation at the Infinitesimal Inference Limit
                  of Energy-Based Models: Unifying Predictive Coding,
                  Equilibrium Propagation, and Contrastive Hebbian
                  Learning},
  year =         2023
}

@inproceedings{mordatch2018concept,
  address =      {Vancouver, British Columbia, Canada},
  author =       {Mordatch, Igor},
  booktitle =    {6th International Conference on Learning
                  Representations (ICLR)},
  month =        {April},
  note =         {\url{https://openreview.net/forum?id=H12Y1dJDG}},
  openalex =     {W2900436521},
  publisher =    {OpenReview.net},
  series =       {Workshop Track Proceedings},
  title =        {Concept Learning with Energy-Based Models},
  year =         2018
}

@inproceedings{nguyen2023energy,
  address =      {New Orleans, Louisiana, USA},
  author =       {Nguyen, Khai and Ho, Nhat},
  booktitle =    {Advances in Neural Information Processing Systems 36
                  (NeurIPS)},
  editor =       {Oh, A. and Naumann, T. and Globerson, A. and Saenko,
                  K. and Hardt, M. and Levine, S.},
  month =        {December},
  note =
                  {\url{https://proceedings.neurips.cc/paper_files/paper/2023/file/3a23caeb904c822575fa56fb114ca499-Paper-Conference.pdf}},
  openalex =     {W4367190814},
  pages =        {18046--18075},
  publisher =    {Curran Associates, Inc.},
  series =       {Conference Track Proceedings},
  title =        {Energy-Based Sliced Wasserstein Distance},
  volume =       36,
  year =         2023
}

@inproceedings{nie2021controllable,
  address =      {Virtual Event},
  author =       {Nie, Weili and Vahdat, Arash and Anandkumar, Anima},
  booktitle =    {Advances in Neural Information Processing Systems 34
                  (NeurIPS)},
  editor =       {Ranzato, M. and Beygelzimer, A. and Dauphin, Y. and
                  Liang, P. S. and Wortman Vaughan, J.},
  month =        {December},
  note =
                  {\url{https://proceedings.neurips.cc/paper_files/paper/2021/file/701d804549a4a23d3cae801dac6c2c75-Paper.pdf}},
  openalex =     {W3207932648},
  pages =        {13497--13510},
  publisher =    {Curran Associates, Inc.},
  series =       {Conference Track Proceedings},
  title =        {Controllable and Compositional Generation with
                  Latent-Space Energy-Based Models},
  volume =       34,
  year =         2021
}

@inproceedings{nijkamp2019learning,
  address =      {Vancouver, British Columbia, Canada},
  author =       {Nijkamp, Erik and Hill, Mitch and Zhu, Song-Chun and
                  Wu, Ying Nian},
  booktitle =    {Advances in Neural Information Processing Systems 32
                  (NeurIPS)},
  editor =       {Wallach, H. and Larochelle, H. and Beygelzimer,
                  A. and d'Alché-Buc, F. and Fox, E. and Garnett, R.},
  month =        {December},
  note =
                  {\url{https://proceedings.neurips.cc/paper_files/paper/2019/file/2bc8ae25856bc2a6a1333d1331a3b7a6-Paper.pdf}},
  publisher =    {Curran Associates, Inc.},
  series =       {Conference Track Proceedings},
  title =        {Learning Non-Convergent Non-Persistent Short-Run
                  MCMC Toward Energy-Based Model},
  volume =       32,
  year =         2019
}

@inproceedings{nijkamp2022mcmc,
  address =      {Virtual Event},
  author =       {Nijkamp, Erik and Gao, Ruiqi and Sountsov, Pavel and
                  Vasudevan, Srinivas and Pang, Bo and Zhu, Song-Chun
                  and Wu, Ying Nian},
  booktitle =    {10th International Conference on Learning
                  Representations (ICLR)},
  month =        {April},
  note =
                  {\url{\url{https://openreview.net/forum?id=4C93Qvn-tz}}},
  publisher =    {OpenReview.net},
  series =       {Conference Track Proceedings},
  title =        {MCMC Should Mix: Learning Energy-Based Model with
                  Neural Transport Latent Space MCMC},
  year =         2022
}

@inproceedings{osadchy2004synergistic,
  address =      {Vancouver, British Columbia, Canada},
  author =       {Osadchy, Margarita and Miller, Matthew and Cun,
                  Yann},
  booktitle =    {Advances in Neural Information Processing Systems 17
                  (NIPS)},
  editor =       {Saul, L. and Weiss, Y. and Bottou, L.},
  month =        {December},
  note =
                  {\url{https://proceedings.neurips.cc/paper_files/paper/2004/file/06c284d3f757b15c02f47f3ff06dc275-Paper.pdf}},
  publisher =    {MIT Press},
  series =       {Conference Track Proceedings},
  title =        {Synergistic Face Detection and Pose Estimation with
                  Energy-Based Models},
  volume =       17,
  year =         2004
}

@inproceedings{osadchy2004synergistic,
  address =      {Vancouver, British Columbia, Canada},
  author =       {Osadchy, Margarita and Miller, Matthew and Cun,
                  Yann},
  booktitle =    {Advances in Neural Information Processing Systems 17
                  (NIPS)},
  editor =       {Saul, L. and Weiss, Y. and Bottou, L.},
  month =        {December},
  note =
                  {\url{https://proceedings.neurips.cc/paper_files/paper/2004/file/06c284d3f757b15c02f47f3ff06dc275-Paper.pdf}},
  publisher =    {MIT Press},
  series =       {Conference Track Proceedings},
  title =        {Synergistic Face Detection and Pose Estimation with
                  Energy-Based Models},
  volume =       17,
  year =         2004
}

@inproceedings{pang2020learning,
  address =      {Virtual Event},
  author =       {Pang, Bo and Han, Tian and Nijkamp, Erik and Zhu,
                  Song‐Chun and Wu, Ying},
  booktitle =    {Advances in Neural Information Processing Systems 33
                  (NeurIPS)},
  editor =       {H. Larochelle and M. Ranzato and R. Hadsell and
                  M.F. Balcan and H. Lin},
  month =        {December},
  note =
                  {\url{https://proceedings.neurips.cc/paper_files/paper/2020/file/fa3060edb66e6ff4507886f9912e1ab9-Paper.pdf}},
  openalex =     {W3102021454},
  pages =        {21994--22008},
  publisher =    {Curran Associates, Inc.},
  series =       {Conference Track Proceedings},
  title =        {Learning Latent Space Energy-Based Prior Model},
  volume =       33,
  year =         2020
}

@inproceedings{pang2021latent,
  address =      {Virtual Event},
  author =       {Pang, Bo and Wu, Ying Nian},
  booktitle =    {Proceedings of the 38th International Conference on
                  Machine Learning (ICML)},
  editor =       {Meila, Marina and Zhang, Tong},
  month =        {July},
  note =
                  {\url{http://proceedings.mlr.press/v139/pang21a.html}},
  pages =        {8359--8370},
  publisher =    {PMLR},
  series =       {Proceedings of Machine Learning Research},
  title =        {Latent Space Energy-Based Model of Symbol-Vector
                  Coupling for Text Generation and Classification},
  volume =       139,
  year =         2021
}

@inproceedings{park2023energy,
  address =      {New Orleans, Louisiana, USA},
  author =       {Park, Geon Yeong and Kim, Jeongsol and Kim, Beomsu
                  and Lee, Sang Wan and Ye, Jong Chul},
  booktitle =    {Advances in Neural Information Processing Systems 36
                  (NeurIPS)},
  editor =       {Oh, A. and Naumann, T. and Globerson, A. and Saenko,
                  K. and Hardt, M. and Levine, S.},
  month =        {December},
  note =
                  {\url{https://proceedings.neurips.cc/paper_files/paper/2023/file/f0878b7efa656b3bbd407c9248d13751-Paper-Conference.pdf}},
  openalex =     {W4381252599},
  pages =        {76382--76408},
  publisher =    {Curran Associates, Inc.},
  series =       {Conference Track Proceedings},
  title =        {Energy-Based Cross Attention for Bayesian Context
                  Update in Text-to-Image Diffusion Models},
  volume =       36,
  year =         2023
}

@inproceedings{peng2024energybased,
  address =      {Vienna, Austria},
  author =       {Peng, Ru and Zou, Heming and Wang, Haobo and Zeng,
                  Yawen and Huang, Zenan and Zhao, Junbo},
  booktitle =    {12th International Conference on Learning
                  Representations (ICLR)},
  day =          {7--11},
  month =        {May},
  note =         {\url{https://openreview.net/forum?id=CHGcP6lVWd}},
  publisher =    {OpenReview.net},
  series =       {Conference Track Proceedings},
  title =        {Energy-based Automated Model Evaluation},
  year =         2024
}

@inproceedings{perina2009free,
  address =      {Vancouver, British Columbia, Canada},
  author =       {Perina, Alessandro and Cristani, Marco and
                  Castellani, Umberto and Murino, Vittorio and Jojić,
                  Nebojša},
  booktitle =    {Advances in Neural Information Processing Systems 22
                  (NIPS)},
  editor =       {Bengio, Y. and Schuurmans, D. and Lafferty, J. and
                  Williams, C. and Culotta, A.},
  month =        {December},
  note =
                  {\url{https://proceedings.neurips.cc/paper_files/paper/2009/file/08d98638c6fcd194a4b1e6992063e944-Paper.pdf}},
  openalex =     {W2107137555},
  publisher =    {Curran Associates, Inc.},
  series =       {Conference Track Proceedings},
  title =        {Free energy score space},
  volume =       22,
  year =         2009
}

@inproceedings{pokkunuru2023improved,
  address =      {Kigali, Rwanda},
  author =       {Pokkunuru, Akarsh and Rooshenas, Pedram and Strauss,
                  Thilo and Abhishek, Anuj and Khan, Taufiquar},
  booktitle =    {11th International Conference on Learning
                  Representations (ICLR)},
  month =        {May},
  note =         {\url{https://openreview.net/forum?id=zqkfJA6R1-r}},
  publisher =    {OpenReview.net},
  series =       {Conference Track Proceedings},
  title =        {Improved Training of Physics-Informed Neural
                  Networks Using Energy-Based Priors: a Study on
                  Electrical Impedance Tomography},
  year =         2023
}

@inproceedings{qin2022cold,
  address =      {New Orleans, Louisiana, USA},
  author =       {Qin, Lianhui and Welleck, Sean and Khashabi, Daniel
                  and Choi, Yejin},
  booktitle =    {Advances in Neural Information Processing Systems 35
                  (NeurIPS)},
  editor =       {Koyejo, S. and Mohamed, S. and Agarwal, A. and
                  Belgrave, D. and Cho, K. and Oh, A.},
  month =        {November},
  note =
                  {\url{https://proceedings.neurips.cc/paper_files/paper/2022/file/3e25d1aff47964c8409fd5c8dc0438d7-Paper-Conference.pdf}},
  openalex =     {W4221143575},
  pages =        {9538--9551},
  publisher =    {Curran Associates, Inc.},
  series =       {Conference Track Proceedings},
  title =        {COLD Decoding: Energy-based Constrained Text
                  Generation with Langevin Dynamics},
  volume =       35,
  year =         2022
}

@inproceedings{qiu2020unbiased,
  address =      {Addis Ababa, Ethiopia},
  author =       {Qiu, Yixuan and Zhang, Lingsong and Wang, Xiao},
  booktitle =    {8th International Conference on Learning
                  Representations (ICLR)},
  month =        {April},
  note =         {\url{https://openreview.net/forum?id=r1eyceSYPr}},
  openalex =     {W2996607545},
  publisher =    {OpenReview.net},
  series =       {Conference Track Proceedings},
  title =        {Unbiased Contrastive Divergence Algorithm for
                  Training Energy-Based Latent Variable Models},
  year =         2020
}

@inproceedings{ranzato2006efficient,
  address =      {Vancouver, British Columbia, Canada},
  author =       {Ranzato, Marc'Aurelio and Poultney, Christopher and
                  Chopra, Sumit and Cun, Yann},
  booktitle =    {Advances in Neural Information Processing Systems 19
                  (NIPS)},
  editor =       {Schölkopf, Bernhard and Platt, John and Hoffman,
                  Tobias},
  month =        {December},
  note =
                  {\url{https://proceedings.neurips.cc/paper_files/paper/2006/file/87f4d79e36d68c3031ccf6c55e9bbd39-Paper.pdf}},
  publisher =    {MIT Press},
  series =       {Conference Track Proceedings},
  title =        {Efficient Learning of Sparse Representations with an
                  Energy-Based Model},
  volume =       19,
  year =         2006
}

@inproceedings{ren2024carbonnovo,
  address =      {Vienna, Austria},
  author =       {Ren, Milong and Zhu, Tian and Zhang, Haicang},
  booktitle =    {Forty-first International Conference on Machine
                  Learning (ICML)},
  month =        {July},
  note =         {\url{https://openreview.net/forum?id=FSxTEvuFa7}},
  publisher =    {OpenReview.net},
  title =        {CarbonNovo: Joint Design of Protein Structure and
                  Sequence Using a Unified Energy-based Model},
  year =         2024
}

@inproceedings{russell2019fixing,
  address =      {Vancouver, British Columbia, Canada},
  author =       {Russell, Chris and Toso, Matteo and Campbell, Neill},
  booktitle =    {Advances in Neural Information Processing Systems 32
                  (NeurIPS)},
  editor =       {Wallach, H. and Larochelle, H. and Beygelzimer,
                  A. and d'Alché-Buc, F. and Fox, E. and Garnett, R.},
  month =        {December},
  note =
                  {\url{https://proceedings.neurips.cc/paper_files/paper/2019/file/b0b183c207f46f0cca7dc63b2604f5cc-Paper.pdf}},
  publisher =    {Curran Associates, Inc.},
  series =       {Conference Track Proceedings},
  title =        {Fixing Implicit Derivatives: Trust-Region Based
                  Learning of Continuous Energy Functions},
  volume =       32,
  year =         2019
}

@inproceedings{ryu2023equivariant,
  address =      {Kigali, Rwanda},
  author =       {Ryu, Hyunwoo and Lee, Jeong Hoon and Lee, Hong-in
                  and Choi, Jongeun},
  booktitle =    {11th International Conference on Learning
                  Representations (ICLR)},
  month =        {May},
  note =         {\url{https://openreview.net/forum?id=dnjZSPGmY5O}},
  openalex =     {W4283067636},
  publisher =    {OpenReview.net},
  series =       {Conference Track Proceedings},
  title =        {Equivariant Descriptor Fields: SE(3)-Equivariant
                  Energy-Based Models for End-to-End Visual Robotic
                  Manipulation Learning},
  year =         2023
}

@inproceedings{scellier2023energy,
  address =      {New Orleans, Louisiana, USA},
  author =       {Scellier, Benjamin and Ernoult, Maxence and Kendall,
                  Jack D. and Kumar, Suhas},
  booktitle =    {Advances in Neural Information Processing Systems 36
                  (NeurIPS)},
  editor =       {A. Oh and T. Naumann and A. Globerson and K. Saenko
                  and M. Hardt and S. Levine},
  month =        {December},
  note =
                  {\url{https://proceedings.neurips.cc/paper_files/paper/2023/file/a52b0d191b619477cc798d544f4f0e4b-Paper-Conference.pdf}},
  openalex =     {W4390305952},
  pages =        {52705--52731},
  publisher =    {Curran Associates, Inc.},
  series =       {Conference Track Proceedings},
  title =        {Energy-based learning algorithms for analog
                  computing: a comparative study},
  volume =       36,
  year =         2023
}

@inproceedings{schroder2023energy,
  address =      {New Orleans, Louisiana, USA},
  author =       {Schröder, Tobias and Ou, Zijing and Lim, Jen Ning
                  and Li, Yingzhen and Vollmer, Sebastian J. and
                  Duncan, A.},
  booktitle =    {Advances in Neural Information Processing Systems 36
                  (NeurIPS)},
  editor =       {A. Oh and T. Naumann and A. Globerson and K. Saenko
                  and M. Hardt and S. Levine},
  month =        {December},
  note =
                  {\url{https://proceedings.neurips.cc/paper_files/paper/2023/file/8e176ef071f00f1b233461c5ad5e1b24-Paper-Conference.pdf}},
  openalex =     {W4384389815},
  pages =        {45300--45338},
  publisher =    {Curran Associates, Inc.},
  series =       {Conference Track Proceedings},
  title =        {Energy Discrepancies: A Score-Independent Loss for
                  Energy-Based Models},
  volume =       36,
  year =         2023
}

@inproceedings{seyyedsalehi2024sointer,
  address =      {Vienna, Austria},
  author =       {Seyyedsalehi, S. Fatemeh and Soleymani, Mahdieh and
                  Rabiee, Hamid R.},
  booktitle =    {12th International Conference on Learning
                  Representations (ICLR)},
  month =        {May},
  note =         {\url{https://openreview.net/forum?id=Fn655mJ4bv}},
  openalex =     {W4226035331},
  publisher =    {OpenReview.net},
  series =       {Conference Track Proceedings},
  title =        {SOInter: A Novel Deep Energy Based Interpretation
                  Method for Explaining Structured Output Models},
  year =         2024
}

@inproceedings{si2023semiautoregressive,
  address =      {Honolulu, Hawaii, USA},
  author =       {Si, Phillip and Chen, Zeyi and Sahoo, Subham Sekhar
                  and Schiff, Yair and Kuleshov, Volodymyr},
  booktitle =    {International Conference on Machine Learning (ICML)},
  editor =       {Krause, Andreas and Brunskill, Emma and Cho,
                  Kyunghyun and Engelhardt, Barbara and Sabato, Sivan
                  and Scarlett, Jonathan},
  month =        {July},
  note =         {\url{https://proceedings.mlr.press/v202/si23a.html}},
  pages =        {31732--31753},
  publisher =    {PMLR},
  series =       {Proceedings of Machine Learning Research},
  title =        {Semi-Autoregressive Energy Flows: Exploring
                  Likelihood-Free Training of Normalizing Flows},
  volume =       202,
  year =         2023
}

@inproceedings{sun2021towardsa,
  address =      {Virtual Event},
  author =       {Sun, Ruoxi and Dai, Hanjun and Li, Li and Kearnes,
                  Steven and Dai, Bo},
  booktitle =    {Advances in Neural Information Processing Systems 34
                  (NeurIPS)},
  editor =       {M. Ranzato and A. Beygelzimer and Y. Dauphin and
                  P.S. Liang and J. Wortman Vaughan},
  month =        {December},
  note =
                  {\url{https://proceedings.neurips.cc/paper_files/paper/2021/file/5470abe68052c72afb19be45bb418d02-Paper.pdf}},
  openalex =     {W3211876185},
  pages =        {10186--10194},
  publisher =    {Curran Associates, Inc.},
  series =       {Conference Track Proceedings},
  title =        {Towards understanding retrosynthesis by energy-based
                  models},
  volume =       34,
  year =         2021
}

@inproceedings{suri2022surprise,
  address =      {New Orleans, Louisiana, USA},
  author =       {Suri, Karush and Shi, Xiao Qi and Plataniotis,
                  Konstantinos N and Lawryshyn, Yuri},
  booktitle =    {Advances in Neural Information Processing Systems 35
                  (NeurIPS)},
  month =        {November},
  note =
                  {\url{https://proceedings.neurips.cc/paper_files/paper/2022/file/28dad4a70f748a2980998d3ed0f1b8d2-Paper-Conference.pdf}},
  pages =        {6175--6189},
  publisher =    {Curran Associates, Inc.},
  series =       {Conference Track Proceedings},
  title =        {Surprise Minimizing Multi-Agent Learning with
                  Energy-based Models},
  volume =       35,
  year =         2022
}

@inproceedings{swersky2011on,
  address =      {Bellevue, Washington, USA},
  author =       {Swersky, Kevin and Ranzato, Marc’Aurelio and
                  Buchman, David and Freitas, Nando de and Marlin,
                  Benjamin M.},
  booktitle =    {Proceedings of the 28th International Conference on
                  Machine Learning (ICML)},
  editor =       {Getoor, Lise and Scheffer, Tobias},
  month =        {June},
  note =         {\url{https://icml.cc/2011/papers/622_icmlpaper.pdf}},
  openalex =     {W2191540403},
  pages =        {1201--1208},
  publisher =    {Omnipress},
  title =        {On Autoencoders and Score Matching for Energy Based
                  Models},
  year =         2011
}

@inproceedings{vougioukas2021dino,
  address =      {Virtual Event, Austria},
  author =       {Vougioukas, Konstantinos and Petridis, Stavros and
                  Pantić, Maja},
  booktitle =    {9th International Conference on Learning
                  Representations (ICLR)},
  month =        {May},
  note =         {\url{https://openreview.net/forum?id=WAISmwsqDsb}},
  openalex =     {W3131403089},
  publisher =    {OpenReview.net},
  series =       {Conference Track Proceedings},
  title =        {DINO: A Conditional Energy-Based GAN for Domain
                  Translation},
  year =         2021
}

@inproceedings{wang2022unified,
  address =      {Virtual Event},
  author =       {Wang, Yifei and Wang, Yisen and Yang, Jiansheng and
                  Lin, Zhouchen},
  booktitle =    {10th International Conference on Learning
                  Representations (ICLR)},
  month =        {April},
  note =         {\url{https://openreview.net/forum?id=XhF2VOMRHS}},
  publisher =    {OpenReview.net},
  series =       {Conference Track Proceedings},
  title =        {A Unified Contrastive Energy-based Model for
                  Understanding the Generative Ability of Adversarial
                  Training},
  year =         2022
}

@inproceedings{wang2023beef,
  address =      {Kigali, Rwanda},
  author =       {Wang, Fu-Yun and Zhou, Da-Wei and Liu, Liu and Ye,
                  Han-Jia and Bian, Yatao and Zhan, De-Chuan and Zhao,
                  Peilin},
  booktitle =    {11th International Conference on Learning
                  Representations (ICLR)},
  month =        {May},
  note =         {\url{https://openreview.net/forum?id=iP77_axu0h3}},
  publisher =    {OpenReview.net},
  series =       {Conference Track Proceedings},
  title =        {BEEF: Bi-Compatible Class-Incremental Learning via
                  Energy-Based Expansion and Fusion},
  year =         2023
}

@inproceedings{watanabe2009graph,
  address =      {Vancouver, British Columbia, Canada},
  author =       {Watanabe, Yusuke and Fukumizu, Kenji},
  booktitle =    {Advances in Neural Information Processing Systems 22
                  (NIPS)},
  editor =       {Bengio, Y. and Schuurmans, D. and Lafferty, J. and
                  Williams, C. and Culotta, A.},
  month =        {December},
  note =
                  {\url{https://proceedings.neurips.cc/paper_files/paper/2009/file/b6f0479ae87d244975439c6124592772-Paper.pdf}},
  openalex =     {W2963389401},
  publisher =    {Curran Associates, Inc.},
  series =       {Conference Track Proceedings},
  title =        {Graph Zeta Function in the Bethe Free Energy and
                  Loopy Belief Propagation},
  volume =       22,
  year =         2009
}

@inproceedings{willette2022meta,
  address =      {Virtual Event},
  author =       {Willette, Jeffrey Ryan and Lee, Hae Beom and Lee,
                  Juho and Hwang, Sung Ju},
  booktitle =    {10th International Conference on Learning
                  Representations (ICLR)},
  month =        {April},
  note =         {\url{https://openreview.net/forum?id=GQd7mXSPua}},
  publisher =    {OpenReview.net},
  series =       {Conference Track Proceedings},
  title =        {Meta Learning Low Rank Covariance Factors for Energy
                  Based Deterministic Uncertainty},
  year =         2022
}

@inproceedings{wiseman2019amortized,
  address =      {Vancouver, British Columbia, Canada},
  author =       {Wiseman, Sam and Kim, Yoon},
  booktitle =    {Advances in Neural Information Processing Systems 32
                  (NeurIPS)},
  editor =       {H. Wallach and H. Larochelle and A. Beygelzimer and
                  F. d’Alché-Buc and E. Fox and R. Garnett},
  month =        {December},
  note =
                  {\url{https://proceedings.neurips.cc/paper_files/paper/2019/file/dc554706afe4c72a60a25314cbaece80-Paper.pdf}},
  openalex =     {W2991548366},
  publisher =    {Curran Associates, Inc.},
  series =       {Conference Track Proceedings},
  title =        {Amortized Bethe Free Energy Minimization for
                  Learning MRFs},
  volume =       32,
  year =         2019
}

@inproceedings{wu2021conjugate,
  address =      {Virtual Event},
  author =       {Wu, Hao and Esmaeili, Babak and Wick, Michael and
                  Tristan, Jean-Baptiste and Meent, Jan-Willem van de},
  booktitle =    {Proceedings of the 38th International Conference on
                  Machine Learning (ICML)},
  editor =       {Meila, Marina and Zhang, Tong},
  month =        {July},
  note =         {\url{http://proceedings.mlr.press/v139/wu21a.html}},
  openalex =     {W3171722930},
  pages =        {11228--11239},
  publisher =    {PMLR},
  series =       {Proceedings of Machine Learning Research},
  title =        {Conjugate Energy-Based Models},
  volume =       139,
  year =         2021
}

@inproceedings{wu2023energybased,
  address =      {Kigali, Rwanda},
  author =       {Wu, Qitian and Chen, Yi-Ting and Yang, Chenxiao and
                  Yan, Junchi},
  booktitle =    {11th International Conference on Learning
                  Representations (ICLR)},
  month =        {May},
  note =         {\url{https://openreview.net/forum?id=zoz7Ze4STUL}},
  openalex =     {W4319453668},
  publisher =    {OpenReview.net},
  series =       {Conference Track Proceedings},
  title =        {Energy-based Out-of-Distribution Detection for Graph
                  Neural Networks},
  year =         2023
}

@inproceedings{xiao2021vaebm,
  address =      {Virtual Event, Austria},
  author =       {Xiao, Zhisheng and Kreis, Karsten and Kautz, Jan and
                  Vahdat, Arash},
  booktitle =    {9th International Conference on Learning
                  Representations (ICLR)},
  month =        {May},
  note =         {\url{https://openreview.net/forum?id=5m3SEczOV8L}},
  openalex =     {W3118605064},
  publisher =    {OpenReview.net},
  series =       {Conference Track Proceedings},
  title =        {VAEBM: A Symbiosis between Variational Autoencoders
                  and Energy-based Models},
  year =         2021
}

@inproceedings{xiao2022adaptive,
  address =      {New Orleans, Louisiana, USA},
  author =       {Xiao, Zhisheng and Han, Tian},
  booktitle =    {Advances in Neural Information Processing Systems 35
                  (NeurIPS)},
  editor =       {Koyejo, S. and Mohamed, S. and Agarwal, A. and
                  Belgrave, D. and Cho, K. and Oh, A.},
  month =        {November},
  note =
                  {\url{https://proceedings.neurips.cc/paper_files/paper/2022/file/874a4d89f2d04b4bcf9a2c19545cf040-Paper-Conference.pdf}},
  openalex =     {W4320520236},
  pages =        {21590--21601},
  publisher =    {Curran Associates, Inc.},
  series =       {Conference Track Proceedings},
  title =        {Adaptive Multi-stage Density Ratio Estimation for
                  Learning Latent Space Energy-based Model},
  volume =       35,
  year =         2022
}

@inproceedings{xiao2023energybased,
  address =      {Kigali, Rwanda},
  author =       {Xiao, Zehao and Zhen, Xiantong and Liao, Shengcai
                  and Snoek, Cees G. M.},
  booktitle =    {11th International Conference on Learning
                  Representations (ICLR)},
  month =        {May},
  note =         {\url{https://openreview.net/forum?id=3dnrKbeVatv}},
  openalex =     {W4321649533},
  publisher =    {OpenReview.net},
  series =       {Conference Track Proceedings},
  title =        {Energy-Based Test Sample Adaptation for Domain
                  Generalization},
  year =         2023
}

@inproceedings{xie2022tale,
  address =      {Virtual Event},
  author =       {Xie, Jianwen and Zhu, Yaxuan and Li, Jun and Li,
                  Ping},
  booktitle =    {10th International Conference on Learning
                  Representations (ICLR)},
  month =        {April},
  note =
                  {\url{\url{https://openreview.net/forum?id=31d5RLCUuXC}}},
  openalex =     {W4280579774},
  publisher =    {OpenReview.net},
  series =       {Conference Track Proceedings},
  title =        {A Tale of Two Flows: Cooperative Learning of
                  Langevin Flow and Normalizing Flow Toward
                  Energy-Based Model},
  year =         2022
}

@inproceedings{xu2024energybased,
  address =      {Vienna, Austria},
  author =       {Xu, Xinyue and Qin, Yi and Mi, Lu and Wang, Hao and
                  Li, Xiaomeng},
  booktitle =    {12th International Conference on Learning
                  Representations (ICLR)},
  month =        {May},
  note =         {\url{https://openreview.net/forum?id=I1quoTXZzc}},
  publisher =    {OpenReview.net},
  series =       {Conference Track Proceedings},
  title =        {Energy-Based Concept Bottleneck Models: Unifying
                  Prediction, Concept Intervention, and Probabilistic
                  Interpretations},
  year =         2024
}

@inproceedings{yang2020energybased,
  address =      {Virtual Event},
  author =       {Yang, Mengjiao and Dai, Bo and Dai, Hanjun and
                  Schuurmans, Dale},
  booktitle =    {Proceedings of the 37th International Conference on
                  Machine Learning (ICML)},
  month =        {July},
  note =
                  {\url{http://proceedings.mlr.press/v119/yang20b.html}},
  openalex =     {W3011396939},
  pages =        {10681--10692},
  publisher =    {PMLR},
  series =       {Proceedings of Machine Learning Research},
  title =        {Energy-Based Processes for Exchangeable Data},
  volume =       119,
  year =         2020
}

@inproceedings{yang2024bounded,
  address =      {Vienna, Austria},
  author =       {Yang, Shenzhi and Liang, Bin and Liu, An and Gui,
                  Lin and Yao, Xingkai and Zhang, Xiaofang},
  booktitle =    {Forty-first International Conference on Machine
                  Learning (ICML)},
  month =        {July},
  note =         {\url{https://openreview.net/forum?id=mjh7AOWozN}},
  publisher =    {OpenReview.net},
  title =        {Bounded and Uniform Energy-Based Out-of-Distribution
                  Detection for Graphs},
  year =         2024
}

@inproceedings{yoon2023energy,
  address =      {New Orleans, Louisiana, USA},
  author =       {Yoon, Sangwoong and Jin, Young-Uk and Noh, Yung‐Kyun
                  and Park, Frank C.},
  booktitle =    {Advances in Neural Information Processing Systems 36
                  (NeurIPS)},
  editor =       {A. Oh and T. Naumann and A. Globerson and K. Saenko
                  and M. Hardt and S. Levine},
  month =        {December},
  note =
                  {\url{https://proceedings.neurips.cc/paper_files/paper/2023/file/9b6d7202750e8e32cd5270eb7fc131f7-Paper-Conference.pdf}},
  openalex =     {W4388092809},
  pages =        {49445--49466},
  publisher =    {Curran Associates, Inc.},
  series =       {Conference Track Proceedings},
  title =        {Energy-Based Models for Anomaly Detection: A
                  Manifold Diffusion Recovery Approach},
  volume =       36,
  year =         2023
}

@inproceedings{yu2020training,
  address =      {Virtual Event},
  author =       {Yu, Lantao and Song, Yang and Song, Jiaming and
                  Ermon, Stefano},
  booktitle =    {Proceedings of the 37th International Conference on
                  Machine Learning (ICML)},
  month =        {July},
  note =         {\url{http://proceedings.mlr.press/v119/yu20g.html}},
  openalex =     {W3009318622},
  pages =        {10957--10967},
  publisher =    {PMLR},
  series =       {Proceedings of Machine Learning Research},
  title =        {Training Deep Energy-Based Models with f-Divergence
                  Minimization},
  volume =       119,
  year =         2020
}

@inproceedings{yu2022latent,
  address =      {Baltimore, Maryland, USA},
  author =       {Yu, Peiyu and Xie, Sirui and Ma, Xiaojian and Jia,
                  Baoxiong and Pang, Bo and Gao, Ruiqi and Zhu, Yixin
                  and Zhu, Song‐Chun and Wu, Ying},
  booktitle =    {International Conference on Machine Learning (ICML)},
  editor =       {Chaudhuri, Kamalika and Jegelka, Stefanie and Song,
                  Le and Szepesvári, Csaba and Niu, Gang and Sabato,
                  Sivan},
  month =        {July},
  note =         {\url{https://proceedings.mlr.press/v162/yu22h.html}},
  openalex =     {W4282958700},
  pages =        {25702--25720},
  publisher =    {PMLR},
  series =       {Proceedings of Machine Learning Research},
  title =        {Latent Diffusion Energy-Based Model for
                  Interpretable Text Modeling},
  volume =       162,
  year =         2022
}

@inproceedings{yu2023learning,
  address =      {New Orleans, Louisiana, USA},
  author =       {Yu, Peiyu and Zhu, Yaxuan and Xie, Sirui and Ma,
                  Xiaojian and Gao, Ruiqi and Zhu, Song‐Chun and Wu,
                  Ying},
  booktitle =    {Advances in Neural Information Processing Systems 36
                  (NeurIPS)},
  editor =       {A. Oh and T. Naumann and A. Globerson and K. Saenko
                  and M. Hardt and S. Levine},
  month =        {December},
  note =
                  {\url{https://proceedings.neurips.cc/paper_files/paper/2023/file/85381f4549b5ddf1d48e2e287d7d3d15-Paper-Conference.pdf}},
  openalex =     {W4387432148},
  pages =        {42717--42747},
  publisher =    {Curran Associates, Inc.},
  series =       {Conference Track Proceedings},
  title =        {Learning Energy-Based Prior Model with
                  Diffusion-Amortized MCMC},
  volume =       36,
  year =         2023
}

@inproceedings{zhai2016deep,
  address =      {New York City, New York, USA},
  author =       {Zhai, Shuangfei and Cheng, Yu and Lu, Weining and
                  Zhang, Zhongfei},
  booktitle =    {Proceedings of the 33rd International Conference on
                  Machine Learning (ICML)},
  editor =       {Balcan, Maria-Florina and Weinberger, Kilian Q.},
  month =        {June},
  note =         {\url{http://proceedings.mlr.press/v48/zhai16.html}},
  openalex =     {W2398119937},
  pages =        {1100--1109},
  publisher =    {JMLR.org},
  series =       {JMLR Workshop and Conference Proceedings},
  title =        {Deep Structured Energy Based Models for Anomaly
                  Detection},
  volume =       48,
  year =         2016
}

@inproceedings{zhang2021learningc,
  address =      {Virtual Event},
  author =       {Zhang, Jing and Xie, Jianwen and Barnes, Nick and
                  Li, Ping},
  booktitle =    {Advances in Neural Information Processing Systems 34
                  (NeurIPS)},
  editor =       {M. Ranzato and A. Beygelzimer and Y. Dauphin and
                  P.S. Liang and J. Wortman Vaughan},
  month =        {December},
  note =
                  {\url{https://proceedings.neurips.cc/paper_files/paper/2021/file/8289889263db4a40463e3f358bb7c7a1-Paper.pdf}},
  openalex =     {W3212022073},
  pages =        {15448--15463},
  publisher =    {Curran Associates, Inc.},
  series =       {Conference Track Proceedings},
  title =        {Learning Generative Vision Transformer with
                  Energy-Based Latent Space for Saliency Prediction},
  volume =       34,
  year =         2021
}

@inproceedings{zhang2023outofdistribution,
  address =      {Kigali, Rwanda},
  author =       {Zhang, Jinsong and Fu, Qiang and Chen, Xu and Du,
                  Lun and Li, Zelin and Wang, Gang and Liu, Xiaoguang
                  and Han, Shi and Zhang, Dongmei},
  booktitle =    {11th International Conference on Learning
                  Representations (ICLR)},
  month =        {May},
  note =         {\url{https://openreview.net/forum?id=KkazG4lgKL}},
  publisher =    {OpenReview.net},
  series =       {Conference Track Proceedings},
  title =        {Out-of-Distribution Detection based on
                  In-Distribution Data Patterns Memorization with
                  Modern Hopfield Energy},
  year =         2023
}

@inproceedings{zhang2023robustb,
  address =      {Kigali, Rwanda},
  author =       {Zhang, Ruixiang and Che, Tong and Ivanovic, Boris
                  and Wang, Renhao and Pavone, Marco and Bengio,
                  Yoshua and Paull, Liam},
  booktitle =    {11th International Conference on Learning
                  Representations (ICLR)},
  month =        {May},
  note =         {\url{https://openreview.net/forum?id=wcNtbEtcGIC}},
  openalex =     {W4305033126},
  publisher =    {OpenReview.net},
  series =       {Conference Track Proceedings},
  title =        {Robust and Controllable Object-Centric Learning
                  through Energy-based Models},
  year =         2023
}

@inproceedings{zhao2017energy,
  address =      {Toulon, France},
  author =       {Zhao, Junbo Jake and Mathieu, Michaël and LeCun,
                  Yann},
  booktitle =    {5th International Conference on Learning
                  Representations (ICLR)},
  month =        {April},
  note =         {\url{https://openreview.net/forum?id=ryh9pmcee}},
  publisher =    {OpenReview.net},
  series =       {Conference Track Proceedings},
  title =        {Energy-based Generative Adversarial Networks},
  year =         2017
}

@inproceedings{zhao2021learning,
  address =      {Virtual Event, Austria},
  author =       {Zhao, Yang and Xie, Jianwen and Li, Ping},
  booktitle =    {9th International Conference on Learning
                  Representations (ICLR)},
  month =        {May},
  note =
                  {\url{\url{https://openreview.net/forum?id=aD1_5zowqV}}},
  openalex =     {W3129261417},
  publisher =    {OpenReview.net},
  series =       {Conference Track Proceedings},
  title =        {Learning Energy-Based Generative Models via
                  Coarse-to-Fine Expanding and Sampling},
  year =         2021
}

@inproceedings{zhu2024learninga,
  address =      {Vienna, Austria},
  author =       {Zhu, Yaxuan and Xie, Jianwen and Wu, Yingnian and
                  Gao, Ruiqi},
  booktitle =    {12th International Conference on Learning
                  Representations (ICLR)},
  month =        {May},
  note =         {\url{https://openreview.net/forum?id=AyzkDpuqcl}},
  openalex =     {W4386651302},
  publisher =    {OpenReview.net},
  series =       {Conference Track Proceedings},
  title =        {Learning Energy-Based Models by Cooperative
                  Diffusion Recovery Likelihood},
  year =         2024
}
