@inproceedings{abdolmaleki2015model,
  address = {Montreal, Quebec, Canada},
  author = {Abdolmaleki, Abbas and Lioutikov, Rodulf and Lua, Nuno and Reis, Luís Paulo and Peters, Jan and Neumann, Gerhard},
  booktitle = {Advances in Neural Information Processing Systems 28 (NIPS)},
  editor = {C. Cortes and N. Lawrence and D. Lee and M. Sugiyama and R. Garnett},
  month = {December},
  note = {\url{https://proceedings.neurips.cc/paper_files/paper/2015/file/36ac8e558ac7690b6f44e2cb5ef93322-Paper.pdf}},
  openalex = {W2185709919},
  publisher = {Curran Associates, Inc.},
  series = {Conference Track Proceedings},
  title = {Model-Based Relative Entropy Stochastic Search},
  volume = {28},
  year = {2015}
}

@inproceedings{abumostafa1987connectivity,
  address = {Denver, Colorado, USA},
  author = {Abu‐Mostafa, Yaser S.},
  booktitle = {Neural Information Processing Systems (NIPS)},
  editor = {D. Anderson},
  month = {November},
  note = {\url{https://proceedings.neurips.cc/paper_files/paper/1987/file/03afdbd66e7929b125f8597834fa83a4-Paper.pdf}},
  openalex = {W2122892797},
  publisher = {American Institute of Physics},
  series = {Conference Track Proceedings},
  title = {Connectivity Versus Entropy},
  year = {1987}
}

@inproceedings{acharya2019estimating,
  address = {Vancouver, British Columbia, Canada},
  author = {Acharya, Jayadev and Bhadane, Sourbh and Indyk, Piotr and Sun, Ziteng},
  booktitle = {Advances in Neural Information Processing Systems 32 (NeurIPS)},
  editor = {Wallach, H. and Larochelle, H. and Beygelzimer, A. and d'Alché-Buc, F. and Fox, E. and Garnett, R.},
  month = {December},
  note = {\url{https://proceedings.neurips.cc/paper_files/paper/2019/file/8e987cf1b2f1f6ffa6a43066798b4b7f-Paper.pdf}},
  openalex = {W2990129535},
  publisher = {Curran Associates, Inc.},
  series = {Conference Track Proceedings},
  title = {Estimating Entropy of Distributions in Constant Space},
  volume = {32},
  year = {2019}
}

@inproceedings{agnes2023learning,
  address = {Kigali, Rwanda},
  author = {Agnes, Novena},
  booktitle = {11th International Conference on Learning Representations (ICLR)},
  editor = {Maughan, Krystal and Liu, Rosanne and Burns, Thomas F.},
  month = {May},
  note = {\url{https://openreview.net/forum?id=x_adzmY6PQ5}},
  publisher = {OpenReview.net},
  series = {The First Tiny Papers Track},
  title = {Learning Weight Sensitivity from Entropy},
  year = {2023}
}

@inproceedings{agrawal2018proportional,
  address = {Stockholm, Sweden},
  author = {Agrawal, Shipra and Zadimoghaddam, Morteza and Mirrokni, Vahab},
  booktitle = {Proceedings of the 35th International Conference on Machine Learning (ICML)},
  editor = {Dy, Jennifer G. and Krause, Andreas},
  month = {July},
  note = {\url{http://proceedings.mlr.press/v80/agrawal18b.html}},
  openalex = {W2804815917},
  pages = {99--108},
  publisher = {PMLR},
  series = {Proceedings of Machine Learning Research},
  title = {Proportional Allocation: Simple, Distributed, and Diverse Matching with High Entropy.},
  volume = {80},
  year = {2018}
}

@inproceedings{ahmed2019understanding,
  address = {Long Beach, California, USA},
  author = {Ahmed, Zafarali and Roux, Nicolas Le and Norouzi, Mohammad and Schuurmans, Dale},
  booktitle = {Proceedings of the 36th International Conference on Machine Learning (ICML)},
  editor = {Chaudhuri, Kamalika and Salakhutdinov, Ruslan},
  month = {June},
  note = {\url{http://proceedings.mlr.press/v97/ahmed19a.html}},
  openalex = {W2962821147},
  pages = {151--160},
  publisher = {PMLR},
  series = {Proceedings of Machine Learning Research},
  title = {Understanding the impact of entropy on policy optimization},
  volume = {97},
  year = {2019}
}

@inproceedings{aliakbarpour2022estimation,
  address = {New Orleans, Louisiana, USA},
  author = {Aliakbarpour, Maryam and McGregor, Andrew and Nelson, Jelani and Waingarten, Erik},
  booktitle = {Advances in Neural Information Processing Systems 35 (NeurIPS)},
  editor = {Koyejo, S. and Mohamed, S. and Agarwal, A. and Belgrave, D. and Cho, K. and Oh, A.},
  month = {November},
  note = {\url{https://proceedings.neurips.cc/paper_files/paper/2022/file/d13a3eae72366e61dfdc7eea82eeb685-Paper-Conference.pdf}},
  openalex = {W4281396327},
  pages = {32474--32486},
  publisher = {Curran Associates, Inc.},
  series = {Conference Track Proceedings},
  title = {Estimation of Entropy in Constant Space with Improved Sample Complexity},
  volume = {35},
  year = {2022}
}

@inproceedings{archer2012bayesian,
  address = {Lake Tahoe, Nevada, USA},
  author = {Archer, Evan and Park, Il Memming and Pillow, Jonathan W.},
  booktitle = {Advances in Neural Information Processing Systems 25 (NIPS)},
  editor = {Pereira, F. and Burges, C.J. and Bottou, L. and Weinberger, K.Q.},
  month = {December},
  note = {\url{https://proceedings.neurips.cc/paper_files/paper/2012/file/0b8aff0438617c055eb55f0ba5d226fa-Paper.pdf}},
  openalex = {W2109647515},
  publisher = {Curran Associates, Inc.},
  series = {Conference Track Proceedings},
  title = {Bayesian estimation of discrete entropy with mixtures of stick-breaking priors},
  volume = {25},
  year = {2012}
}

@inproceedings{archer2013bayesian,
  address = {Lake Tahoe, Nevada, USA},
  author = {Archer, Evan and Park, Il Memming and Pillow, Jonathan W.},
  booktitle = {Advances in Neural Information Processing Systems 26 (NIPS)},
  editor = {C.J. Burges and L. Bottou and M. Welling and Z. Ghahramani and K.Q. Weinberger},
  month = {December},
  note = {\url{https://proceedings.neurips.cc/paper_files/paper/2013/file/f9a40a4780f5e1306c46f1c8daecee3b-Paper.pdf}},
  openalex = {W2134876548},
  publisher = {Curran Associates, Inc.},
  series = {Conference Track Proceedings},
  title = {Bayesian entropy estimation for binary spike train data using parametric prior knowledge},
  volume = {26},
  year = {2013}
}

@article{archer2014bayesian,
  author = {Archer, Evan and Park, Il Memming and Pillow, Jonathan W.},
  journal = {Journal of Machine Learning Research},
  note = {\url{http://jmlr.org/papers/v15/archer14a.html}},
  number = {81},
  openalex = {W2097108250},
  pages = {2833--2868},
  title = {Bayesian entropy estimation for countable discrete distributions},
  volume = {15},
  year = {2014}
}

@inproceedings{bai2020sparse,
  address = {Virtual Event},
  author = {Bai, Liang and Liang, Jiye},
  booktitle = {Proceedings of the 37th International Conference on Machine Learning (ICML)},
  month = {July},
  note = {\url{http://proceedings.mlr.press/v119/bai20b.html}},
  openalex = {W3034606867},
  pages = {561--568},
  publisher = {PMLR},
  series = {Proceedings of Machine Learning Research},
  title = {Sparse Subspace Clustering with Entropy-Norm},
  volume = {119},
  year = {2020}
}

@article{banerjee2007generalized,
  author = {Banerjee, Arindam and Dhillon, Inderjit S. and Ghosh, Joydeep and Merugu, Srujana and Modha, Dharmendra S.},
  journal = {Journal of Machine Learning Research},
  note = {\url{http://jmlr.org/papers/v8/banerjee07a.html}},
  number = {67},
  openalex = {W1929593512},
  pages = {1919--1986},
  title = {A Generalized Maximum Entropy Approach to Bregman Co-clustering and Matrix Approximation},
  volume = {8},
  year = {2007}
}

@inproceedings{bardenet2010surrogating,
  address = {Haifa, Israel},
  author = {Bardenet, R. and gl, Bal zs K},
  booktitle = {Proceedings of the 27th International Conference on Machine Learning (ICML)},
  editor = {Fü rnkranz, Johannes and Joachims, Thorsten},
  month = {June},
  note = {\url{https://icml.cc/Conferences/2010/papers/297.pdf}},
  openalex = {W1794206249},
  pages = {55--62},
  publisher = {Omnipress},
  title = {Surrogating the surrogate: accelerating Gaussian-process-based global optimization with a mixture cross-entropy algorithm},
  year = {2010}
}

@inproceedings{belakaria2019max,
  address = {Vancouver, British Columbia, Canada},
  author = {Belakaria, Syrine and Deshwal, Aryan and Doppa, Janardhan Rao},
  booktitle = {Advances in Neural Information Processing Systems 32 (NeurIPS)},
  editor = {H. Wallach and H. Larochelle and A. Beygelzimer and F. d'Alché-Buc and E. Fox and R. Garnett},
  month = {December},
  note = {\url{https://proceedings.neurips.cc/paper_files/paper/2019/file/82edc5c9e21035674d481640448049f3-Paper.pdf}},
  openalex = {W2970039673},
  publisher = {Curran Associates, Inc.},
  series = {Conference Track Proceedings},
  title = {Max-value Entropy Search for Multi-Objective Bayesian Optimization},
  volume = {32},
  year = {2019}
}

@inproceedings{bethge2007near,
  address = {Vancouver, British Columbia, Canada},
  author = {Bethge, Matthias and Berens, Philipp},
  booktitle = {Advances in Neural Information Processing Systems 20 (NIPS)},
  editor = {Platt, J. and Koller, D. and Singer, Y. and Roweis, S.},
  month = {December},
  note = {\url{https://proceedings.neurips.cc/paper_files/paper/2007/file/d296c101daa88a51f6ca8cfc1ac79b50-Paper.pdf}},
  openalex = {W2148936397},
  publisher = {Curran Associates, Inc.},
  series = {Conference Track Proceedings},
  title = {Near-Maximum Entropy Models for Binary Neural Representations of Natural Images},
  volume = {20},
  year = {2007}
}

@inproceedings{bhagoji2021lower,
  address = {Virtual Event},
  author = {Bhagoji, Arjun Nitin and Cullina, Daniel and Sehwag, Vikash and Mittal, Prateek},
  booktitle = {Proceedings of the 38th International Conference on Machine Learning (ICML)},
  editor = {Meila, Marina and Zhang, Tong},
  month = {July},
  note = {\url{http://proceedings.mlr.press/v139/bhagoji21a.html}},
  openalex = {W3154218688},
  pages = {863--873},
  publisher = {PMLR},
  series = {Proceedings of Machine Learning Research},
  title = {Lower Bounds on Cross-Entropy Loss in the Presence of Test-time Adversaries},
  volume = {139},
  year = {2021}
}

@inproceedings{biparva2024incorporating,
  address = {Vienna, Austria},
  author = {Biparva, Darya and Materassi, Donatello},
  booktitle = {Forty-first International Conference on Machine Learning (ICML)},
  month = {July},
  note = {\url{https://openreview.net/forum?id=DwniHlwcOB}},
  publisher = {OpenReview.net},
  title = {Incorporating Information into Shapley Values: Reweighting via a Maximum Entropy Approach},
  year = {2024}
}

@inproceedings{biswas2020muscle,
  address = {Virtual Event},
  author = {Biswas, Sourav and Liu, Jerry and Wong, Kelvin and Wang, Shenlong and Urtasun, Raquel},
  booktitle = {Advances in Neural Information Processing Systems 33 (NeurIPS)},
  editor = {H. Larochelle and M. Ranzato and R. Hadsell and M.F. Balcan and H. Lin},
  month = {December},
  note = {\url{https://proceedings.neurips.cc/paper_files/paper/2020/file/fc152e73692bc3c934d248f639d9e963-Paper.pdf}},
  openalex = {W3099936357},
  pages = {22170--22181},
  publisher = {Curran Associates, Inc.},
  series = {Conference Track Proceedings},
  title = {MuSCLE: Multi Sweep Compression of LiDAR using Deep Entropy Models},
  volume = {33},
  year = {2020}
}

@inproceedings{br2020differentiable,
  address = {Virtual Event},
  author = {Amos, Brandon and Yarats, Denis},
  booktitle = {Proceedings of the 37th International Conference on Machine Learning (ICML)},
  month = {July},
  note = {\url{http://proceedings.mlr.press/v119/amos20a.html}},
  openalex = {W3034999548},
  pages = {291--302},
  publisher = {PMLR},
  series = {Proceedings of Machine Learning Research},
  title = {The Differentiable Cross-Entropy Method},
  volume = {119},
  year = {2020}
}

@inproceedings{bravohermsdorff2022private,
  address = {New Orleans, Louisiana, USA},
  author = {Bravo-Hermsdorff, Gecia and Busa‐Fekete, Róbert and Ghavamzadeh, Mohammad and Medina, Andrés Muñoz and Umar, Syed},
  booktitle = {Advances in Neural Information Processing Systems 35 (NeurIPS)},
  editor = {S. Koyejo and S. Mohamed and A. Agarwal and D. Belgrave and K. Cho and A. Oh},
  month = {November},
  note = {\url{https://proceedings.neurips.cc/paper_files/paper/2022/file/62e5721247075dd097023d077d8e22f7-Paper-Conference.pdf}},
  openalex = {W4376652930},
  pages = {15382--15393},
  publisher = {Curran Associates, Inc.},
  series = {Conference Track Proceedings},
  title = {Private and Communication-Efficient Algorithms for Entropy Estimation},
  volume = {35},
  year = {2022}
}

@article{cai2021optimal,
  author = {Cai, Tony and Li, Hongzhe and Ma, Rong},
  journal = {Journal of Machine Learning Research},
  note = {\url{http://jmlr.org/papers/v22/20-610.html}},
  number = {46},
  pages = {1--45},
  title = {Optimal Structured Principal Subspace Estimation: Metric Entropy and Minimax Rates},
  volume = {22},
  year = {2021}
}

@inproceedings{cao2018improving,
  address = {Vancouver, British Columbia, Canada},
  author = {Cao, Yanshuai and Ding, Gavin Weiguang and Lui, Kry Yik-Chau and Huang, Ruitong},
  booktitle = {6th International Conference on Learning Representations (ICLR)},
  month = {April},
  note = {\url{https://openreview.net/forum?id=BkLhaGZRW}},
  openalex = {W2786720420},
  publisher = {OpenReview.net},
  series = {Conference Track Proceedings},
  title = {Improving GAN Training via Binarized Representation Entropy (BRE) Regularization},
  year = {2018}
}

@inproceedings{celis2020data,
  address = {Virtual Event},
  author = {Celis, Elisa and Keswani, Vijay and Vishnoi, Nisheeth K.},
  booktitle = {Proceedings of the 37th International Conference on Machine Learning (ICML)},
  month = {July},
  note = {\url{http://proceedings.mlr.press/v119/celis20a.html}},
  openalex = {W3034396216},
  pages = {1349--1359},
  publisher = {PMLR},
  series = {Proceedings of Machine Learning Research},
  title = {Data preprocessing to mitigate bias: A maximum entropy based approach},
  volume = {119},
  year = {2020}
}

@inproceedings{cen2021fast,
  address = {Virtual Event},
  author = {Cen, Shicong and Wei, Yuting and Chi, Yuejie},
  booktitle = {Advances in Neural Information Processing Systems 34 (NeurIPS)},
  editor = {M. Ranzato and A. Beygelzimer and Y. Dauphin and P.S. Liang and J. Wortman Vaughan},
  month = {December},
  note = {\url{https://proceedings.neurips.cc/paper_files/paper/2021/file/eb1848290d5a7de9c9ccabc67fefa211-Paper.pdf}},
  openalex = {W3169452765},
  pages = {27952--27964},
  publisher = {Curran Associates, Inc.},
  series = {Conference Track Proceedings},
  title = {Fast Policy Extragradient Methods for Competitive Games with Entropy Regularization},
  volume = {34},
  year = {2021}
}

@inproceedings{cen2021fast,
  address = {Virtual Event},
  author = {Cen, Shicong and Wei, Yuting and Chi, Yuejie},
  booktitle = {Advances in Neural Information Processing Systems 34 (NeurIPS)},
  editor = {M. Ranzato and A. Beygelzimer and Y. Dauphin and P.S. Liang and J. Wortman Vaughan},
  month = {December},
  note = {\url{https://proceedings.neurips.cc/paper_files/paper/2021/file/eb1848290d5a7de9c9ccabc67fefa211-Paper.pdf}},
  openalex = {W3169452765},
  pages = {27952--27964},
  publisher = {Curran Associates, Inc.},
  series = {Conference Track Proceedings},
  title = {Fast Policy Extragradient Methods for Competitive Games with Entropy Regularization},
  volume = {34},
  year = {2021}
}

@article{chakrabartty2007gini,
  author = {Chakrabartty, Shantanu and Cauwenberghs, Gert},
  journal = {Journal of Machine Learning Research},
  note = {\url{http://jmlr.org/papers/v8/chakrabartty07a.html}},
  number = {30},
  openalex = {W1763059553},
  pages = {813--839},
  title = {Gini Support Vector Machine: Quadratic Entropy Based Robust Multi-Class Probability Regression},
  volume = {8},
  year = {2007}
}

@inproceedings{chang2023revisiting,
  address = {Kigali, Rwanda},
  author = {Chang, Oscar and Hwang, Dongseong and Siohan, Olivier},
  booktitle = {11th International Conference on Learning Representations (ICLR)},
  month = {May},
  note = {\url{https://openreview.net/forum?id=SNgLnzFQeiD}},
  openalex = {W4390040696},
  publisher = {OpenReview.net},
  series = {Conference Track Proceedings},
  title = {Revisiting the Entropy Semiring for Neural Speech Recognition},
  year = {2023}
}

@inproceedings{chatzis2013infinite,
  address = {Atlanta, Georgia, USA},
  author = {Chatzis, Sotirios},
  booktitle = {Proceedings of the 30th International Conference on Machine Learning (ICML)},
  month = {June},
  note = {\url{http://proceedings.mlr.press/v28/chatzis13.html}},
  openalex = {W198438612},
  pages = {729--737},
  publisher = {JMLR.org},
  series = {JMLR Workshop and Conference Proceedings},
  title = {Infinite Markov-Switching Maximum Entropy Discrimination Machines},
  volume = {28},
  year = {2013}
}

@inproceedings{chaudhari2017entropy,
  address = {Toulon, France},
  author = {Chaudhari, Pratik and Choromanska, Anna and Soatto, Stefano and LeCun, Yann and Baldassi, Carlo and Borgs, Christian and Chayes, Jennifer and Sagun, Levent and Zecchina, Riccardo},
  booktitle = {5th International Conference on Learning Representations (ICLR)},
  month = {April},
  note = {\url{https://openreview.net/forum?id=B1YfAfcgl}},
  openalex = {W2552194003},
  publisher = {OpenReview.net},
  series = {Conference Track Proceedings},
  title = {Entropy-SGD: biasing gradient descent into wide valleys},
  year = {2017}
}

@inproceedings{chen2019fast,
  address = {Long Beach, California, USA},
  author = {Chen, Pin‐Yu and Wu, Lingfei and Liu, Sijia and Rajapakse, Indika},
  booktitle = {Proceedings of the 36th International Conference on Machine Learning (ICML)},
  editor = {Chaudhuri, Kamalika and Salakhutdinov, Ruslan},
  month = {June},
  note = {\url{http://proceedings.mlr.press/v97/chen19j.html}},
  openalex = {W2964221484},
  pages = {1091--1101},
  publisher = {PMLR},
  series = {Proceedings of Machine Learning Research},
  title = {Fast Incremental von Neumann Graph Entropy Computation: Theory, Algorithm, and Applications},
  volume = {97},
  year = {2019}
}

@inproceedings{chen2024towardsb,
  address = {Vienna, Austria},
  author = {Chen, Yaofo and Niu, Shuaicheng and Xu, Shoukai and Song, Hengjie and Wang, Yaowei and Tan, Mingkui},
  booktitle = {12th International Conference on Learning Representations (ICLR)},
  month = {May},
  note = {\url{https://openreview.net/forum?id=vePdNU3u6n}},
  openalex = {W4392271088},
  publisher = {OpenReview.net},
  series = {Conference Track Proceedings},
  title = {Towards Robust and Efficient Cloud-Edge Elastic Model Adaptation via
  Selective Entropy Distillation},
  year = {2024}
}

@inproceedings{chow2018path,
  address = {Stockholm, Sweden},
  author = {Ghavamzadeh, Mohammad and Nachum, Ofir and Chow, Yinlam},
  booktitle = {Proceedings of the 35th International Conference on Machine Learning (ICML)},
  editor = {Dy, Jennifer G. and Krause, Andreas},
  month = {July},
  note = {\url{http://proceedings.mlr.press/v80/chow18a.html}},
  openalex = {W2962777832},
  pages = {978--987},
  publisher = {PMLR},
  series = {Proceedings of Machine Learning Research},
  title = {Path Consistency Learning in Tsallis Entropy Regularized MDPs},
  volume = {80},
  year = {2018}
}

@inproceedings{cohen2021dimension,
  address = {Virtual Event},
  author = {Cohen, Doron and Kontorovich, Aryeh and Koolyk, Aaron and Wolfer, Geoffrey},
  booktitle = {Advances in Neural Information Processing Systems 34 (NeurIPS)},
  editor = {M. Ranzato and A. Beygelzimer and Y. Dauphin and P.S. Liang and J. Wortman Vaughan},
  month = {December},
  note = {\url{https://proceedings.neurips.cc/paper_files/paper/2021/file/74378afe5e8b20910cf1f939e57f0480-Paper.pdf}},
  openalex = {W4285662726},
  pages = {13911--13923},
  publisher = {Curran Associates, Inc.},
  series = {Conference Track Proceedings},
  title = {Dimension-Free Empirical Entropy Estimation},
  volume = {34},
  year = {2021}
}

@inproceedings{corenflos2021differentiable,
  address = {Virtual Event},
  author = {Corenflos, Adrien and Thornton, Jim and Deligiannidis, George and Doucet, Arnaud},
  booktitle = {Proceedings of the 38th International Conference on Machine Learning (ICML)},
  editor = {Meila, Marina and Zhang, Tong},
  month = {July},
  note = {\url{http://proceedings.mlr.press/v139/corenflos21a.html}},
  openalex = {W4287328233},
  pages = {2100--2111},
  publisher = {PMLR},
  series = {Proceedings of Machine Learning Research},
  title = {Differentiable Particle Filtering via Entropy-Regularized Optimal Transport},
  volume = {139},
  year = {2021}
}

@inproceedings{coughlan1998phase,
  address = {Denver, Colorado, USA},
  author = {Coughlan, James M. and Yuille, Alan},
  booktitle = {Advances in Neural Information Processing Systems 11 (NIPS)},
  editor = {Kearns, M. and Solla, S. and Cohn, D.},
  month = {November},
  note = {\url{https://proceedings.neurips.cc/paper_files/paper/1998/file/bc573864331a9e42e4511de6f678aa83-Paper.pdf}},
  openalex = {W2160377604},
  publisher = {MIT Press},
  series = {Conference Track Proceedings},
  title = {A Phase Space Approach to Minimax Entropy Learning and the Minutemax Approximations},
  volume = {11},
  year = {1998}
}

@inproceedings{dahlke2023on,
  address = {New Orleans, Louisiana, USA},
  author = {Dahlke, Caleb and Pacheco, Jason},
  booktitle = {Advances in Neural Information Processing Systems 36 (NeurIPS)},
  editor = {A. Oh and T. Naumann and A. Globerson and K. Saenko and M. Hardt and S. Levine},
  month = {December},
  note = {\url{https://proceedings.neurips.cc/paper_files/paper/2023/file/ee860a9fa65a55a335754c557a5211de-Paper-Conference.pdf}},
  pages = {75469--75490},
  publisher = {Curran Associates, Inc.},
  series = {Conference Track Proceedings},
  title = {On Convergence of Polynomial Approximations to the Gaussian Mixture Entropy},
  volume = {36},
  year = {2023}
}

@inproceedings{dang2024neural,
  address = {Vienna, Austria},
  author = {Dang, Hien and Huu, Tho Tran and Nguyen, Tan Minh and Ho, Nhat},
  booktitle = {Forty-first International Conference on Machine Learning (ICML)},
  month = {July},
  note = {\url{https://openreview.net/forum?id=YBetKvUlF7}},
  publisher = {OpenReview.net},
  title = {Neural Collapse for Cross-Entropy Class-Imbalanced Learning with Unconstrained ReLU Features Model},
  year = {2024}
}

@article{daniel2016hierarchical,
  author = {Daniel, Christian and Neumann, Gerhard and Kroemer, Oliver and Peters, Jan},
  journal = {Journal of Machine Learning Research},
  note = {\url{http://jmlr.org/papers/v17/15-188.html}},
  number = {93},
  openalex = {W2111967991},
  pages = {1--50},
  title = {Hierarchical Relative Entropy Policy Search},
  volume = {17},
  year = {2016}
}

@inproceedings{defazio2012graphical,
  address = {Edinburgh, Scotland, UK},
  author = {Defazio, Aaron and Caetano, Tib rio S.},
  booktitle = {Proceedings of the 29th International Conference on Machine Learning (ICML)},
  month = {June},
  note = {\url{http://icml.cc/2012/papers/158.pdf}},
  openalex = {W1814721328},
  publisher = {icml.cc / Omnipress},
  title = {A Graphical Model Formulation of Collaborative Filtering Neighbourhood Methods with Fast Maximum Entropy Training},
  year = {2012}
}

@inproceedings{dong2019quantum,
  address = {Vancouver, British Columbia, Canada},
  author = {Dong, Yihe and Hopkins, Samuel B. and Li, Jerry},
  booktitle = {Advances in Neural Information Processing Systems 32 (NeurIPS)},
  editor = {Wallach, H. and Larochelle, H. and Beygelzimer, A. and d'Alché-Buc, F. and Fox, E. and Garnett, R.},
  month = {December},
  note = {\url{https://proceedings.neurips.cc/paper_files/paper/2019/file/a4d92e2cd541fca87e4620aba658316d-Paper.pdf}},
  openalex = {W2970080249},
  publisher = {Curran Associates, Inc.},
  series = {Conference Track Proceedings},
  title = {Quantum Entropy Scoring for Fast Robust Mean Estimation and Improved Outlier Detection},
  volume = {32},
  year = {2019}
}

@inproceedings{dong2024rethinkingb,
  address = {Vienna, Austria},
  author = {Dong, Yuxin and Gong, Tieliang and Chen, Hong and Yu, Shujian and Li, Chen},
  booktitle = {12th International Conference on Learning Representations (ICLR)},
  month = {May},
  note = {\url{https://openreview.net/forum?id=GWSIo2MzuH}},
  publisher = {OpenReview.net},
  series = {Conference Track Proceedings},
  title = {Rethinking Information-theoretic Generalization: Loss Entropy Induced PAC Bounds},
  year = {2024}
}

@inproceedings{du2021orderagnostic,
  address = {Virtual Event},
  author = {Du, Cunxiao and Tu, Zhaopeng and Jiang, Jing},
  booktitle = {Proceedings of the 38th International Conference on Machine Learning (ICML)},
  editor = {Meila, Marina and Zhang, Tong},
  month = {July},
  note = {\url{http://proceedings.mlr.press/v139/du21c.html}},
  openalex = {W3168817639},
  pages = {2849--2859},
  publisher = {PMLR},
  series = {Proceedings of Machine Learning Research},
  title = {Order-Agnostic Cross Entropy for Non-Autoregressive Machine Translation},
  volume = {139},
  year = {2021}
}

@inproceedings{dubey2018maximum,
  address = {Montreal, Quebec, Canada},
  author = {Dubey, Abhimanyu and Gupta, Otkrist and Raskar, Ramesh and Naik, Nikhil},
  booktitle = {Advances in Neural Information Processing Systems 31 (NeurIPS)},
  editor = {Bengio, S. and Wallach, H. and Larochelle, H. and Grauman, K. and Cesa-Bianchi, N. and Garnett, R.},
  month = {December},
  note = {\url{https://proceedings.neurips.cc/paper_files/paper/2018/file/0c74b7f78409a4022a2c4c5a5ca3ee19-Paper.pdf}},
  openalex = {W2951852399},
  publisher = {Curran Associates, Inc.},
  series = {Conference Track Proceedings},
  title = {Maximum-Entropy Fine-Grained Classification},
  volume = {31},
  year = {2018}
}

@inproceedings{dudik2005correcting,
  address = {Vancouver, British Columbia, Canada},
  author = {Dudík, Miroslav and Phillips, Steven J. and Schapire, Robert E.},
  booktitle = {Advances in Neural Information Processing Systems 18 (NIPS)},
  editor = {Weiss, Y. and Schölkopf, B. and Platt, J.},
  month = {December},
  note = {\url{https://proceedings.neurips.cc/paper_files/paper/2005/file/a36b0dcd1e6384abc0e1867860ad3ee3-Paper.pdf}},
  openalex = {W2158754421},
  publisher = {MIT Press},
  series = {Conference Track Proceedings},
  title = {Correcting sample selection bias in maximum entropy density estimation},
  volume = {18},
  year = {2005}
}

@inproceedings{dudik2007hierarchical,
  address = {Corvallis, Oregon, USA},
  author = {Dudík, Miroslav and Blei, David M. and Schapire, Robert E.},
  booktitle = {Machine Learning: Proceedings of the Twenty-Fourth International Conference (ICML)},
  doi = {10.1145/1273496.1273528},
  editor = {Ghahramani, Zoubin},
  month = {June},
  note = {\url{https://doi.org/10.1145/1273496.1273528}},
  openalex = {W1974778955},
  pages = {249--256},
  publisher = {ACM},
  series = {ACM International Conference Proceeding Series},
  title = {Hierarchical maximum entropy density estimation},
  volume = {227},
  year = {2007}
}

@article{dudik2007maximum,
  author = {Dudík, Miroslav and Phillips, Steven J. and Schapire, Robert E.},
  journal = {Journal of Machine Learning Research},
  note = {\url{http://jmlr.org/papers/v8/dudik07a.html}},
  number = {44},
  openalex = {W2158231134},
  pages = {1217--1260},
  title = {Maximum Entropy Density Estimation with Generalized Regularization and an Application to Species Distribution Modeling},
  volume = {8},
  year = {2007}
}

@inproceedings{dziugaite2018entropysgd,
  address = {Stockholm, Sweden},
  author = {Dziugaite, Gintare Karolina and Roy, Daniel M.},
  booktitle = {Proceedings of the 35th International Conference on Machine Learning (ICML)},
  editor = {Dy, Jennifer G. and Krause, Andreas},
  month = {July},
  note = {\url{http://proceedings.mlr.press/v80/dziugaite18a.html}},
  openalex = {W2964163109},
  pages = {1376--1385},
  publisher = {PMLR},
  series = {Proceedings of Machine Learning Research},
  title = {Entropy-SGD optimizes the prior of a PAC-Bayes bound: Generalization properties of Entropy-SGD and data-dependent priors},
  volume = {80},
  year = {2018}
}

@inproceedings{eysenbach2022maximum,
  address = {Virtual Event},
  author = {Eysenbach, Benjamin and Levine, Sergey},
  booktitle = {10th International Conference on Learning Representations (ICLR)},
  month = {April},
  note = {\url{https://openreview.net/forum?id=PtSAD3caaA2}},
  openalex = {W4287273849},
  publisher = {OpenReview.net},
  series = {Conference Track Proceedings},
  title = {Maximum Entropy RL (Provably) Solves Some Robust RL Problems},
  year = {2022}
}

@inproceedings{faivishevsky2008ica,
  address = {Vancouver, British Columbia, Canada},
  author = {Faivishevsky, Lev and Goldberger, Jacob},
  booktitle = {Advances in Neural Information Processing Systems 21 (NIPS)},
  editor = {D. Koller and D. Schuurmans and Y. Bengio and L. Bottou},
  month = {December},
  note = {\url{https://proceedings.neurips.cc/paper_files/paper/2008/file/3dc4876f3f08201c7c76cb71fa1da439-Paper.pdf}},
  openalex = {W2121359844},
  publisher = {Curran Associates, Inc.},
  series = {Conference Track Proceedings},
  title = {ICA based on a Smooth Estimation of the Differential Entropy},
  volume = {21},
  year = {2008}
}

@inproceedings{flamich2020compressing,
  address = {Virtual Event},
  author = {Flamich, Gergely and Havasi, Marton and Hernández-Lobato, José Miguel},
  booktitle = {Advances in Neural Information Processing Systems 33 (NeurIPS)},
  editor = {H. Larochelle and M. Ranzato and R. Hadsell and M.F. Balcan and H. Lin},
  month = {December},
  note = {\url{https://proceedings.neurips.cc/paper_files/paper/2020/file/ba053350fe56ed93e64b3e769062b680-Paper.pdf}},
  openalex = {W4287647548},
  pages = {16131--16141},
  publisher = {Curran Associates, Inc.},
  series = {Conference Track Proceedings},
  title = {Compressing Images by Encoding Their Latent Representations with Relative Entropy Coding},
  volume = {33},
  year = {2020}
}

@inproceedings{flamich2022fast,
  address = {Baltimore, Maryland, USA},
  author = {Flamich, Gergely and Markou, Stratis and Hernández-Lobato, José Miguel},
  booktitle = {International Conference on Machine Learning (ICML)},
  editor = {Chaudhuri, Kamalika and Jegelka, Stefanie and Song, Le and Szepesvári, Csaba and Niu, Gang and Sabato, Sivan},
  month = {July},
  note = {\url{https://proceedings.mlr.press/v162/flamich22a.html}},
  openalex = {W4226408177},
  pages = {6548--6577},
  publisher = {PMLR},
  series = {Proceedings of Machine Learning Research},
  title = {Fast Relative Entropy Coding with A* coding},
  volume = {162},
  year = {2022}
}

@inproceedings{flamich2023faster,
  address = {New Orleans, Louisiana, USA},
  author = {Flamich, Gergely and Markou, Stratis and Lobato, Jose Miguel Hernandez},
  booktitle = {Advances in Neural Information Processing Systems 36 (NeurIPS)},
  editor = {Oh, A. and Naumann, T. and Globerson, A. and Saenko, K. and Hardt, M. and Levine, S.},
  month = {December},
  note = {\url{https://proceedings.neurips.cc/paper_files/paper/2023/file/9e720fce64f91114c49cfd640d821da3-Paper-Conference.pdf}},
  openalex = {W4387161250},
  pages = {50558--50569},
  publisher = {Curran Associates, Inc.},
  series = {Conference Track Proceedings},
  title = {Faster Relative Entropy Coding with Greedy Rejection Coding},
  volume = {36},
  year = {2023}
}

@inproceedings{gabri2018entropy,
  address = {Montreal, Quebec, Canada},
  author = {Gabrié, Marylou and Manoel, Andre and Luneau, Clément and Barbier, Jean and Macris, Nicolas and Krząkała, Florent and Zdeborová, Lenka},
  booktitle = {Advances in Neural Information Processing Systems 31 (NeurIPS)},
  editor = {Bengio, S. and Wallach, H. and Larochelle, H. and Grauman, K. and Cesa-Bianchi, N. and Garnett, R.},
  month = {December},
  note = {\url{https://proceedings.neurips.cc/paper_files/paper/2018/file/6d0f846348a856321729a2f36734d1a7-Paper.pdf}},
  openalex = {W2803439868},
  publisher = {Curran Associates, Inc.},
  series = {Conference Track Proceedings},
  title = {Entropy and mutual information in models of deep neural networks*},
  volume = {31},
  year = {2018}
}

@inproceedings{galvez2023role,
  address = {Honolulu, Hawaii, USA},
  author = {Rodríguez-Gálvez, Borja and Blaas, Arno and Rodríguez, Pau and Goliński, Adam and Suau, Xavier and Ramapuram, Jason and Busbridge, Dan and Zappella, Luca},
  booktitle = {International Conference on Machine Learning (ICML)},
  editor = {Krause, A. and Brunskill, E. and Cho, K. and Engelhardt, B. and Sabato, S. and Scarlett, J.},
  month = {July},
  note = {\url{\url{https://proceedings.mlr.press/v202/rodri-guez-galvez23a.html}}},
  openalex = {W4385005536},
  pages = {29143--29160},
  publisher = {PMLR},
  series = {Proceedings of Machine Learning Research},
  title = {The Role of Entropy and Reconstruction in Multi-View Self-Supervised Learning},
  volume = {202},
  year = {2023}
}

@inproceedings{gao2016breaking,
  address = {Barcelona, Spain},
  author = {Gao, Weihao and Oh, Sewoong and Viswanath, Pramod},
  booktitle = {Advances in Neural Information Processing Systems 29 (NeurIPS)},
  editor = {Lee, D. and Sugiyama, M. and Luxburg, U. and Guyon, I. and Garnett, R.},
  month = {December},
  note = {\url{https://proceedings.neurips.cc/paper_files/paper/2016/file/459a4ddcb586f24efd9395aa7662bc7c-Paper.pdf}},
  openalex = {W2798473808},
  publisher = {Curran Associates, Inc.},
  series = {Conference Track Proceedings},
  title = {Breaking the Bandwidth Barrier: Geometrical Adaptive Entropy Estimation},
  volume = {29},
  year = {2016}
}

@inproceedings{gao2018post,
  address = {Montreal, Quebec, Canada},
  author = {Gao, Yuanxiang and Chen, Li and Li, Baochun},
  booktitle = {Advances in Neural Information Processing Systems 31 (NeurIPS)},
  editor = {S. Bengio and H. Wallach and H. Larochelle and K. Grauman and N. Cesa-Bianchi and R. Garnett},
  month = {December},
  note = {\url{https://proceedings.neurips.cc/paper_files/paper/2018/file/92650b2e92217715fe312e6fa7b90d82-Paper.pdf}},
  openalex = {W2890720247},
  publisher = {Curran Associates, Inc.},
  series = {Conference Track Proceedings},
  title = {Post: Device Placement with Cross-Entropy Minimization and Proximal Policy Optimization},
  volume = {31},
  year = {2018}
}

@inproceedings{garg2023extreme,
  address = {Kigali, Rwanda},
  author = {Garg, Divyansh and Hejna, Joey and Geist, Matthieu and Ermon, Stefano},
  booktitle = {11th International Conference on Learning Representations (ICLR)},
  month = {May},
  note = {\url{https://openreview.net/forum?id=SJ0Lde3tRL}},
  openalex = {W4313914531},
  publisher = {OpenReview.net},
  series = {Conference Track Proceedings},
  title = {Extreme Q-Learning: MaxEnt RL without Entropy},
  year = {2023}
}

@inproceedings{gerwinn2009joint,
  address = {Vancouver, British Columbia, Canada},
  author = {Gerwinn, Sebastian and Berens, Philipp and Bethge, Matthias},
  booktitle = {Advances in Neural Information Processing Systems 22 (NIPS)},
  editor = {Bengio, Y. and Schuurmans, D. and Lafferty, J. and Williams, C. and Culotta, A.},
  month = {December},
  note = {\url{https://proceedings.neurips.cc/paper_files/paper/2009/file/be83ab3ecd0db773eb2dc1b0a17836a1-Paper.pdf}},
  openalex = {W2098605014},
  publisher = {Curran Associates, Inc.},
  series = {Conference Track Proceedings},
  title = {A joint maximum-entropy model for binary neural population patterns and continuous signals},
  volume = {22},
  year = {2009}
}

@inproceedings{ghazvininejad2020aligned,
  address = {Virtual Event},
  author = {Ghazvininejad, Marjan and Karpukhin, Vladimir and Zettlemoyer, Luke and Levy, Omer},
  booktitle = {Proceedings of the 37th International Conference on Machine Learning (ICML)},
  month = {July},
  note = {\url{http://proceedings.mlr.press/v119/ghazvininejad20a.html}},
  openalex = {W3015162217},
  pages = {3515--3523},
  publisher = {PMLR},
  series = {Proceedings of Machine Learning Research},
  title = {Aligned Cross Entropy for Non-Autoregressive Machine Translation},
  volume = {119},
  year = {2020}
}

@inproceedings{goschin2013crossentropy,
  address = {Atlanta, Georgia, USA},
  author = {Goschin, Sergiu and Weinstein, Ari and Littman, Michael L.},
  booktitle = {Proceedings of the 30th International Conference on Machine Learning (ICML)},
  month = {June},
  note = {\url{http://proceedings.mlr.press/v28/goschin13.html}},
  openalex = {W2106535143},
  pages = {1193--1201},
  publisher = {JMLR.org},
  series = {Workshop and Conference Proceedings},
  title = {The Cross-Entropy Method Optimizes for Quantiles},
  volume = {28},
  year = {2013}
}

@inproceedings{grandvalet2004semi,
  address = {Vancouver, British Columbia, Canada},
  author = {Grandvalet, Yves and Bengio, Yoshua},
  booktitle = {Advances in Neural Information Processing Systems 17 (NIPS)},
  editor = {Saul, L. and Weiss, Y. and Bottou, L.},
  month = {December},
  note = {\url{https://proceedings.neurips.cc/paper_files/paper/2004/file/96f2b50b5d3613adf9c27049b2a888c7-Paper.pdf}},
  openalex = {W2145494108},
  publisher = {MIT Press},
  series = {Conference Track Proceedings},
  title = {Semi-supervised Learning by Entropy Minimization},
  volume = {17},
  year = {2004}
}

@inproceedings{grill2019planning,
  address = {Vancouver, British Columbia, Canada},
  author = {Grill, Jean-Bastien and Domingues, Omar Darwiche and Ménard, Pierre and Munos, Rémi and Valko, Michal},
  booktitle = {Advances in Neural Information Processing Systems 32 (NeurIPS)},
  editor = {Wallach, H. and Larochelle, H. and Beygelzimer, A. and d'Alché-Buc, F. and Fox, E. and Garnett, R.},
  month = {December},
  note = {\url{https://proceedings.neurips.cc/paper_files/paper/2019/file/50982fb2f2cfa186d335310461dfa2be-Paper.pdf}},
  openalex = {W2970154960},
  publisher = {Curran Associates, Inc.},
  series = {Conference Track Proceedings},
  title = {Planning in entropy-regularized Markov decision processes and games},
  volume = {32},
  year = {2019}
}

@article{guo2020distributed,
  author = {Guo, Xin and Hu, Ting and Wu, Qiang},
  journal = {Journal of Machine Learning Research},
  note = {\url{http://jmlr.org/papers/v21/18-696.html}},
  number = {126},
  openalex = {W3082936827},
  pages = {1--31},
  title = {Distributed Minimum Error Entropy Algorithms},
  volume = {21},
  year = {2020}
}

@inproceedings{haarnoja2018soft,
  address = {Stockholm, Sweden},
  author = {Haarnoja, Tuomas and Zhou, Aurick and Abbeel, Pieter and Levine, Sergey},
  booktitle = {Proceedings of the 35th International Conference on Machine Learning (ICML)},
  editor = {Dy, Jennifer G. and Krause, Andreas},
  month = {July},
  note = {\url{http://proceedings.mlr.press/v80/haarnoja18b.html}},
  openalex = {W2781726626},
  pages = {1856--1865},
  publisher = {PMLR},
  series = {Proceedings of Machine Learning Research},
  title = {Soft Actor-Critic: Off-Policy Maximum Entropy Deep Reinforcement Learning with a Stochastic Actor},
  volume = {80},
  year = {2018}
}

@inproceedings{han2018entropy,
  address = {Montreal, Quebec, Canada},
  author = {Han, Yanjun and Jiao, Jiantao and Lee, Chuan-Zheng and Weissman, Tsachy and Wu, Yihong and Yu, Tiancheng},
  booktitle = {Advances in Neural Information Processing Systems 31 (NeurIPS)},
  editor = {Bengio, S. and Wallach, H. and Larochelle, H. and Grauman, K. and Cesa-Bianchi, N. and Garnett, R.},
  month = {December},
  note = {\url{https://proceedings.neurips.cc/paper_files/paper/2018/file/99cad265a1768cc2dd013f0e740300ae-Paper.pdf}},
  openalex = {W2963866505},
  publisher = {Curran Associates, Inc.},
  series = {Conference Track Proceedings},
  title = {Entropy Rate Estimation for Markov Chains with Large State Space},
  volume = {31},
  year = {2018}
}

@inproceedings{han2021diversity,
  address = {Virtual Event},
  author = {Han, Seungyul and Sung, Youngchul},
  booktitle = {Proceedings of the 38th International Conference on Machine Learning (ICML)},
  editor = {Meila, Marina and Zhang, Tong},
  month = {July},
  note = {\url{\url{http://proceedings.mlr.press/v139/han21a.html}}},
  openalex = {W3032956793},
  pages = {4018--4029},
  publisher = {PMLR},
  series = {Proceedings of Machine Learning Research},
  title = {Diversity Actor-Critic: Sample-Aware Entropy Regularization for Sample-Efficient Exploration},
  volume = {139},
  year = {2021}
}

@inproceedings{han2021max,
  address = {Virtual Event},
  author = {Han, Seungyul and Sung, Youngchul},
  booktitle = {Advances in Neural Information Processing Systems 34 (NeurIPS)},
  editor = {M. Ranzato and A. Beygelzimer and Y. Dauphin and P.S. Liang and J. Wortman Vaughan},
  month = {December},
  note = {\url{https://proceedings.neurips.cc/paper_files/paper/2021/file/d7b76edf790923bf7177f7ebba5978df-Paper.pdf}},
  openalex = {W3176069788},
  pages = {25732--25745},
  publisher = {Curran Associates, Inc.},
  series = {Conference Track Proceedings},
  title = {A Max-Min Entropy Framework for Reinforcement Learning},
  volume = {34},
  year = {2021}
}

@inproceedings{hao2020profile,
  address = {Virtual Event},
  author = {Hao, Yi and Orlitsky, Alon},
  booktitle = {Advances in Neural Information Processing Systems 33 (NeurIPS)},
  editor = {H. Larochelle and M. Ranzato and R. Hadsell and M.F. Balcan and H. Lin},
  month = {December},
  note = {\url{https://proceedings.neurips.cc/paper_files/paper/2020/file/4dbf29d90d5780cab50897fb955e4373-Paper.pdf}},
  pages = {6947--6958},
  publisher = {Curran Associates, Inc.},
  series = {Conference Track Proceedings},
  title = {Profile Entropy: A Fundamental Measure for the Learnability and Compressibility of Distributions},
  volume = {33},
  year = {2020}
}

@article{hausser2009entropy,
  author = {Hausser, Jean and Strimmer, Korbinian},
  journal = {Journal of Machine Learning Research},
  note = {\url{http://jmlr.org/papers/v10/hausser09a.html}},
  number = {50},
  openalex = {W2135191607},
  pages = {1469--1484},
  title = {Entropy Inference and the James-Stein Estimator, with Application to Nonlinear Gene Association Networks},
  volume = {10},
  year = {2009}
}

@inproceedings{hazan2019provably,
  address = {Long Beach, California, USA},
  author = {Hazan, Elad and Kakade, Sham M. and Singh, Karan and Soest, Abby Van},
  booktitle = {Proceedings of the 36th International Conference on Machine Learning (ICML)},
  editor = {Chaudhuri, Kamalika and Salakhutdinov, Ruslan},
  month = {June},
  note = {\url{http://proceedings.mlr.press/v97/hazan19a.html}},
  openalex = {W2902298341},
  pages = {2681--2691},
  publisher = {PMLR},
  series = {Proceedings of Machine Learning Research},
  title = {Provably Efficient Maximum Entropy Exploration},
  volume = {97},
  year = {2019}
}

@article{hennig2012entropy,
  author = {Hennig, Philipp and Schuler, Christian J.},
  journal = {Journal of Machine Learning Research},
  note = {\url{http://jmlr.org/papers/v13/hennig12a.html}},
  number = {57},
  openalex = {W1693986406},
  pages = {1809--1837},
  title = {Entropy search for information-efficient global optimization},
  volume = {13},
  year = {2012}
}

@inproceedings{hernandezlobato2014predictive,
  address = {Montreal, Quebec, Canada},
  author = {Hernández-Lobato, José Miguel and Hoffman, Matthew W. and Ghahramani, Zoubin},
  booktitle = {Advances in Neural Information Processing Systems 27 (NIPS)},
  editor = {Ghahramani, Z. and Welling, M. and Cortes, C. and Lawrence, N. and Weinberger, K.Q.},
  month = {December},
  note = {\url{https://proceedings.neurips.cc/paper_files/paper/2014/file/069d3bb002acd8d7dd095917f9efe4cb-Paper.pdf}},
  openalex = {W2167789032},
  publisher = {Curran Associates, Inc.},
  series = {Conference Track Proceedings},
  title = {Predictive Entropy Search for Efficient Global Optimization of Black-box Functions},
  volume = {27},
  year = {2014}
}

@inproceedings{hernandezlobato2016predictive,
  address = {New York City, New York, USA},
  author = {Hernández-Lobato, Daniel and Hernández-Lobato, José Miguel and Shah, Amar and Adams, Ryan P.},
  booktitle = {Proceedings of the 33rd International Conference on Machine Learning (ICML)},
  editor = {Balcan, Maria-Florina and Weinberger, Kilian Q.},
  month = {June},
  note = {\url{http://proceedings.mlr.press/v48/hernandez-lobatoa16.html}},
  openalex = {W2221104225},
  pages = {1492--1501},
  publisher = {Journal of Machine Learning Research (JMLR)},
  series = {JMLR Workshop and Conference Proceedings},
  title = {Predictive entropy search for multi-objective Bayesian optimization},
  volume = {48},
  year = {2016}
}

@inproceedings{hernándezlobato2015predictive,
  address = {Lille, France},
  author = {Hernández-Lobato, José Miguel and Gelbart, Michael A. and Hoffman, Matthew D. and Adams, Ryan P. and Ghahramani, Zoubin},
  booktitle = {Proceedings of the 32nd International Conference on Machine Learning (ICML)},
  editor = {Bach, Francis R. and Blei, David M.},
  month = {July},
  note = {\url{http://proceedings.mlr.press/v37/hernandez-lobatob15.html}},
  openalex = {W2131792768},
  pages = {1699--1707},
  publisher = {Journal of Machine Learning Research (JMLR)},
  series = {Workshop and Conference Proceedings},
  title = {Predictive Entropy Search for Bayesian Optimization with Unknown Constraints},
  volume = {37},
  year = {2015}
}

@inproceedings{hero2006geometric,
  address = {Vancouver, British Columbia, Canada},
  author = {Hero, Alfred O.},
  booktitle = {Advances in Neural Information Processing Systems 19 (NIPS)},
  editor = {Schölkopf, B. and Platt, J. and Hoffman, T.},
  month = {December},
  note = {\url{https://proceedings.neurips.cc/paper_files/paper/2006/file/1160453108d3e537255e9f7b931f4e90-Paper.pdf}},
  openalex = {W2100253601},
  publisher = {MIT Press},
  series = {Conference Track Proceedings},
  title = {Geometric entropy minimization (GEM) for anomaly detection and localization},
  volume = {19},
  year = {2006}
}

@inproceedings{hirt2021entropy,
  address = {Virtual Event},
  author = {Hirt, Marcel and Titsias, Michalis and Dellaportas, Petros},
  booktitle = {Advances in Neural Information Processing Systems 34 (NeurIPS)},
  editor = {M. Ranzato and A. Beygelzimer and Y. Dauphin and P.S. Liang and J. Wortman Vaughan},
  month = {December},
  note = {\url{https://proceedings.neurips.cc/paper_files/paper/2021/file/ef82567365bc6a0efb05d21837257424-Paper.pdf}},
  pages = {28482--28495},
  publisher = {Curran Associates, Inc.},
  series = {Conference Track Proceedings},
  title = {Entropy-based adaptive Hamiltonian Monte Carlo},
  volume = {34},
  year = {2021}
}

@inproceedings{honorio2013twosided,
  address = {Atlanta, Georgia, USA},
  author = {Honorio, Jean and Jaakkola, Tommi S.},
  booktitle = {Proceedings of the 30th International Conference on Machine Learning (ICML)},
  month = {June},
  note = {\url{http://proceedings.mlr.press/v28/honorio13.html}},
  pages = {459--467},
  publisher = {JMLR.org},
  series = {Workshop and Conference Proceedings},
  title = {Two-Sided Exponential Concentration Bounds for Bayes Error Rate and Shannon Entropy},
  volume = {28},
  year = {2013}
}

@inproceedings{hu2022actorcritic,
  address = {Virtual Event},
  author = {Hu, Yuzheng and Ji, Ziwei and Telgarsky, Matus},
  booktitle = {10th International Conference on Learning Representations (ICLR)},
  month = {April},
  note = {\url{https://openreview.net/forum?id=vEZyTBRPP6o}},
  openalex = {W4286897897},
  publisher = {OpenReview.net},
  series = {Conference Track Proceedings},
  title = {Actor-critic is implicitly biased towards high entropy optimal policies},
  year = {2022}
}

@article{huang2010iterative,
  author = {Huang, Fang-Lan and Hsieh, Cho‐Jui and Chan, Kai-Wei and Lin, Chih‐Jen},
  journal = {Journal of Machine Learning Research},
  note = {\url{http://jmlr.org/papers/v11/huang10a.html}},
  number = {27},
  openalex = {W2127785841},
  pages = {815--848},
  title = {Iterative Scaling and Coordinate Descent Methods for Maximum Entropy Models},
  volume = {11},
  year = {2010}
}

@inproceedings{huang2023essen,
  address = {New Orleans, Louisiana, USA},
  author = {Huang, Qiyao and Zhang, Yingyue and Zhang, Zhihong and Hancock, Edwin},
  booktitle = {Advances in Neural Information Processing Systems 36 (NeurIPS)},
  editor = {A. Oh and T. Naumann and A. Globerson and K. Saenko and M. Hardt and S. Levine},
  month = {December},
  note = {\url{https://proceedings.neurips.cc/paper_files/paper/2023/file/0147d967a5db3b8dde08d2a327b24568-Paper-Conference.pdf}},
  pages = {331--346},
  publisher = {Curran Associates, Inc.},
  series = {Conference Track Proceedings},
  title = {ESSEN: Improving Evolution State Estimation for Temporal Networks using Von Neumann Entropy},
  volume = {36},
  year = {2023}
}

@inproceedings{huang2024selfdriven,
  address = {Vienna, Austria},
  author = {Huang, Wenke and Shi, Zekun and Ye, Mang and Li, He and Du, Bo},
  booktitle = {Forty-first International Conference on Machine Learning (ICML)},
  month = {July},
  note = {\url{https://openreview.net/forum?id=k2axqNsVVO}},
  publisher = {OpenReview.net},
  title = {Self-Driven Entropy Aggregation for Byzantine-Robust Heterogeneous Federated Learning},
  year = {2024}
}

@inproceedings{hui2021evaluation,
  address = {Virtual Event, Austria},
  author = {Hui, Like and Belkin, Mikhail},
  booktitle = {9th International Conference on Learning Representations (ICLR)},
  month = {May},
  note = {\url{https://openreview.net/forum?id=hsFN92eQEla}},
  openalex = {W3034893234},
  publisher = {OpenReview.net},
  series = {Conference Track Proceedings},
  title = {Evaluation of Neural Architectures Trained with Square Loss vs Cross-Entropy in Classification Tasks},
  year = {2021}
}

@inproceedings{hvarfner2022joint,
  address = {New Orleans, Louisiana, USA},
  author = {Hvarfner, Carl and Hutter, Frank and Nardi, Luigi},
  booktitle = {Advances in Neural Information Processing Systems 35 (NeurIPS)},
  editor = {Koyejo, S. and Mohamed, S. and Agarwal, A. and Belgrave, D. and Cho, K. and Oh, A.},
  month = {November},
  note = {\url{https://proceedings.neurips.cc/paper_files/paper/2022/file/4b03821747e89ce803b2dac590f6a39b-Paper-Conference.pdf}},
  openalex = {W4282813167},
  pages = {11494--11506},
  publisher = {Curran Associates, Inc.},
  series = {Conference Track Proceedings},
  title = {Joint Entropy Search for Maximally-Informed Bayesian Optimization},
  volume = {35},
  year = {2022}
}

@inproceedings{hyvarinen1997new,
  address = {Denver, Colorado, USA},
  author = {Hyvärinen, Aapo},
  booktitle = {Advances in Neural Information Processing Systems 10 (NIPS)},
  editor = {Jordan, M. and Kearns, M. and Solla, S.},
  month = {December},
  note = {\url{https://proceedings.neurips.cc/paper_files/paper/1997/file/6d9c547cf146054a5a720606a7694467-Paper.pdf}},
  openalex = {W2141622014},
  publisher = {MIT Press},
  series = {Conference Track Proceedings},
  title = {New Approximations of Differential Entropy for Independent Component Analysis and Projection Pursuit},
  volume = {10},
  year = {1997}
}

@inproceedings{ibrahim2023deep,
  address = {Kigali, Rwanda},
  author = {Ibrahim, Shahana and Nguyen, Tri Q. and Fu, Xiao},
  booktitle = {11th International Conference on Learning Representations (ICLR)},
  month = {May},
  note = {\url{https://openreview.net/forum?id=_qVhsWyWB9}},
  openalex = {W4379919523},
  publisher = {OpenReview.net},
  series = {Conference Track Proceedings},
  title = {Deep Learning From Crowdsourced Labels: Coupled Cross-entropy Minimization, Identifiability, and Regularization},
  year = {2023}
}

@inproceedings{jaakkola1999maximum,
  address = {Denver, Colorado, USA},
  author = {Jaakkola, Tommi and Meila, Marina and Jebara, Tony},
  booktitle = {Advances in Neural Information Processing Systems 12 (NIPS)},
  editor = {S. Solla and T. Leen and K. Müller},
  month = {November},
  note = {\url{https://proceedings.neurips.cc/paper_files/paper/1999/file/4fa53be91b4933d536748a60458b9797-Paper.pdf}},
  publisher = {MIT Press},
  series = {Conference Track Proceedings},
  title = {Maximum Entropy Discrimination},
  volume = {12},
  year = {1999}
}

@inproceedings{jain2023maximum,
  address = {New Orleans, Louisiana, USA},
  author = {Jain, Arnav Kumar and Lehnert, Lucas and Rish, Irina and Berseth, Glen},
  booktitle = {Advances in Neural Information Processing Systems 36 (NeurIPS)},
  editor = {Oh, A. and Naumann, T. and Globerson, A. and Saenko, K. and Hardt, M. and Levine, S.},
  month = {December},
  note = {\url{https://proceedings.neurips.cc/paper_files/paper/2023/file/9c7900fac04a701cbed83256b76dbaa3-Paper-Conference.pdf}},
  pages = {49991--50019},
  publisher = {Curran Associates, Inc.},
  series = {Conference Track Proceedings},
  title = {Maximum State Entropy Exploration using Predecessor and Successor Representations},
  volume = {36},
  year = {2023}
}

@article{jebara2011multitask,
  author = {Jebara, Tony},
  journal = {Journal of Machine Learning Research},
  note = {\url{http://jmlr.org/papers/v12/jebara11a.html}},
  number = {4},
  openalex = {W2116650673},
  pages = {75--110},
  title = {Multitask Sparsity via Maximum Entropy Discrimination},
  volume = {12},
  year = {2011}
}

@inproceedings{jenssen2006kernel,
  address = {Vancouver, British Columbia, Canada},
  author = {Jenssen, Robert and Eltoft, Torbjørn and Girolami, Mark and Erdoğmuş, Deniz},
  booktitle = {Advances in Neural Information Processing Systems 19 (NIPS)},
  editor = {Schölkopf, B. and Platt, J. and Hoffman, T.},
  month = {December},
  note = {\url{https://proceedings.neurips.cc/paper_files/paper/2006/file/097e26b2ffb0339458b55da17425a71f-Paper.pdf}},
  openalex = {W2164678670},
  publisher = {MIT Press},
  series = {Conference Track Proceedings},
  title = {Kernel Maximum Entropy Data Transformation and an Enhanced Spectral Clustering Algorithm},
  volume = {19},
  year = {2006}
}

@inproceedings{jervakani2024klce,
  address = {Vienna, Austria},
  author = {Jervakani, Mohammad Taha Teimuri and Dehghanian, Zahra and Aminian, Gholamali and Rabiee, Hamid R.},
  booktitle = {12th International Conference on Learning Representations (ICLR)},
  month = {May},
  note = {\url{https://openreview.net/forum?id=JuqfAXWHfr}},
  publisher = {OpenReview.net},
  series = {The Second Tiny Papers Track},
  title = {KLCE: Regularized Imbalance Node-classification Via KL-Divergence and Cross-Entropy},
  year = {2024}
}

@inproceedings{ji2024ace,
  address = {Vienna, Austria},
  author = {Ji, Tianying and Liang, Yongyuan and Zeng, Yan and Luo, Yu and Xu, Guowei and Guo, Jiawei and Zheng, Ruijie and Huang, Furong and Sun, Fuchun and Xu, Huazhe},
  booktitle = {Forty-first International Conference on Machine Learning (ICML)},
  month = {July},
  note = {\url{https://openreview.net/forum?id=1puvYh729M}},
  openalex = {W4392120885},
  publisher = {OpenReview.net},
  title = {ACE : Off-Policy Actor-Critic with Causality-Aware Entropy
  Regularization},
  year = {2024}
}

@inproceedings{jiang2024conditional,
  address = {Vienna, Austria},
  author = {Jiang, Ziwei and Kocaoglu, Murat},
  booktitle = {Forty-first International Conference on Machine Learning (ICML)},
  month = {July},
  note = {\url{https://openreview.net/forum?id=Wnni3cu39x}},
  publisher = {OpenReview.net},
  title = {Conditional Common Entropy for Instrumental Variable Testing and Partial Identification},
  year = {2024}
}

@inproceedings{kharitonov2020entropy,
  address = {Virtual Event},
  author = {Kharitonov, E. V. and Chaabouni, Rahma and Bouchacourt, Diane and Baroni, Marco},
  booktitle = {Proceedings of the 37th International Conference on Machine Learning (ICML)},
  month = {July},
  note = {\url{http://proceedings.mlr.press/v119/kharitonov20a.html}},
  openalex = {W3035056804},
  pages = {5220--5230},
  publisher = {PMLR},
  series = {Proceedings of Machine Learning Research},
  title = {Entropy Minimization In Emergent Languages},
  year = {2020}
}

@inproceedings{kim2021goal,
  address = {Virtual Event},
  author = {Kim, Kibeom and Lee, Min Whoo and Kim, Yoonsung and Ryu, Je-Hwan and Lee, Minsu and Zhang, Byoung‐Tak},
  booktitle = {Advances in Neural Information Processing Systems 34 (NeurIPS)},
  editor = {Ranzato, Marco and Beygelzimer, A. and Dauphin, Y. and Liang, P. S. and Wortman Vaughan, J.},
  month = {December},
  note = {\url{https://proceedings.neurips.cc/paper_files/paper/2021/file/165a59f7cf3b5c4396ba65953d679f17-Paper.pdf}},
  openalex = {W3214119105},
  pages = {2783--2795},
  publisher = {Curran Associates, Inc.},
  series = {Conference Track Proceedings},
  title = {Goal-Aware Cross-Entropy for Multi-Target Reinforcement Learning},
  volume = {34},
  year = {2021}
}

@inproceedings{kim2023accelerating,
  address = {New Orleans, Louisiana, USA},
  author = {Kim, Dongyoung and Shin, Jinwoo and Abbeel, Pieter and Seo, Younggyo},
  booktitle = {Advances in Neural Information Processing Systems 36 (NeurIPS)},
  month = {December},
  note = {\url{https://proceedings.neurips.cc/paper_files/paper/2023/file/6530db249c161fe9254db2667453952c-Paper-Conference.pdf}},
  openalex = {W4379087234},
  pages = {31811--31830},
  publisher = {Curran Associates, Inc.},
  series = {Conference Track Proceedings},
  title = {Accelerating Reinforcement Learning with Value-Conditional State Entropy Exploration},
  volume = {36},
  year = {2023}
}

@inproceedings{kim2023adaptive,
  address = {Honolulu, Hawaii, USA},
  author = {Kim, Woojun and Sung, Youngchul},
  booktitle = {International Conference on Machine Learning (ICML)},
  editor = {Krause, Andreas and Brunskill, Emma and Cho, Kyunghyun and Engelhardt, Barbara and Sabato, Sivan and Scarlett, Jonathan},
  month = {July},
  note = {\url{https://proceedings.mlr.press/v202/kim23v.html}},
  pages = {16829--16852},
  publisher = {PMLR},
  series = {Proceedings of Machine Learning Research},
  title = {An Adaptive Entropy-Regularization Framework for Multi-Agent Reinforcement Learning},
  volume = {202},
  year = {2023}
}

@inproceedings{knudson2013spike,
  address = {Lake Tahoe, Nevada, USA},
  author = {Knudson, Karin and Pillow, Jonathan W.},
  booktitle = {Advances in Neural Information Processing Systems 26 (NIPS)},
  editor = {C.J. Burges and L. Bottou and M. Welling and Z. Ghahramani and K.Q. Weinberger},
  month = {December},
  note = {\url{https://proceedings.neurips.cc/paper_files/paper/2013/file/eddb904a6db773755d2857aacadb1cb0-Paper.pdf}},
  openalex = {W2135765767},
  publisher = {Curran Associates, Inc.},
  series = {Conference Track Proceedings},
  title = {Spike train entropy-rate estimation using hierarchical Dirichlet process priors},
  volume = {26},
  year = {2013}
}

@inproceedings{kocaoglu2020applications,
  address = {Virtual Event},
  author = {Kocaoglu, Murat and Shakkottai, Sanjay and Dimakis, Alexandros G. and Caramanis, Constantine and Vishwanath, Sriram},
  booktitle = {Advances in Neural Information Processing Systems 33 (NeurIPS)},
  editor = {H. Larochelle and M. Ranzato and R. Hadsell and M.F. Balcan and H. Lin},
  month = {December},
  note = {\url{https://proceedings.neurips.cc/paper_files/paper/2020/file/cae7115f44837c806c9b23ed00a1a28a-Paper.pdf}},
  openalex = {W3099482356},
  pages = {17514--17525},
  publisher = {Curran Associates, Inc.},
  series = {Conference Track Proceedings},
  title = {Applications of Common Entropy for Causal Inference},
  volume = {33},
  year = {2020}
}

@inproceedings{krishnapuram2003classification,
  address = {Washington DC, USA},
  author = {Krishnapuram, Raghu and Chitrapura, Krishna Prasad and Joshi, Sachindra},
  booktitle = {Machine Learning: Proceedings of the Twentieth International Conference (ICML)},
  editor = {Fawcett, Tom and Mishra, Nina},
  month = {August},
  note = {\url{http://www.aaai.org/Library/ICML/2003/icml03-052.php}},
  openalex = {W1953972434},
  pages = {384--391},
  publisher = {AAAI Press},
  title = {Classification of text documents based on minimum system entropy},
  year = {2003}
}

@inproceedings{kunze2024entropy,
  address = {Vienna, Austria},
  author = {Kunze, Julius and Severo, Daniel and Zani, Giulio and Meent, Jan-Willem van de and Townsend, James T.},
  booktitle = {12th International Conference on Learning Representations (ICLR)},
  month = {May},
  note = {\url{https://openreview.net/forum?id=afQuNt3Ruh}},
  openalex = {W4402501202},
  publisher = {OpenReview.net},
  series = {Conference Track Proceedings},
  title = {Entropy Coding of Unordered Data Structures},
  year = {2024}
}

@inproceedings{lazic2020maximum,
  address = {Virtual Event},
  author = {Lazic, Nevena and Yin, Dong and Farajtabar, Mehrdad and Levine, Nir and Görür, Dilan and Harris, C.J. and Schuurmans, Dale},
  booktitle = {Advances in Neural Information Processing Systems 33 (NeurIPS)},
  editor = {H. Larochelle and M. Ranzato and R. Hadsell and M.F. Balcan and H. Lin},
  month = {December},
  note = {\url{https://proceedings.neurips.cc/paper_files/paper/2020/file/9308b0d6e5898366a4a986bc33f3d3e7-Paper.pdf}},
  openalex = {W3104599378},
  pages = {12461--12471},
  publisher = {Curran Associates, Inc.},
  series = {Conference Track Proceedings},
  title = {A Maximum-Entropy Approach to Off-Policy Evaluation in Average-Reward MDPs},
  volume = {33},
  year = {2020}
}

@inproceedings{leahy2022convergence,
  address = {Baltimore, Maryland, USA},
  author = {Kerimkulov, Bekzhan and Leahy, James-Michael and Šiška, David and Szpruch, Łukasz},
  booktitle = {International Conference on Machine Learning (ICML)},
  editor = {Chaudhuri, Kamalika and Jegelka, Stefanie and Song, Le and Szepesvári, Csaba and Niu, Gang and Sabato, Sivan},
  month = {July},
  note = {\url{https://proceedings.mlr.press/v162/leahy22a.html}},
  openalex = {W4225528822},
  pages = {12222--12252},
  publisher = {PMLR},
  series = {Proceedings of Machine Learning Research},
  title = {Convergence of Policy Gradient for Entropy Regularized MDPs with Neural Network Approximation in the Mean-Field Regime},
  volume = {162},
  year = {2022}
}

@inproceedings{learnedmiller2004joint,
  address = {Vancouver, British Columbia, Canada},
  author = {Learned-Miller, Erik and Ahammad, Parvez},
  booktitle = {Advances in Neural Information Processing Systems 17 (NIPS)},
  editor = {Saul, L. and Weiss, Y. and Bottou, L.},
  month = {December},
  note = {\url{https://proceedings.neurips.cc/paper_files/paper/2004/file/7c4bf50b715509a963ce81b168ca674b-Paper.pdf}},
  openalex = {W2103042454},
  publisher = {MIT Press},
  series = {Conference Track Proceedings},
  title = {Joint MRI Bias Removal Using Entropy Minimization Across Images},
  volume = {17},
  year = {2004}
}

@inproceedings{lee2018maximum,
  address = {Montreal, Quebec, Canada},
  author = {Lee, Kyungjae and Choi, Sungjoon and Oh, Songhwai},
  booktitle = {Advances in Neural Information Processing Systems 31 (NeurIPS)},
  editor = {Bengio, S. and Wallach, H. and Larochelle, H. and Grauman, K. and Cesa-Bianchi, N. and Garnett, R.},
  month = {December},
  note = {\url{https://proceedings.neurips.cc/paper_files/paper/2018/file/2596a54cdbb555cfd09cd5d991da0f55-Paper.pdf}},
  openalex = {W2950592907},
  publisher = {Curran Associates, Inc.},
  series = {Conference Track Proceedings},
  title = {Maximum Causal Tsallis Entropy Imitation Learning},
  volume = {31},
  year = {2018}
}

@inproceedings{lee2019contextadaptive,
  address = {New Orleans, Louisiana, USA},
  author = {Lee, Jooyoung and Cho, Seung-Hyun and Beack, Seungkwon},
  booktitle = {7th International Conference on Learning Representations (ICLR)},
  month = {May},
  note = {\url{https://openreview.net/forum?id=HyxKIiAqYQ}},
  openalex = {W2893920456},
  publisher = {OpenReview.net},
  series = {Conference Track Proceedings},
  title = {Context-adaptive Entropy Model for End-to-end Optimized Image Compression},
  year = {2019}
}

@inproceedings{lee2020accelerated,
  address = {Virtual Event},
  author = {Lee, Jonathan and Pacchiano, Aldo and Bartlett, Peter L. and Jordan, Michael I.},
  booktitle = {Proceedings of the 37th International Conference on Machine Learning (ICML)},
  month = {July},
  note = {\url{http://proceedings.mlr.press/v119/lee20e.html}},
  openalex = {W3035601136},
  pages = {5736--5746},
  publisher = {PMLR},
  series = {Proceedings of Machine Learning Research},
  title = {Accelerated Message Passing for Entropy-Regularized MAP Inference},
  volume = {119},
  year = {2020}
}

@inproceedings{lee2024entropy,
  address = {Vienna, Austria},
  author = {Lee, Jonghyun and Jung, Dahuin and Lee, Saehyung and Park, Junsung and Shin, Juhyeon and Hwang, Uiwon and Yoon, Sungroh},
  booktitle = {12th International Conference on Learning Representations (ICLR)},
  month = {May},
  note = {\url{https://openreview.net/forum?id=9w3iw8wDuE}},
  openalex = {W4392780906},
  publisher = {OpenReview.net},
  series = {Conference Track Proceedings},
  title = {Entropy is not Enough for Test-Time Adaptation: From the Perspective of
  Disentangled Factors},
  year = {2024}
}

@inproceedings{li2004entropy,
  address = {Banff, Alberta, Canada},
  author = {Li, Tao and Ma, Sheng and Ogihara, Mitsunori},
  booktitle = {Machine Learning: Proceedings of the Twenty-First International Conference (ICML)},
  doi = {10.1145/1015330.1015404},
  editor = {Brodley, Carla E.},
  month = {July},
  note = {\url{\url{https://doi.org/10.1145/1015330.1015404}}},
  openalex = {W1982658582},
  publisher = {ACM},
  series = {ACM International Conference Proceeding Series},
  title = {Entropy-based criterion in categorical clustering},
  volume = {69},
  year = {2004}
}

@inproceedings{li2012entropy,
  address = {Lake Tahoe, Nevada, USA},
  author = {Li, Ping and Zhang, Cun‐Hui},
  booktitle = {Advances in Neural Information Processing Systems 25 (NIPS)},
  editor = {Pereira, F. and Burges, C.J. and Bottou, L. and Weinberger, K.Q.},
  month = {December},
  note = {\url{https://proceedings.neurips.cc/paper_files/paper/2012/file/5e76bef6e019b2541ff53db39f407a98-Paper.pdf}},
  openalex = {W2168156815},
  publisher = {Curran Associates, Inc.},
  series = {Conference Track Proceedings},
  title = {Entropy Estimations Using Correlated Symmetric Stable Random Projections},
  volume = {25},
  year = {2012}
}

@inproceedings{li2021mixed,
  address = {Virtual Event},
  author = {Li, Haoran and Lu, Wei},
  booktitle = {Proceedings of the 38th International Conference on Machine Learning (ICML)},
  editor = {Meila, Marina and Zhang, Tong},
  month = {July},
  note = {\url{\url{http://proceedings.mlr.press/v139/li21n.html}}},
  openalex = {W3176378696},
  pages = {6425--6436},
  publisher = {PMLR},
  series = {Proceedings of Machine Learning Research},
  title = {Mixed Cross Entropy Loss for Neural Machine Translation},
  volume = {139},
  year = {2021}
}

@inproceedings{li2024entropymcmc,
  address = {Vienna, Austria},
  author = {Li, Bolian and Zhang, Ruqi},
  booktitle = {12th International Conference on Learning Representations (ICLR)},
  month = {May},
  note = {\url{https://openreview.net/forum?id=oGNdBvymod}},
  openalex = {W4387595568},
  publisher = {OpenReview.net},
  series = {Conference Track Proceedings},
  title = {Entropy-MCMC: Sampling from Flat Basins with Ease},
  year = {2024}
}

@inproceedings{liang2024realistic,
  address = {Vienna, Austria},
  author = {Liang, Jian and Sheng, Lijun and Wang, Zhengbo and He, Ran and Tan, Tieniu},
  booktitle = {Forty-first International Conference on Machine Learning (ICML)},
  month = {July},
  note = {\url{https://openreview.net/forum?id=XxCfToC9pJ}},
  publisher = {OpenReview.net},
  title = {Realistic Unsupervised CLIP Fine-tuning with Universal Entropy Optimization},
  year = {2024}
}

@inproceedings{lim2020arda,
  address = {Virtual Event},
  author = {Lim, Jae Hyun and Courville, Aaron and Pal, Christopher and Huang, Chin-Wei},
  booktitle = {Proceedings of the 37th International Conference on Machine Learning (ICML)},
  month = {July},
  note = {\url{http://proceedings.mlr.press/v119/lim20a.html}},
  openalex = {W3035028608},
  pages = {6061--6071},
  publisher = {PMLR},
  series = {Proceedings of Machine Learning Research},
  title = {AR-DAE: Towards Unbiased Neural Entropy Gradient Estimation},
  volume = {119},
  year = {2020}
}

@inproceedings{liu2018connectionist,
  address = {Montreal, Quebec, Canada},
  author = {Liu, Hu and Jin, Sheng and Zhang, Changshui},
  booktitle = {Advances in Neural Information Processing Systems 31 (NeurIPS)},
  editor = {Bengio, S. and Wallach, H. and Larochelle, H. and Grauman, K. and Cesa-Bianchi, N. and Garnett, R.},
  month = {December},
  note = {\url{https://proceedings.neurips.cc/paper_files/paper/2018/file/e44fea3bec53bcea3b7513ccef5857ac-Paper.pdf}},
  openalex = {W2891267443},
  publisher = {Curran Associates, Inc.},
  series = {Conference Track Proceedings},
  title = {Connectionist Temporal Classification with Maximum Entropy Regularization},
  volume = {31},
  year = {2018}
}

@inproceedings{liu2019rem,
  address = {Vancouver, British Columbia, Canada},
  author = {Liu, Yiwei and Liu, Jiamou and Zhang, Zijian and Zhu, Liehuang and Li, Angsheng},
  booktitle = {Advances in Neural Information Processing Systems 32 (NeurIPS)},
  editor = {Wallach, H. and Larochelle, H. and Beygelzimer, A. and d'Alché-Buc, F. and Fox, E. and Garnett, R.},
  month = {December},
  note = {\url{https://proceedings.neurips.cc/paper_files/paper/2019/file/328347805873e9a9c700591812fb0ec2-Paper.pdf}},
  openalex = {W2970786075},
  publisher = {Curran Associates, Inc.},
  series = {Conference Track Proceedings},
  title = {REM: From Structural Entropy to Community Structure Deception},
  volume = {32},
  year = {2019}
}

@inproceedings{liu2022lossy,
  address = {Virtual Event},
  author = {Liu, Huan and Zhang, George and Chen, Jun and Khisti, Ashish J.},
  booktitle = {10th International Conference on Learning Representations (ICLR)},
  month = {April},
  note = {\url{https://openreview.net/forum?id=BRFWxcZfAdC}},
  publisher = {OpenReview.net},
  series = {Conference Track Proceedings},
  title = {Lossy Compression with Distribution Shift as Entropy Constrained Optimal Transport},
  year = {2022}
}

@inproceedings{liu2022self,
  address = {New Orleans, Louisiana, USA},
  author = {Liu, Xin and Wang, Zhongdao and Li, Yali and Wang, Shengjin},
  booktitle = {Advances in Neural Information Processing Systems 35 (NeurIPS)},
  editor = {Koyejo, S. and Mohamed, S. and Agarwal, A. and Belgrave, D. and Cho, K. and Oh, A.},
  month = {November},
  note = {\url{https://proceedings.neurips.cc/paper_files/paper/2022/file/dc709714c52b35f2f34aca2a92b06bc8-Paper-Conference.pdf}},
  openalex = {W4307079407},
  pages = {34091--34105},
  publisher = {Curran Associates, Inc.},
  series = {Conference Track Proceedings},
  title = {Self-Supervised Learning via Maximum Entropy Coding},
  volume = {35},
  year = {2022}
}

@inproceedings{liu2024entropyreinforced,
  address = {Vienna, Austria},
  author = {Liu, Xuefeng and Tien, Chih-chan and Ding, Peng and Jiang, Songhao and Stevens, Rick},
  booktitle = {Forty-first International Conference on Machine Learning (ICML)},
  month = {July},
  note = {\url{https://openreview.net/forum?id=F3Ds71Xgo1}},
  openalex = {W4399598205},
  publisher = {OpenReview.net},
  title = {Entropy-Reinforced Planning with Large Language Models for Drug
  Discovery},
  year = {2024}
}

@inproceedings{liu2024maximum,
  address = {Vienna, Austria},
  author = {Liu, Jiarong and Zhong, Yifan and Hu, Siyi and Fu, Haobo and Fu, Qiang and Chang, Xiaojun and Yang, Yaodong},
  booktitle = {12th International Conference on Learning Representations (ICLR)},
  month = {May},
  note = {\url{https://openreview.net/forum?id=tmqOhBC4a5}},
  openalex = {W4381568193},
  publisher = {OpenReview.net},
  series = {Conference Track Proceedings},
  title = {Maximum Entropy Heterogeneous-Agent Reinforcement Learning},
  year = {2024}
}

@inproceedings{loaizaganem2017maximum,
  address = {Toulon, France},
  author = {Loaiza-Ganem, Gabriel and Gao, Yuanjun and Cunningham, John P.},
  booktitle = {5th International Conference on Learning Representations (ICLR)},
  month = {April},
  note = {\url{https://openreview.net/forum?id=H1acq85gx}},
  openalex = {W2575378359},
  publisher = {OpenReview.net},
  series = {Conference Track Proceedings},
  title = {Maximum Entropy Flow Networks},
  year = {2017}
}

@inproceedings{long2004mistake,
  address = {Vancouver, British Columbia, Canada},
  author = {Long, Philip M. and Wu, Xinyu},
  booktitle = {Advances in Neural Information Processing Systems 17 (NIPS)},
  editor = {Saul, L. and Weiss, Y. and Bottou, L.},
  month = {December},
  note = {\url{https://proceedings.neurips.cc/paper_files/paper/2004/file/b7f1f29db7c23648f2bb8d6a8ee0469b-Paper.pdf}},
  openalex = {W2132044913},
  publisher = {MIT Press},
  series = {Conference Track Proceedings},
  title = {Mistake Bounds for Maximum Entropy Discrimination},
  volume = {17},
  year = {2004}
}

@inproceedings{lu2022multislots,
  address = {Baltimore, Maryland, USA},
  author = {Lu, Xingyu and Wu, Qintong and Zhong, Wenliang},
  booktitle = {International Conference on Machine Learning (ICML)},
  editor = {Chaudhuri, Kamalika and Jegelka, Stefanie and Song, Le and Szepesvári, Csaba and Niu, Gang and Sabato, Sivan},
  month = {July},
  note = {\url{https://proceedings.mlr.press/v162/lu22e.html}},
  pages = {14412--14428},
  publisher = {PMLR},
  series = {Proceedings of Machine Learning Research},
  title = {Multi-slots Online Matching with High Entropy},
  volume = {162},
  year = {2022}
}

@inproceedings{luo2023entropy,
  address = {New Orleans, Louisiana, USA},
  author = {Luo, Weijian and Zhang, Boya and Zhang, Zhihua},
  booktitle = {Advances in Neural Information Processing Systems 36 (NeurIPS)},
  editor = {A. Oh and T. Naumann and A. Globerson and K. Saenko and M. Hardt and S. Levine},
  month = {December},
  note = {\url{https://proceedings.neurips.cc/paper_files/paper/2023/file/1646e34971facbcda3727d1dc28ab635-Paper-Conference.pdf}},
  openalex = {W4380136339},
  pages = {7137--7157},
  publisher = {Curran Associates, Inc.},
  series = {Conference Track Proceedings},
  title = {Entropy-based Training Methods for Scalable Neural Implicit Sampler},
  volume = {36},
  year = {2023}
}

@inproceedings{macke2011biased,
  address = {Granada, Spain},
  author = {Macke, Jakob H. and Murray, Iain and Latham, Peter E.},
  booktitle = {Advances in Neural Information Processing Systems 24 (NIPS)},
  editor = {J. Shawe-Taylor and R. Zemel and P. Bartlett and F. Pereira and K.Q. Weinberger},
  month = {December},
  note = {\url{https://proceedings.neurips.cc/paper_files/paper/2011/file/feab05aa91085b7a8012516bc3533958-Paper.pdf}},
  openalex = {W2146697888},
  publisher = {Curran Associates, Inc.},
  series = {Conference Track Proceedings},
  title = {How biased are maximum entropy models},
  volume = {24},
  year = {2011}
}

@inproceedings{mannor2003cross,
  address = {Washington DC, USA},
  author = {Mannor, Shie and Rubinstein, Reuven Y. and Gat, Yohai},
  booktitle = {Machine Learning: Proceedings of the Twentieth International Conference (ICML)},
  editor = {Fawcett, Tom and Mishra, Nina},
  month = {August},
  note = {\url{http://www.aaai.org/Library/ICML/2003/icml03-068.php}},
  openalex = {W2163302320},
  pages = {512--519},
  publisher = {AAAI Press},
  title = {The cross entropy method for fast policy search},
  year = {2003}
}

@inproceedings{mannor2005cross,
  address = {Bonn, Germany},
  author = {Mannor, Shie and Peleg, Dori and Rubinstein, Reuven Y.},
  booktitle = {Machine Learning: Proceedings of the Twenty-Second International Conference (ICML)},
  doi = {10.1145/1102351.1102422},
  editor = {Raedt, Luc De and Wrobel, Stefan},
  month = {August},
  note = {\url{https://doi.org/10.1145/1102351.1102422}},
  openalex = {W2116873850},
  pages = {561--568},
  publisher = {ACM},
  series = {ACM International Conference Proceeding Series},
  title = {The cross entropy method for classification},
  volume = {119},
  year = {2005}
}

@inproceedings{marques2018contour,
  address = {Montreal, Quebec, Canada},
  author = {Marques, Alexandre and Lam, Remi and Willcox, Karen},
  booktitle = {Advances in Neural Information Processing Systems 31 (NeurIPS)},
  editor = {Bengio, S. and Wallach, H. and Larochelle, H. and Grauman, K. and Cesa-Bianchi, N. and Garnett, R.},
  month = {December},
  note = {\url{https://proceedings.neurips.cc/paper_files/paper/2018/file/01a0683665f38d8e5e567b3b15ca98bf-Paper.pdf}},
  publisher = {Curran Associates, Inc.},
  series = {Conference Track Proceedings},
  title = {Contour Location via Entropy Reduction Leveraging Multiple Information Sources},
  volume = {31},
  year = {2018}
}

@article{masud2023multivariate,
  author = {Masud, Shoaib Bin and Werenski, Matthew and Murphy, James M. and Aeron, Shuchin},
  journal = {Journal of Machine Learning Research},
  note = {\url{http://jmlr.org/papers/v24/22-0616.html}},
  number = {160},
  pages = {1--65},
  title = {Multivariate Soft Rank via Entropy-Regularized Optimal Transport: Sample Efficiency and Generative Modeling},
  volume = {24},
  year = {2023}
}

@inproceedings{mccallum2000maximum,
  address = {Stanford, California, USA},
  author = {McCallum, Andrew and Freitag, Dayne and Pereira, Fernando C. N.},
  booktitle = {Proceedings of the Seventeenth International Conference on Machine Learning (ICML)},
  editor = {Langley, Pat},
  month = {June},
  openalex = {W1934019294},
  pages = {591--598},
  publisher = {Morgan Kaufmann},
  title = {Maximum Entropy Markov Models for Information Extraction and Segmentation},
  year = {2000}
}

@inproceedings{mcdonald2009efficient,
  address = {Vancouver, British Columbia, Canada},
  author = {McDonald, Ryan and Mohri, Mehryar and Silberman, Nathan and Walker, Dan L. and Mann, Gideon},
  booktitle = {Advances in Neural Information Processing Systems 22 (NIPS)},
  editor = {Bengio, Y. and Schuurmans, D. and Lafferty, J. and Williams, C. and Culotta, A.},
  month = {December},
  note = {\url{https://proceedings.neurips.cc/paper_files/paper/2009/file/d81f9c1be2e08964bf9f24b15f0e4900-Paper.pdf}},
  openalex = {W2144839971},
  publisher = {Curran Associates, Inc.},
  series = {Conference Track Proceedings},
  title = {Efficient Large-Scale Distributed Training of Conditional Maximum Entropy Models},
  volume = {22},
  year = {2009}
}

@inproceedings{miao2024rethinking,
  address = {Vienna, Austria},
  author = {Miao, Rui and Zhou, Kaixiong and Wang, Yili and Liu, Ninghao and Wang, Ying and Wang, Xin},
  booktitle = {Forty-first International Conference on Machine Learning (ICML)},
  month = {July},
  note = {\url{https://openreview.net/forum?id=zrQIc9mQQN}},
  openalex = {W4399114729},
  publisher = {OpenReview.net},
  title = {Rethinking Independent Cross-Entropy Loss For Graph-Structured Data},
  year = {2024}
}

@inproceedings{morerio2018minimalentropy,
  address = {Vancouver, British Columbia, Canada},
  author = {Morerio, Pietro and Cavazza, Jacopo and Murino, Vittorio},
  booktitle = {6th International Conference on Learning Representations (ICLR)},
  month = {April},
  note = {\url{https://openreview.net/forum?id=rJWechg0Z}},
  openalex = {W2964159141},
  publisher = {OpenReview.net},
  series = {Conference Track Proceedings},
  title = {Minimal-Entropy Correlation Alignment for Unsupervised Deep Domain Adaptation},
  year = {2018}
}

@inproceedings{mutti2022importance,
  address = {Baltimore, Maryland, USA},
  author = {Mutti, Mirco and Santi, Riccardo De and Restelli, Marcello},
  booktitle = {International Conference on Machine Learning (ICML)},
  editor = {Chaudhuri, Kamalika and Jegelka, Stefanie and Song, Le and Szepesvári, Csaba and Niu, Gang and Sabato, Sivan},
  month = {July},
  note = {\url{https://proceedings.mlr.press/v162/mutti22a.html}},
  openalex = {W4221164780},
  pages = {16223--16239},
  publisher = {PMLR},
  series = {Proceedings of Machine Learning Research},
  title = {The Importance of Non-Markovianity in Maximum State Entropy Exploration},
  volume = {162},
  year = {2022}
}

@inproceedings{nemenman2001entropy,
  address = {Vancouver, British Columbia, Canada},
  author = {Nemenman, Ilya and Shafee, Fariel and Bialek, William},
  booktitle = {Advances in Neural Information Processing Systems 14 (NIPS)},
  editor = {T. Dietterich and S. Becker and Z. Ghahramani},
  month = {December},
  note = {\url{https://proceedings.neurips.cc/paper_files/paper/2001/file/d46e1fcf4c07ce4a69ee07e4134bcef1-Paper.pdf}},
  openalex = {W2097173970},
  publisher = {MIT Press},
  series = {Conference Track Proceedings},
  title = {Entropy and Inference, Revisited},
  volume = {14},
  year = {2001}
}

@inproceedings{neumann2023greedy,
  address = {Kigali, Rwanda},
  author = {Neumann, Samuel and Lim, Sungsu and Joseph, Ajin George and Pan, Yangchen and White, Adam and White, Martha},
  booktitle = {11th International Conference on Learning Representations (ICLR)},
  month = {May},
  note = {\url{https://openreview.net/forum?id=eSQh8rG8Oa}},
  openalex = {W4289372922},
  publisher = {OpenReview.net},
  series = {Conference Track Proceedings},
  title = {Greedy Actor-Critic: A New Conditional Cross-Entropy Method for Policy Improvement},
  year = {2023}
}

@inproceedings{nilsson2024remedi,
  address = {Vienna, Austria},
  author = {Nilsson, Viktor and Samaddar, Anirban and Madireddy, Sandeep and Nyquist, Pierre},
  booktitle = {Forty-first International Conference on Machine Learning (ICML)},
  month = {July},
  note = {\url{https://openreview.net/forum?id=321GwKMtxO}},
  openalex = {W4391709917},
  publisher = {OpenReview.net},
  title = {REMEDI: Corrective Transformations for Improved Neural Entropy
  Estimation},
  year = {2024}
}

@inproceedings{niu2012informationtheoretic,
  address = {Edinburgh, Scotland, UK},
  author = {Niu, Gang and Dai, Bo and Yamada, Makoto and Sugiyama, Masashi},
  booktitle = {Proceedings of the 29th International Conference on Machine Learning (ICML)},
  month = {June},
  note = {\url{http://icml.cc/2012/papers/74.pdf}},
  openalex = {W2157911873},
  publisher = {Omnipress},
  title = {Information-Theoretic Semi-Supervised Metric Learning via Entropy Regularization},
  year = {2012}
}

@inproceedings{novello2024fdivergence,
  address = {Vienna, Austria},
  author = {Novello, Nicola and Tonello, Andrea M.},
  booktitle = {Forty-first International Conference on Machine Learning (ICML)},
  month = {July},
  note = {\url{https://openreview.net/forum?id=RFhkcqRmTD}},
  openalex = {W4390572719},
  publisher = {OpenReview.net},
  title = {$f$-Divergence Based Classification: Beyond the Use of Cross-Entropy},
  year = {2024}
}

@inproceedings{oktay2020scalable,
  address = {Addis Ababa, Ethiopia},
  author = {Oktay, Deniz and Ballé, Johannes and Shrivastava, Abhinav and Singh, Saurabh},
  booktitle = {8th International Conference on Learning Representations (ICLR)},
  month = {April},
  note = {\url{https://openreview.net/forum?id=HkgxW0EYDS}},
  openalex = {W2995129880},
  publisher = {OpenReview.net},
  series = {Conference Track Proceedings},
  title = {Scalable Model Compression by Entropy Penalized Reparameterization},
  year = {2020}
}

@inproceedings{pal2010estimation,
  address = {Vancouver, British Columbia, Canada},
  author = {Pál, Dávid and Póczos, Barnabás and Szepesvári, Csaba},
  booktitle = {Advances in Neural Information Processing Systems 23 (NIPS)},
  editor = {Lafferty, J. and Williams, C. and Shawe-Taylor, J. and Zemel, R. and Culotta, A.},
  month = {December},
  note = {\url{https://proceedings.neurips.cc/paper_files/paper/2010/file/577ef1154f3240ad5b9b413aa7346a1e-Paper.pdf}},
  openalex = {W2951637626},
  publisher = {Curran Associates, Inc.},
  series = {Conference Track Proceedings},
  title = {Estimation of Rényi Entropy and Mutual Information Based on Generalized Nearest-Neighbor Graphs},
  volume = {23},
  year = {2010}
}

@inproceedings{pang2020rethinking,
  address = {Addis Ababa, Ethiopia},
  author = {Pang, Tianyu and Xu, Kun and Dong, Yinpeng and Du, Chao and Chen, Ning and Zhu, Jun},
  booktitle = {8th International Conference on Learning Representations (ICLR)},
  month = {April},
  note = {\url{https://openreview.net/forum?id=Byg9A24tvB}},
  openalex = {W2945557596},
  publisher = {OpenReview.net},
  series = {Conference Track Proceedings},
  title = {Rethinking Softmax Cross-Entropy Loss for Adversarial Robustness},
  year = {2020}
}

@inproceedings{pang2023secure,
  address = {Honolulu, Hawaii, USA},
  author = {Pang, Qi and Wang, Lun and Wang, Shuai and Zheng, Wenting and Song, Dawn},
  booktitle = {International Conference on Machine Learning (ICML)},
  editor = {Krause, Andreas and Brunskill, Emma and Cho, Kyunghyun and Engelhardt, Barbara and Sabato, Sivan and Scarlett, Jonathan},
  month = {July},
  note = {\url{https://proceedings.mlr.press/v202/pang23a.html}},
  pages = {26990--27010},
  publisher = {PMLR},
  series = {Proceedings of Machine Learning Research},
  title = {Secure Federated Correlation Test and Entropy Estimation},
  volume = {202},
  year = {2023}
}

@inproceedings{park2002boosted,
  address = {Sydney, Australia},
  author = {Park, Seong-Bae and Zhang, Byoung‐Tak},
  booktitle = {Machine Learning: Proceedings of the Nineteenth International Conference (ICML)},
  editor = {Sammut, Claude and Hoffmann, Achim G.},
  month = {July},
  openalex = {W1608076529},
  pages = {482--489},
  publisher = {Morgan Kaufmann},
  title = {A Boosted Maximum Entropy Model for Learning Text Chunking},
  year = {2002}
}

@inproceedings{pavlov2002maximum,
  address = {Vancouver, British Columbia, Canada},
  author = {Pavlov, Dmitry and Pennock, David M.},
  booktitle = {Advances in Neural Information Processing Systems 15 (NIPS)},
  editor = {S. Becker and S. Thrun and K. Obermayer},
  month = {December},
  note = {\url{https://proceedings.neurips.cc/paper_files/paper/2002/file/cc7e2b878868cbae992d1fb743995d8f-Paper.pdf}},
  openalex = {W2171849943},
  publisher = {MIT Press},
  series = {Conference Track Proceedings},
  title = {A Maximum Entropy Approach to Collaborative Filtering in Dynamic, Sparse, High-Dimensional Domains},
  volume = {15},
  year = {2002}
}

@inproceedings{pavlov2003mixtures,
  address = {Washington DC, USA},
  author = {Pavlov, Dmitry and Popescul, Alexandrin and Pennock, David M. and Ungar, Lyle},
  booktitle = {Machine Learning: Proceedings of the Twentieth International Conference (ICML)},
  editor = {Fawcett, Tom and Mishra, Nina},
  month = {August},
  note = {\url{http://www.aaai.org/Library/ICML/2003/icml03-077.php}},
  openalex = {W1929850838},
  pages = {584--591},
  publisher = {AAAI Press},
  title = {Mixtures of conditional maximum entropy models},
  year = {2003}
}

@inproceedings{pei2024entropy,
  address = {Vienna, Austria},
  author = {Pei, Jiaming and Wu, Haotian},
  booktitle = {12th International Conference on Learning Representations (ICLR)},
  month = {May},
  note = {\url{https://openreview.net/forum?id=P7MVXYI3Xx}},
  publisher = {OpenReview.net},
  series = {The Second Tiny Papers Track},
  title = {Entropy-Aided Prompt Federated Learning},
  year = {2024}
}

@inproceedings{phillips2004maximum,
  address = {Banff, Alberta, Canada},
  author = {Phillips, Steven J. and Dudík, Miroslav and Schapire, Robert E.},
  booktitle = {Machine Learning: Proceedings of the Twenty-First International Conference (ICML)},
  doi = {10.1145/1015330.1015412},
  editor = {Brodley, Carla E.},
  month = {July},
  note = {\url{\url{https://doi.org/10.1145/1015330.1015412}}},
  openalex = {W1979759959},
  publisher = {ACM},
  series = {ACM International Conference Proceeding Series},
  title = {A maximum entropy approach to species distribution modeling},
  volume = {69},
  year = {2004}
}

@inproceedings{pichler2022differential,
  address = {Baltimore, Maryland, USA},
  author = {Pichler, Georg and Colombo, Pierre Jean A. and Boudiaf, Malik and Koli, Günther and and Piantanida, Pablo},
  booktitle = {International Conference on Machine Learning (ICML)},
  editor = {Chaudhuri, Kamalika and Jegelka, Stefanie and Song, Le and Szepesvári, Csaba and Niu, Gang and Sabato, Sivan},
  month = {July},
  note = {\url{https://proceedings.mlr.press/v162/pichler22a.html}},
  pages = {17691--17715},
  publisher = {PMLR},
  series = {Proceedings of Machine Learning Research},
  title = {A Differential Entropy Estimator for Training Neural Networks},
  volume = {162},
  year = {2022}
}

@inproceedings{pitis2020maximum,
  address = {Virtual Event},
  author = {Pitis, Silviu and Chan, Harris and Zhao, Stephen and Stadie, Bradly C. and Ba, Jimmy},
  booktitle = {Proceedings of the 37th International Conference on Machine Learning (ICML)},
  month = {July},
  note = {\url{http://proceedings.mlr.press/v119/pitis20a.html}},
  openalex = {W3034296891},
  pages = {7750--7761},
  publisher = {PMLR},
  series = {Proceedings of Machine Learning Research},
  title = {Maximum Entropy Gain Exploration for Long Horizon Multi-goal Reinforcement Learning},
  volume = {119},
  year = {2020}
}

@inproceedings{press2024entropy,
  address = {Vienna, Austria},
  author = {Press, Ori and Shwartz-Ziv, Ravid and LeCun, Yann and Bethge, Matthias},
  booktitle = {Forty-first International Conference on Machine Learning (ICML)},
  month = {July},
  note = {\url{https://openreview.net/forum?id=0bGsVoumFL}},
  openalex = {W4396816845},
  publisher = {OpenReview.net},
  title = {The Entropy Enigma: Success and Failure of Entropy Minimization},
  year = {2024}
}

@inproceedings{puli2023dont,
  address = {New Orleans, Louisiana, USA},
  author = {Puli, Aahlad Manas and Zhang, Lily and Wald, Yoav and Ranganath, Rajesh},
  booktitle = {Advances in Neural Information Processing Systems 36 (NeurIPS)},
  editor = {A. Oh and T. Naumann and A. Globerson and K. Saenko and M. Hardt and S. Levine},
  month = {December},
  note = {\url{https://proceedings.neurips.cc/paper_files/paper/2023/file/e35460304fdf6df523f068a59aaf8829-Paper-Conference.pdf}},
  pages = {71874--71910},
  publisher = {Curran Associates, Inc.},
  series = {Conference Track Proceedings},
  title = {Don't Blame Dataset Shift! Shortcut Learning Due to Gradients and Cross Entropy},
  volume = {36},
  year = {2023}
}

@inproceedings{qian2021learning,
  address = {Virtual Event, Austria},
  author = {Qian, Yichen and Tan, Zhiyu and Sun, Xiuyu and Lin, Ming and Li, Dongyang and Sun, Zhenhong and Li, Hao and Jin, Rong},
  booktitle = {9th International Conference on Learning Representations (ICLR)},
  month = {May},
  note = {\url{https://openreview.net/forum?id=cTbIjyrUVwJ}},
  openalex = {W3092877102},
  publisher = {OpenReview.net},
  series = {Conference Track Proceedings},
  title = {Learning Accurate Entropy Model with Global Reference for Image Compression},
  year = {2021}
}

@inproceedings{qian2022entroformer,
  address = {Virtual Event},
  author = {Qian, Yichen and Lin, Ming and Sun, Xiuyu and Tan, Zhiyu and Jin, Rong},
  booktitle = {10th International Conference on Learning Representations (ICLR)},
  month = {April},
  note = {\url{https://openreview.net/forum?id=VrjOFfcnSV8}},
  openalex = {W4225607460},
  publisher = {OpenReview.net},
  series = {Conference Track Proceedings},
  title = {Entroformer: A Transformer-based Entropy Model for Learned Image Compression},
  year = {2022}
}

@inproceedings{ralaivola2015entropybased,
  address = {Lille, France},
  author = {Ralaivola, Liva and Amini, Massih-Reza},
  booktitle = {Proceedings of the 32nd International Conference on Machine Learning (ICML)},
  editor = {Bach, Francis R. and Blei, David M.},
  month = {July},
  note = {\url{http://proceedings.mlr.press/v37/ralaivola15.html}},
  openalex = {W1837490984},
  pages = {2436--2444},
  publisher = {Journal of Machine Learning Research (JMLR)},
  series = {Workshop and Conference Proceedings},
  title = {Entropy-Based Concentration Inequalities for Dependent Variables},
  year = {2015}
}

@inproceedings{rangarajan2001mime,
  address = {Vancouver, British Columbia, Canada},
  author = {Rangarajan, Anand and Yuille, Alan},
  booktitle = {Advances in Neural Information Processing Systems 14 (NIPS)},
  editor = {T. Dietterich and S. Becker and Z. Ghahramani},
  month = {December},
  note = {\url{https://proceedings.neurips.cc/paper_files/paper/2001/file/f1981e4bd8a0d6d8462016d2fc6276b3-Paper.pdf}},
  openalex = {W2169099927},
  publisher = {MIT Press},
  series = {Conference Track Proceedings},
  title = {MIME: Mutual Information Minimization and Entropy Maximization for Bayesian Belief Propagation},
  volume = {14},
  year = {2001}
}

@inproceedings{risteski2016approximate,
  address = {Barcelona, Spain},
  author = {Li, Yuanzhi and Risteski, Andrej},
  booktitle = {Advances in Neural Information Processing Systems 29 (NeurIPS)},
  editor = {Lee, D. and Sugiyama, M. and Luxburg, U. and Guyon, I. and Garnett, R.},
  month = {December},
  note = {\url{https://proceedings.neurips.cc/paper_files/paper/2016/file/046ddf96c233a273fd390c3d0b1a9aa4-Paper.pdf}},
  openalex = {W2478923063},
  publisher = {Curran Associates, Inc.},
  series = {Conference Track Proceedings},
  title = {Approximate maximum entropy principles via Goemans-Williamson with applications to provable variational methods},
  volume = {29},
  year = {2016}
}

@inproceedings{ru2023attentive,
  address = {New Orleans, Louisiana, USA},
  author = {Ru, Xiaolei and Zhang, Xinya and Liu, Zijia and Moore, Jack Murdoch and Yan, Gang},
  booktitle = {Advances in Neural Information Processing Systems 36 (NeurIPS)},
  editor = {A. Oh and T. Naumann and A. Globerson and K. Saenko and M. Hardt and S. Levine},
  month = {December},
  note = {\url{https://proceedings.neurips.cc/paper_files/paper/2023/file/00bb4e415ef117f2dee2fc3b778d806d-Paper-Conference.pdf}},
  pages = {171--183},
  publisher = {Curran Associates, Inc.},
  series = {Conference Track Proceedings},
  title = {Attentive Transfer Entropy to Exploit Transient Emergence of Coupling Effect},
  volume = {36},
  year = {2023}
}

@inproceedings{schotthofer2022structure,
  address = {Baltimore, Maryland, USA},
  author = {Schotthöfer, Steffen and Xiao, Tianbai and Frank, Martin and Hauck, Cory D.},
  booktitle = {International Conference on Machine Learning (ICML)},
  editor = {Chaudhuri, Kamalika and Jegelka, Stefanie and Song, Le and Szepesvári, Csaba and Niu, Gang and Sabato, Sivan},
  month = {July},
  note = {\url{https://proceedings.mlr.press/v162/schotthofer22a.html}},
  pages = {19406--19433},
  publisher = {PMLR},
  series = {Proceedings of Machine Learning Research},
  title = {Structure Preserving Neural Networks: A Case Study in the Entropy Closure of the Boltzmann Equation},
  year = {2022}
}

@inproceedings{seo2021state,
  address = {Virtual Event},
  author = {Seo, Younggyo and Chen, Lili and Shin, Jinwoo and Lee, Honglak and Abbeel, Pieter and Lee, Kimin},
  booktitle = {Proceedings of the 38th International Conference on Machine Learning (ICML)},
  editor = {Meila, Marina and Zhang, Tong},
  month = {July},
  note = {\url{\url{http://proceedings.mlr.press/v139/seo21a.html}}},
  openalex = {W4287326330},
  pages = {9443--9454},
  publisher = {PMLR},
  series = {Proceedings of Machine Learning Research},
  title = {State Entropy Maximization with Random Encoders for Efficient
  Exploration},
  volume = {139},
  year = {2021}
}

@inproceedings{serrurier2015entropy,
  address = {Lille, France},
  author = {Serrurier, Mathieu and Prade, Henri},
  booktitle = {Proceedings of the 32nd International Conference on Machine Learning (ICML)},
  editor = {Bach, Francis R. and Blei, David M.},
  month = {July},
  note = {\url{http://proceedings.mlr.press/v37/serrurier15.html}},
  openalex = {W1820987678},
  pages = {1576--1584},
  publisher = {JMLR.org},
  series = {Workshop and Conference Proceedings},
  title = {Entropy evaluation based on confidence intervals of frequency estimates : Application to the learning of decision trees},
  year = {2015}
}

@inproceedings{shah2015parallel,
  address = {Montreal, Quebec, Canada},
  author = {Shah, Amar and Ghahramani, Zoubin},
  booktitle = {Advances in Neural Information Processing Systems 28 (NIPS)},
  editor = {C. Cortes and N. Lawrence and D. Lee and M. Sugiyama and R. Garnett},
  month = {December},
  note = {\url{https://proceedings.neurips.cc/paper_files/paper/2015/file/57c0531e13f40b91b3b0f1a30b529a1d-Paper.pdf}},
  openalex = {W2950646495},
  publisher = {Curran Associates, Inc.},
  series = {Conference Track Proceedings},
  title = {Parallel Predictive Entropy Search for Batch Global Optimization of Expensive Objective Functions},
  volume = {28},
  year = {2015}
}

@inproceedings{sharma2015on,
  address = {Lille, France},
  author = {Sharma, Dravyansh and Kapoor, Ashish and Deshpande, Amit},
  booktitle = {Proceedings of the 32nd International Conference on Machine Learning (ICML)},
  editor = {Bach, Francis R. and Blei, David M.},
  month = {July},
  note = {\url{http://proceedings.mlr.press/v37/sharma15.html}},
  openalex = {W1952656308},
  pages = {1330--1338},
  publisher = {JMLR.org},
  series = {Workshop and Conference Proceedings},
  title = {On Greedy Maximization of Entropy},
  year = {2015}
}

@inproceedings{shen2023entropy,
  address = {New Orleans, Louisiana, USA},
  author = {Shen, Zebang and Wang, Zhenfu},
  booktitle = {Advances in Neural Information Processing Systems 36 (NeurIPS)},
  editor = {A. Oh and T. Naumann and A. Globerson and K. Saenko and M. Hardt and S. Levine},
  month = {December},
  note = {\url{https://proceedings.neurips.cc/paper_files/paper/2023/file/b9a17133e3943509243b5e197c1c23b2-Paper-Conference.pdf}},
  openalex = {W4353007505},
  pages = {59227--59238},
  publisher = {Curran Associates, Inc.},
  series = {Conference Track Proceedings},
  title = {Entropy-dissipation Informed Neural Network for McKean-Vlasov Type PDEs},
  volume = {36},
  year = {2023}
}

@inproceedings{singer1996training,
  address = {Denver, Colorado, USA},
  author = {Singer, Yoram and Warmuth, Manfred K.},
  booktitle = {Advances in Neural Information Processing Systems 9 (NIPS)},
  editor = {Mozer, M.C. and Jordan, M. and Petsche, T.},
  month = {December},
  note = {\url{https://proceedings.neurips.cc/paper_files/paper/1996/file/7eb3c8be3d411e8ebfab08eba5f49632-Paper.pdf}},
  openalex = {W2164715647},
  publisher = {MIT Press},
  series = {Conference Track Proceedings},
  title = {Training Algorithms for Hidden Markov Models using Entropy Based Distance Functions},
  volume = {9},
  year = {1996}
}

@inproceedings{Singer1998batch,
  address = {Denver, Colorado, USA},
  author = {Singer, Yoram and Warmuth, Manfred K.},
  booktitle = {Advances in Neural Information Processing Systems 11 (NIPS)},
  editor = {Kearns, M. and Solla, S. and Cohn, D.},
  month = {November},
  note = {\url{https://proceedings.neurips.cc/paper_files/paper/1998/file/8c00dee24c9878fea090ed070b44f1ab-Paper.pdf}},
  openalex = {W2125145210},
  publisher = {MIT Press},
  series = {Conference Track Proceedings},
  title = {Batch and On-Line Parameter Estimation of Gaussian Mixtures Based on the Joint Entropy},
  volume = {11},
  year = {1998}
}

@inproceedings{smola1999entropy,
  address = {Denver, Colorado, USA},
  author = {Smola, Alex and Shawe‐Taylor, John and Schölkopf, Bernhard and Williamson, Robert C.},
  booktitle = {Advances in Neural Information Processing Systems 12 (NIPS)},
  editor = {S. Solla and T. Leen and K. Müller},
  month = {November},
  note = {\url{https://proceedings.neurips.cc/paper_files/paper/1999/file/08e6bea8e90ba87af3c9554d94db6579-Paper.pdf}},
  openalex = {W2128768232},
  publisher = {MIT Press},
  series = {Conference Track Proceedings},
  title = {The Entropy Regularization Information Criterion},
  volume = {12},
  year = {1999}
}

@inproceedings{sricharan2012ensemble,
  address = {Lake Tahoe, Nevada, USA},
  author = {Sricharan, Kumar and Hero, Alfred O.},
  booktitle = {Advances in Neural Information Processing Systems 25 (NIPS)},
  editor = {F. Pereira and C.J. Burges and L. Bottou and K.Q. Weinberger},
  month = {December},
  note = {\url{https://proceedings.neurips.cc/paper_files/paper/2012/file/92c8c96e4c37100777c7190b76d28233-Paper.pdf}},
  openalex = {W2125972037},
  publisher = {Curran Associates, Inc.},
  series = {Conference Track Proceedings},
  title = {Ensemble weighted kernel estimators for multivariate entropy estimation},
  volume = {25},
  year = {2012}
}

@inproceedings{sun2018semi,
  address = {Montreal, Quebec, Canada},
  author = {Sun, Haitian and Cohen, William W. and Bing, Lidong},
  booktitle = {Advances in Neural Information Processing Systems 31 (NeurIPS)},
  editor = {Bengio, S. and Wallach, H. and Larochelle, H. and Grauman, K. and Cesa-Bianchi, N. and Garnett, R.},
  month = {December},
  note = {\url{https://proceedings.neurips.cc/paper_files/paper/2018/file/12b1e42dc0746f22cf361267de07073f-Paper.pdf}},
  openalex = {W2963491157},
  publisher = {Curran Associates, Inc.},
  series = {Conference Track Proceedings},
  title = {Semi-Supervised Learning with Declaratively Specified Entropy Constraints},
  volume = {31},
  year = {2018}
}

@inproceedings{sun2022entropy,
  address = {New Orleans, Louisiana, USA},
  author = {Sun, Zhenhong and Ge, Ce and Wang, Junyan and Lin, Ming and Chen, Hesen and Li, Hao and Sun, Xiuyu},
  booktitle = {Advances in Neural Information Processing Systems 35 (NeurIPS)},
  editor = {Koyejo, S. and Mohamed, S. and Agarwal, A. and Belgrave, D. and Cho, K. and Oh, A.},
  month = {November},
  note = {\url{https://proceedings.neurips.cc/paper_files/paper/2022/file/86e7ebb16d33d59e62d1b0a079ea058d-Paper-Conference.pdf}},
  pages = {21508--21520},
  publisher = {Curran Associates, Inc.},
  series = {Conference Track Proceedings},
  title = {Entropy-Driven Mixed-Precision Quantization for Deep Network Design},
  volume = {35},
  year = {2022}
}

@inproceedings{sun2022maedet,
  address = {Baltimore, Maryland, USA},
  author = {Sun, Zhenhong and Lin, Ming and Sun, Xiuyu and Tan, Zhiyu and Li, Hao and Jin, Rong},
  booktitle = {International Conference on Machine Learning (ICML)},
  editor = {Chaudhuri, Kamalika and Jegelka, Stefanie and Song, Le and Szepesvári, Csaba and Niu, Gang and Sabato, Sivan},
  month = {July},
  note = {\url{https://proceedings.mlr.press/v162/sun22c.html}},
  openalex = {W4286850363},
  pages = {20810--20826},
  publisher = {PMLR},
  series = {Proceedings of Machine Learning Research},
  title = {MAE-DET: Revisiting Maximum Entropy Principle in Zero-Shot NAS for Efficient Object Detection},
  volume = {162},
  year = {2022}
}

@inproceedings{sun2024learninggraph,
  address = {Vienna, Austria},
  author = {Sun, Ziheng and Wang, Xudong and Ding, Chris and Fan, Jicong},
  booktitle = {Forty-first International Conference on Machine Learning (ICML)},
  month = {July},
  note = {\url{https://openreview.net/forum?id=xwOENWCo46}},
  publisher = {OpenReview.net},
  title = {Learning Graph Representation via Graph Entropy Maximization},
  year = {2024}
}

@inproceedings{sun2024lsenet,
  address = {Vienna, Austria},
  author = {Sun, Li and Huang, Zhenhao and Peng, Hao and Wang, Yujie and Liu, Chunyang and Yu, Philip S.},
  booktitle = {Forty-first International Conference on Machine Learning (ICML)},
  month = {July},
  note = {\url{https://openreview.net/forum?id=L6SRXG92s6}},
  openalex = {W4398192341},
  publisher = {OpenReview.net},
  title = {LSEnet: Lorentz Structural Entropy Neural Network for Deep Graph
  Clustering},
  year = {2024}
}

@article{sutter2019generalized,
  author = {Sutter, Tobias and Sutter, David and Mohajerin Esfahani, Peyman and Lygeros, John},
  journal = {Journal of Machine Learning Research},
  note = {\url{http://jmlr.org/papers/v20/17-486.html}},
  number = {138},
  pages = {1--29},
  title = {Generalized Maximum Entropy Estimation of Linear Models},
  volume = {20},
  year = {2019}
}

@inproceedings{suzuki2020multi,
  address = {Virtual Event},
  author = {Suzuki, Shinya and Takeno, Shion and Tamura, Tomoyuki and Shitara, Kazuki and Karasuyama, Masayuki},
  booktitle = {Proceedings of the 37th International Conference on Machine Learning (ICML)},
  month = {July},
  note = {\url{http://proceedings.mlr.press/v119/suzuki20a.html}},
  openalex = {W3035605281},
  pages = {9279--9288},
  publisher = {PMLR},
  series = {Proceedings of Machine Learning Research},
  title = {Multi-objective Bayesian Optimization using Pareto-frontier Entropy},
  volume = {119},
  year = {2020}
}

@inproceedings{takeno2020multi,
  address = {Virtual Event},
  author = {Takeno, Shion and Fukuoka, Hitoshi and Tsukada, Yuhki and Koyama, Toshiyuki and Shiga, M. and Takeuchi, Ichiro and Karasuyama, Masayuki},
  booktitle = {Proceedings of the 37th International Conference on Machine Learning (ICML)},
  month = {July},
  note = {\url{http://proceedings.mlr.press/v119/takeno20a.html}},
  openalex = {W4288623568},
  pages = {9334--9345},
  publisher = {PMLR},
  series = {Proceedings of Machine Learning Research},
  title = {Multi-fidelity Bayesian Optimization with Max-value Entropy Search and its parallelization},
  volume = {119},
  year = {2020}
}

@inproceedings{takeno2022sequential,
  address = {Baltimore, Maryland, USA},
  author = {Takeno, Shion and Tamura, Tomoyuki and Shitara, Kazuki and Karasuyama, Masayuki},
  booktitle = {International Conference on Machine Learning (ICML)},
  editor = {Chaudhuri, Kamalika and Jegelka, Stefanie and Song, Le and Szepesvári, Csaba and Niu, Gang and Sabato, Sivan},
  month = {July},
  note = {\url{https://proceedings.mlr.press/v162/takeno22a.html}},
  openalex = {W3133352888},
  pages = {20960--20986},
  publisher = {PMLR},
  series = {Proceedings of Machine Learning Research},
  title = {Sequential- and Parallel- Constrained Max-value Entropy Search via Information Lower Bound},
  volume = {162},
  year = {2022}
}

@inproceedings{tang2023points,
  address = {New Orleans, Louisiana, USA},
  author = {Tang, Liyao and Chen, Zhe and Zhao, Shanshan and Wang, Chaoyue and Tao, Dacheng},
  booktitle = {Advances in Neural Information Processing Systems 36 (NeurIPS)},
  editor = {A. Oh and T. Naumann and A. Globerson and K. Saenko and M. Hardt and S. Levine},
  month = {December},
  note = {\url{https://proceedings.neurips.cc/paper_files/paper/2023/file/f86c5c4d4dca70d30b1c12a33a2bc1a4-Paper-Conference.pdf}},
  openalex = {W4378500999},
  pages = {78657--78673},
  publisher = {Curran Associates, Inc.},
  series = {Conference Track Proceedings},
  title = {All Points Matter: Entropy-Regularized Distribution Alignment for Weakly-supervised 3D Segmentation},
  volume = {36},
  year = {2023}
}

@inproceedings{tiapkin2023fast,
  address = {Honolulu, Hawaii, USA},
  author = {Tiapkin, Daniil and Belomestny, Denis and Calandriello, Daniele and Moulines, Éric and Munos, Rémi and Naumov, Alexey and Perrault, Pierre and Tang, Yunhao and Valko, Michal and Ménard, Pierre},
  booktitle = {International Conference on Machine Learning (ICML)},
  editor = {Krause, Andreas and Brunskill, Emma and Cho, Kyunghyun and Engelhardt, Barbara and Sabato, Sivan and Scarlett, Jonathan},
  month = {July},
  note = {\url{\url{https://proceedings.mlr.press/v202/tiapkin23a.html}}},
  openalex = {W4327526204},
  pages = {34161--34221},
  publisher = {PMLR},
  series = {Proceedings of Machine Learning Research},
  title = {Fast Rates for Maximum Entropy Exploration},
  year = {2023}
}

@inproceedings{tiboni2024domain,
  address = {Vienna, Austria},
  author = {Tiboni, Gabriele and Klink, Pascal and Peters, Jan and Tommasi, Tatiana and D’Eramo, Carlo and Chalvatzaki, Georgia},
  booktitle = {12th International Conference on Learning Representations (ICLR)},
  month = {May},
  note = {\url{https://openreview.net/forum?id=GXtmuiVrOM}},
  openalex = {W4388444712},
  publisher = {OpenReview.net},
  series = {Conference Track Proceedings},
  title = {Domain Randomization via Entropy Maximization},
  year = {2024}
}

@inproceedings{tu2022joint,
  address = {New Orleans, Louisiana, USA},
  author = {Tu, Ben and Gandy, Axel and Kantas, Nikolas and Shafei, Behrang},
  booktitle = {Advances in Neural Information Processing Systems 35 (NeurIPS)},
  editor = {Koyejo, S. and Mohamed, S. and Agarwal, A. and Belgrave, D. and Cho, K. and Oh, A.},
  month = {November},
  note = {\url{https://proceedings.neurips.cc/paper_files/paper/2022/file/4086fe59dc3584708468fba0e459f6a7-Paper-Conference.pdf}},
  openalex = {W4303649051},
  pages = {9922--9938},
  publisher = {Curran Associates, Inc.},
  series = {Conference Track Proceedings},
  title = {Joint Entropy Search for Multi-objective Bayesian Optimization},
  volume = {35},
  year = {2022}
}

@inproceedings{valiant2013estimating,
  address = {Lake Tahoe, Nevada, USA},
  author = {Valiant, Paul and Valiant, Gregory},
  booktitle = {Advances in Neural Information Processing Systems 26 (NIPS)},
  editor = {C.J. Burges and L. Bottou and M. Welling and Z. Ghahramani and K.Q. Weinberger},
  month = {December},
  note = {\url{https://proceedings.neurips.cc/paper_files/paper/2013/file/53c04118df112c13a8c34b38343b9c10-Paper.pdf}},
  openalex = {W2124055802},
  publisher = {Curran Associates, Inc.},
  series = {Conference Track Proceedings},
  title = {Estimating the Unseen: Improved Estimators for Entropy and other Properties},
  volume = {26},
  year = {2013}
}

@inproceedings{vernaza2012efficient,
  address = {Lake Tahoe, Nevada, USA},
  author = {Vernaza, Paul and Bagnell, Drew},
  booktitle = {Advances in Neural Information Processing Systems 25 (NIPS)},
  editor = {Pereira, F. and Burges, C.J. and Bottou, L. and Weinberger, K.Q.},
  month = {December},
  note = {\url{https://proceedings.neurips.cc/paper_files/paper/2012/file/0e01938fc48a2cfb5f2217fbfb00722d-Paper.pdf}},
  openalex = {W2161313852},
  publisher = {Curran Associates, Inc.},
  series = {Conference Track Proceedings},
  title = {Efficient high dimensional maximum entropy modeling via symmetric partition functions},
  volume = {25},
  year = {2012}
}

@inproceedings{viola1995empirical,
  address = {Denver, Colorado, USA},
  author = {Viola, Paul and Schraudolph, Nicol N. and Sejnowski, Terrence J.},
  booktitle = {Advances in Neural Information Processing Systems 8 (NIPS)},
  editor = {D. Touretzky and M.C. Mozer and M. Hasselmo},
  month = {November},
  note = {\url{https://proceedings.neurips.cc/paper_files/paper/1995/file/537d9b6c927223c796cac288cced29df-Paper.pdf}},
  openalex = {W2126678392},
  publisher = {MIT Press},
  series = {Conference Track Proceedings},
  title = {Empirical Entropy Manipulation for Real-World Problems},
  volume = {8},
  year = {1995}
}

@inproceedings{wang2003learning,
  address = {Washington DC, USA},
  author = {Wang, Shaojun and Schuurmans, Dale and Peng, Fuchun and Zhao, Yunxin},
  booktitle = {Machine Learning: Proceedings of the Twentieth International Conference (ICML)},
  editor = {Fawcett, Tom and Mishra, Nina},
  month = {August},
  note = {\url{http://www.aaai.org/Library/ICML/2003/icml03-102.php}},
  openalex = {W2108408304},
  pages = {784--791},
  publisher = {AAAI Press},
  title = {Learning mixture models with the latent maximum entropy principle},
  year = {2003}
}

@inproceedings{wang2017maxvalue,
  address = {Sydney, Australia},
  author = {Wang, Zi and Jegelka, Stefanie},
  booktitle = {Proceedings of the 34th International Conference on Machine Learning (ICML)},
  editor = {Precup, Doina and Teh, Yee Whye},
  month = {August},
  note = {\url{http://proceedings.mlr.press/v70/wang17e.html}},
  openalex = {W2593660867},
  pages = {3627--3635},
  publisher = {PMLR},
  series = {Proceedings of Machine Learning Research},
  title = {Max-value Entropy Search for Efficient Bayesian Optimization},
  volume = {70},
  year = {2017}
}

@inproceedings{wang2021tent,
  address = {Virtual Event, Austria},
  author = {Wang, Dequan and Shelhamer, Evan and Liu, Shaoteng and Olshausen, Bruno A. and Darrell, Trevor},
  booktitle = {9th International Conference on Learning Representations (ICLR)},
  month = {May},
  note = {\url{https://openreview.net/forum?id=uXl3bZLkr3c}},
  openalex = {W3119543788},
  publisher = {OpenReview.net},
  series = {Conference Track Proceedings},
  title = {Tent: Fully Test-time Adaptation by Entropy Minimization},
  year = {2021}
}

@inproceedings{wang2023maximizing,
  address = {Kigali, Rwanda},
  author = {Wang, Junyan and Sun, Zhenhong and Qian, Yichen and Gong, Dong and Sun, Xiuyu and Lin, Ming and Pagnucco, Maurice and Song, Yang},
  booktitle = {11th International Conference on Learning Representations (ICLR)},
  month = {May},
  note = {\url{https://openreview.net/forum?id=lj1Eb1OPeNw}},
  openalex = {W4323565193},
  publisher = {OpenReview.net},
  series = {Conference Track Proceedings},
  title = {Maximizing Spatio-Temporal Entropy of Deep 3D CNNs for Efficient Video Recognition},
  year = {2023}
}

@inproceedings{wen2018constrained,
  address = {Montreal, Quebec, Canada},
  author = {Wen, Min and Topcu, Ufuk},
  booktitle = {Advances in Neural Information Processing Systems 31 (NeurIPS)},
  editor = {Bengio, S. and Wallach, H. and Larochelle, H. and Grauman, K. and Cesa-Bianchi, N. and Garnett, R.},
  month = {December},
  note = {\url{https://proceedings.neurips.cc/paper_files/paper/2018/file/34ffeb359a192eb8174b6854643cc046-Paper.pdf}},
  openalex = {W2889696653},
  publisher = {Curran Associates, Inc.},
  series = {Conference Track Proceedings},
  title = {Constrained Cross-Entropy Method for Safe Reinforcement Learning},
  volume = {31},
  year = {2018}
}

@inproceedings{westerdijk2000classification,
  address = {Stanford, California, USA},
  author = {Westerdijk, Machiel and Wiegerinck, Wim},
  booktitle = {Proceedings of the Seventeenth International Conference on Machine Learning (ICML)},
  editor = {Langley, Pat},
  month = {June},
  openalex = {W118201739},
  pages = {1143--1150},
  publisher = {Morgan Kaufmann},
  series = {Proceedings},
  title = {Classification with Multiple Latent Variable Models using Maximum Entropy Discrimination},
  year = {2000}
}

@inproceedings{williamson1990e,
  address = {Denver, Colorado, USA},
  author = {Williamson, Robert C.},
  booktitle = {Advances in Neural Information Processing Systems 3 (NIPS)},
  editor = {Lippmann, R.P. and Moody, J. and Touretzky, D.},
  month = {November},
  note = {\url{https://proceedings.neurips.cc/paper_files/paper/1990/file/39461a19e9eddfb385ea76b26521ea48-Paper.pdf}},
  openalex = {W2127278788},
  publisher = {Morgan-Kaufmann},
  series = {Conference Track Proceedings},
  title = {e-Entropy and the Complexity of Feedforward Neural Networks},
  volume = {3},
  year = {1990}
}

@inproceedings{witt2023perfectly,
  address = {Kigali, Rwanda},
  author = {Witt, Christian Schroeder de and Sokota, Samuel and Kolter, J. Zico and Foerster, Jakob and Strohmeier, Martin},
  booktitle = {11th International Conference on Learning Representations (ICLR)},
  month = {May},
  note = {\url{https://openreview.net/forum?id=HQ67mj5rJdR}},
  openalex = {W4307479070},
  publisher = {OpenReview.net},
  series = {Conference Track Proceedings},
  title = {Perfectly Secure Steganography Using Minimum Entropy Coupling},
  year = {2023}
}

@inproceedings{woo2023active,
  address = {Kigali, Rwanda},
  author = {Woo, Jae Oh},
  booktitle = {11th International Conference on Learning Representations (ICLR)},
  month = {May},
  note = {\url{https://openreview.net/forum?id=ZTMuZ68B1g}},
  openalex = {W4287163490},
  publisher = {OpenReview.net},
  series = {Conference Track Proceedings},
  title = {Active Learning in Bayesian Neural Networks with Balanced Entropy Learning Principle},
  year = {2023}
}

@inproceedings{wu2022structural,
  address = {Baltimore, Maryland, USA},
  author = {Wu, Junran and Chen, Xueyuan and Xu, Ke and Li, Shangzhe},
  booktitle = {International Conference on Machine Learning (ICML)},
  editor = {Chaudhuri, Kamalika and Jegelka, Stefanie and Song, Le and Szepesvári, Csaba and Niu, Gang and Sabato, Sivan},
  month = {July},
  note = {\url{https://proceedings.mlr.press/v162/wu22b.html}},
  openalex = {W4283729103},
  pages = {24017--24030},
  publisher = {PMLR},
  series = {Proceedings of Machine Learning Research},
  title = {Structural Entropy Guided Graph Hierarchical Pooling},
  volume = {162},
  year = {2022}
}

@inproceedings{wu2023sega,
  address = {Honolulu, Hawaii, USA},
  author = {Wu, Junran and Chen, Xueyuan and Shi, Bowen and Li, Shangzhe and Xu, Ke},
  booktitle = {International Conference on Machine Learning (ICML)},
  editor = {Krause, Andreas and Brunskill, Emma and Cho, Kyunghyun and Engelhardt, Barbara and Sabato, Sivan and Scarlett, Jonathan},
  month = {July},
  note = {\url{https://proceedings.mlr.press/v202/wu23a.html}},
  openalex = {W4375959099},
  pages = {37293--37312},
  publisher = {PMLR},
  series = {Proceedings of Machine Learning Research},
  title = {SEGA: Structural Entropy Guided Anchor View for Graph Contrastive Learning},
  volume = {202},
  year = {2023}
}

@inproceedings{xiao2019maximum,
  address = {Vancouver, British Columbia, Canada},
  author = {Xiao, Chenjun and Huang, Ruitong and Mei, Jincheng and Schuurmans, Dale and Müller, Martin},
  booktitle = {Advances in Neural Information Processing Systems 32 (NeurIPS)},
  editor = {Wallach, H. and Larochelle, H. and Beygelzimer, A. and D'Alché-Buc, F. and Fox, E. and Garnett, R.},
  month = {December},
  note = {\url{https://proceedings.neurips.cc/paper_files/paper/2019/file/7ffb4e0ece07869880d51662a2234143-Paper.pdf}},
  openalex = {W2970634945},
  publisher = {Curran Associates, Inc.},
  series = {Conference Track Proceedings},
  title = {Maximum Entropy Monte-Carlo Planning},
  volume = {32},
  year = {2019}
}

@inproceedings{yamada2003crossentropy,
  address = {Washington DC, USA},
  author = {Yamada, Takeshi and Saito, Kazumi and Ueda, Naonori},
  booktitle = {Machine Learning: Proceedings of the Twentieth International Conference (ICML)},
  editor = {Fawcett, Tom and Mishra, Nina},
  month = {August},
  note = {\url{http://www.aaai.org/Library/ICML/2003/icml03-108.php}},
  openalex = {W2157885368},
  pages = {832--839},
  publisher = {AAAI Press},
  title = {Cross-entropy directed embedding of network data},
  year = {2003}
}

@inproceedings{yang2010learning,
  address = {Haifa, Israel},
  author = {Yang, Tianbao and Jin, Rong and Jain, Anil K.},
  booktitle = {Proceedings of the 27th International Conference on Machine Learning (ICML)},
  editor = {Fürrnkranz, Johannes and Joachims, Thorsten},
  month = {June},
  note = {\url{https://icml.cc/Conferences/2010/papers/117.pdf}},
  openalex = {W2123839431},
  pages = {1199--1206},
  publisher = {Omnipress},
  title = {Learning from Noisy Side Information by Generalized Maximum Entropy Model},
  year = {2010}
}

@inproceedings{yang2023face,
  address = {New Orleans, Louisiana, USA},
  author = {Yang, Zuhao and Yuan, Yingfang and Xu, Yang and Zhan, Shuo and Bai, Huajun and Chen, Kefan},
  booktitle = {Advances in Neural Information Processing Systems 36 (NeurIPS)},
  editor = {A. Oh and T. Naumann and A. Globerson and K. Saenko and M. Hardt and S. Levine},
  month = {December},
  note = {\url{https://proceedings.neurips.cc/paper_files/paper/2023/file/37094fdc81632915a5738293cf9b7ad4-Paper-Conference.pdf}},
  openalex = {W4377121327},
  pages = {17038--17056},
  publisher = {Curran Associates, Inc.},
  series = {Conference Track Proceedings},
  title = {FACE: Evaluating Natural Language Generation with Fourier Analysis of Cross-Entropy},
  volume = {36},
  year = {2023}
}

@inproceedings{younes2023entropy,
  address = {Honolulu, Hawaii, USA},
  author = {Younes, Ali and Schaub-Meyer, Simone and Chalvatzaki, Georgia},
  booktitle = {International Conference on Machine Learning (ICML)},
  editor = {Krause, Andreas and Brunskill, Emma and Cho, Kyunghyun and Engelhardt, Barbara and Sabato, Sivan and Scarlett, Jonathan},
  month = {July},
  note = {\url{\url{https://proceedings.mlr.press/v202/younes23a.html}}},
  openalex = {W4300980466},
  pages = {40225--40253},
  publisher = {PMLR},
  series = {Proceedings of Machine Learning Research},
  title = {Entropy-driven Unsupervised Keypoint Representation Learning in Videos},
  volume = {202},
  year = {2023}
}

@inproceedings{zamboni2023distributional,
  address = {New Orleans, Louisiana, USA},
  author = {Zamboni, Riccardo and Metelli, Alberto Maria and Restelli, Marcello},
  booktitle = {Advances in Neural Information Processing Systems 36 (NeurIPS)},
  editor = {Oh, A. and Naumann, T. and Globerson, A. and Saenko, K. and Hardt, M. and Levine, S.},
  month = {December},
  note = {\url{https://proceedings.neurips.cc/paper_files/paper/2023/file/2a98af4fea6a24b73af7b588ca95f755-Paper-Conference.pdf}},
  pages = {13127--13137},
  publisher = {Curran Associates, Inc.},
  series = {Conference Track Proceedings},
  title = {Distributional Policy Evaluation: a Maximum Entropy approach to Representation Learning},
  volume = {36},
  year = {2023}
}

@inproceedings{zamboni2024to,
  address = {Vienna, Austria},
  author = {Zamboni, Riccardo and Cirino, Duilio and Restelli, Marcello and Mutti, Mirco},
  booktitle = {Forty-first International Conference on Machine Learning (ICML)},
  month = {July},
  note = {\url{https://openreview.net/forum?id=LbcNAIgNnB}},
  openalex = {W4399421223},
  publisher = {OpenReview.net},
  title = {How to Explore with Belief: State Entropy Maximization in POMDPs},
  year = {2024}
}

@inproceedings{zhai2023stabilizing,
  address = {Honolulu, Hawaii, USA},
  author = {Zhai, Shuangfei and Likhomanenko, Tatiana and Littwin, Etai and Busbridge, Dan and Ramapuram, Jason and Zhang, Yizhe and Gu, Jiatao and Susskind, Josh},
  booktitle = {International Conference on Machine Learning (ICML)},
  editor = {Krause, Andreas and Brunskill, Emma and Cho, Kyunghyun and Engelhardt, Barbara and Sabato, Sivan and Scarlett, Jonathan},
  month = {July},
  note = {\url{https://proceedings.mlr.press/v202/zhai23a.html}},
  openalex = {W4324311371},
  pages = {40770--40803},
  publisher = {PMLR},
  series = {Proceedings of Machine Learning Research},
  title = {Stabilizing Transformer Training by Preventing Attention Entropy Collapse},
  volume = {202},
  year = {2023}
}

@inproceedings{zhang2018efficient,
  address = {Vancouver, British Columbia, Canada},
  author = {Zhang, Yiming and Vuong, Quan and Song, Kenny and Gong, Xiao Yue and Ross, Keith W.},
  booktitle = {6th International Conference on Learning Representations (ICLR)},
  month = {April},
  note = {\url{https://openreview.net/forum?id=rJc8sN1vG}},
  openalex = {W2964261826},
  publisher = {OpenReview.net},
  series = {Workshop Track Proceedings},
  title = {Efficient entropy for policy gradient with multi-dimensional action space},
  year = {2018}
}

@inproceedings{zhang2018generalized,
  address = {Montreal, Quebec, Canada},
  author = {Zhang, Zhilu and Sabuncu, Mert R.},
  booktitle = {Advances in Neural Information Processing Systems 31 (NeurIPS)},
  editor = {Bengio, S. and Wallach, H. and Larochelle, H. and Grauman, K. and Cesa-Bianchi, N. and Garnett, R.},
  month = {December},
  note = {\url{https://proceedings.neurips.cc/paper_files/paper/2018/file/f2925f97bc13ad2852a7a551802feea0-Paper.pdf}},
  openalex = {W2803187616},
  publisher = {Curran Associates, Inc.},
  series = {Conference Track Proceedings},
  title = {Generalized Cross Entropy Loss for Training Deep Neural Networks with Noisy Labels},
  volume = {31},
  year = {2018}
}

@inproceedings{zhang2021fop,
  address = {Virtual Event},
  author = {Zhang, Tianhao and li, yueheng and Wang, Chen and Xie, Guangming and Lu, Zongqing},
  booktitle = {Proceedings of the 38th International Conference on Machine Learning (ICML)},
  editor = {Meila, Marina and Zhang, Tong},
  month = {July},
  note = {\url{http://proceedings.mlr.press/v139/zhang21m.html}},
  openalex = {W3167419264},
  pages = {12491--12500},
  publisher = {PMLR},
  series = {Proceedings of Machine Learning Research},
  title = {FOP: Factorizing Optimal Joint Policy of Maximum-Entropy Multi-Agent Reinforcement Learning},
  volume = {139},
  year = {2021}
}

@inproceedings{zhang2022simpleb,
  address = {New Orleans, Louisiana, USA},
  author = {Zhang, Zichen and Jin, Jun and Jägersand, Martin and Luo, Jun and Schuurmans, Dale},
  booktitle = {Advances in Neural Information Processing Systems 35 (NeurIPS)},
  editor = {Koyejo, S. and Mohamed, S. and Agarwal, A. and Belgrave, D. and Cho, K. and Oh, A.},
  month = {November},
  note = {\url{https://proceedings.neurips.cc/paper_files/paper/2022/file/ec9dc93250548578aa4569aa19acfd81-Paper-Conference.pdf}},
  openalex = {W4311991898},
  pages = {36495--36506},
  publisher = {Curran Associates, Inc.},
  series = {Conference Track Proceedings},
  title = {A Simple Decentralized Cross-Entropy Method},
  volume = {35},
  year = {2022}
}

@inproceedings{zhang2023improving,
  address = {Kigali, Rwanda},
  author = {Zhang, Shihao and Yang, Linlin and Mi, Michael Bi and Zheng, Xiaoxu and Yao, Angela},
  booktitle = {11th International Conference on Learning Representations (ICLR)},
  month = {May},
  note = {\url{\url{https://openreview.net/forum?id=raU07GpP0P}}},
  openalex = {W4317940091},
  publisher = {OpenReview.net},
  series = {Conference Track Proceedings},
  title = {Improving Deep Regression with Ordinal Entropy},
  year = {2023}
}

@inproceedings{zhang2024finite,
  address = {Vienna, Austria},
  author = {Zhang, Yufeng and Yu, Hang and Li, Jianguo and Lin, Weiyao},
  booktitle = {12th International Conference on Learning Representations (ICLR)},
  month = {May},
  note = {\url{https://openreview.net/forum?id=D5mJSNtUtv}},
  publisher = {OpenReview.net},
  series = {Conference Track Proceedings},
  title = {Finite-State Autoregressive Entropy Coding for Efficient Learned Lossless Compression},
  year = {2024}
}

@inproceedings{zhang2024interpretable,
  address = {Vienna, Austria},
  author = {Zhang, Jingwei and Li, Cheuk Ting and Farnia, Farzan},
  booktitle = {Forty-first International Conference on Machine Learning (ICML)},
  month = {July},
  note = {\url{https://openreview.net/forum?id=wUgTnf918v}},
  openalex = {W4392271053},
  publisher = {OpenReview.net},
  title = {An Interpretable Evaluation of Entropy-based Novelty of Generative
  Models},
  year = {2024}
}

@inproceedings{zhao2019maximum,
  address = {Long Beach, California, USA},
  author = {Zhao, Rui and Sun, Xudong and Tresp, Volker},
  booktitle = {Proceedings of the 36th International Conference on Machine Learning (ICML)},
  editor = {Chaudhuri, Kamalika and Salakhutdinov, Ruslan},
  month = {June},
  note = {\url{http://proceedings.mlr.press/v97/zhao19d.html}},
  openalex = {W2946723315},
  pages = {7553--7562},
  publisher = {PMLR},
  series = {Proceedings of Machine Learning Research},
  title = {Maximum Entropy-Regularized Multi-Goal Reinforcement Learning},
  volume = {97},
  year = {2019}
}

@inproceedings{zhao2020domain,
  address = {Virtual Event},
  author = {Zhao, Shanshan and Gong, Mingming and Liu, Tongliang and Fu, Huan and Tao, Dacheng},
  booktitle = {Advances in Neural Information Processing Systems 33 (NeurIPS)},
  editor = {H. Larochelle and M. Ranzato and R. Hadsell and M.F. Balcan and H. Lin},
  month = {December},
  note = {\url{https://proceedings.neurips.cc/paper_files/paper/2020/file/b98249b38337c5088bbc660d8f872d6a-Paper.pdf}},
  openalex = {W3103937687},
  pages = {16096--16107},
  publisher = {Curran Associates, Inc.},
  series = {Conference Track Proceedings},
  title = {Domain Generalization via Entropy Regularization},
  volume = {33},
  year = {2020}
}

@inproceedings{zhao2020maximum,
  address = {Virtual Event},
  author = {Zhao, L. and Liu, Ting and Peng, Xi and Metaxas, Dimitris},
  booktitle = {Advances in Neural Information Processing Systems 33 (NeurIPS)},
  editor = {H. Larochelle and M. Ranzato and R. Hadsell and M.F. Balcan and H. Lin},
  month = {December},
  note = {\url{https://proceedings.neurips.cc/paper_files/paper/2020/file/a5bfc9e07964f8dddeb95fc584cd965d-Paper.pdf}},
  openalex = {W3103555199},
  pages = {14435--14447},
  publisher = {Curran Associates, Inc.},
  series = {Conference Track Proceedings},
  title = {Maximum-Entropy Adversarial Data Augmentation for Improved Generalization and Robustness},
  volume = {33},
  year = {2020}
}

@inproceedings{zhao2022quantitative,
  address = {Virtual Event},
  author = {Zhao, Yang and Zhang, Hao},
  booktitle = {10th International Conference on Learning Representations (ICLR)},
  month = {April},
  note = {\url{https://openreview.net/forum?id=xFOyMwWPkz}},
  openalex = {W4287266907},
  publisher = {OpenReview.net},
  series = {Conference Track Proceedings},
  title = {Quantitative Performance Assessment of CNN Units via Topological Entropy Calculation},
  year = {2022}
}

@inproceedings{zhou2012learning,
  address = {Lake Tahoe, Nevada, USA},
  author = {Zhou, Dengyong and Basu, Sumit and Mao, Yi and Platt, John},
  booktitle = {Advances in Neural Information Processing Systems 25 (NIPS)},
  editor = {F. Pereira and C.J. Burges and L. Bottou and K.Q. Weinberger},
  month = {December},
  note = {\url{https://proceedings.neurips.cc/paper_files/paper/2012/file/46489c17893dfdcf028883202cefd6d1-Paper.pdf}},
  openalex = {W2152009989},
  publisher = {Curran Associates, Inc.},
  series = {Conference Track Proceedings},
  title = {Learning from the Wisdom of Crowds by Minimax Entropy},
  volume = {25},
  year = {2012}
}

@inproceedings{zhou2014aggregating,
  address = {Beijing, China},
  author = {Zhou, Dengyong and Liu, Qiang and Platt, John and Meek, Christopher},
  booktitle = {Proceedings of the 31st International Conference on Machine Learning (ICML)},
  month = {June},
  note = {\url{http://proceedings.mlr.press/v32/zhouc14.html}},
  openalex = {W2128475742},
  pages = {262--270},
  publisher = {JMLR.org},
  series = {{JMLR} Workshop and Conference Proceedings},
  title = {Aggregating Ordinal Labels from Crowds by Minimax Conditional Entropy},
  volume = {32},
  year = {2014}
}

@inproceedings{zhu2008partially,
  address = {Vancouver, British Columbia, Canada},
  author = {Zhu, Jun and Xing, Eric and Zhang, Bo},
  booktitle = {Advances in Neural Information Processing Systems 21 (NIPS)},
  editor = {Koller, Daphne and Schuurmans, Dale and Bengio, Yoshua and Bottou, Léon},
  month = {December},
  note = {\url{https://proceedings.neurips.cc/paper_files/paper/2008/file/eecca5b6365d9607ee5a9d336962c534-Paper.pdf}},
  publisher = {Curran Associates, Inc.},
  series = {Conference Track Proceedings},
  title = {Partially Observed Maximum Entropy Discrimination Markov Networks},
  volume = {21},
  year = {2008}
}

@article{zhu2009maximum,
  author = {Zhu, Jun and Xing, Eric P.},
  journal = {Journal of Machine Learning Research},
  note = {\url{http://jmlr.org/papers/v10/zhu09a.html}},
  number = {88},
  openalex = {W2096989558},
  pages = {2531--2569},
  title = {Maximum Entropy Discrimination Markov Networks},
  volume = {10},
  year = {2009}
}

@inproceedings{ziebart2010modeling,
  address = {Haifa, Israel},
  author = {Ziebart, Brian D. and Bagnell, J. Andrew and Dey, Anind K.},
  booktitle = {Proceedings of the 27th International Conference on Machine Learning (ICML)},
  editor = {Fürrnkranz, Johannes and Joachims, Thorsten},
  month = {June},
  note = {\url{https://icml.cc/Conferences/2010/papers/28.pdf}},
  openalex = {W2147544021},
  pages = {1255--1262},
  publisher = {Omnipress},
  title = {Modeling Interaction via the Principle of Maximum Causal Entropy},
  year = {2010}
}

@inproceedings{zimin2013online,
  address = {Lake Tahoe, Nevada, USA},
  author = {Zimin, Alexander and Neu, Gergely},
  booktitle = {Advances in Neural Information Processing Systems 26 (NIPS)},
  editor = {Burges, C.J. and Bottou, L. and Welling, M. and Ghahramani, Z. and Weinberger, K.Q.},
  month = {December},
  note = {\url{https://proceedings.neurips.cc/paper_files/paper/2013/file/68053af2923e00204c3ca7c6a3150cf7-Paper.pdf}},
  publisher = {Curran Associates, Inc.},
  series = {Conference Track Proceedings},
  title = {Online Learning in Episodic Markovian Decision Processes by Relative Entropy Policy Search},
  volume = {26},
  year = {2013}
}
