@inproceedings{annabi2022on,
  address =      {New Orleans, Louisiana, USA},
  author =       {Annabi, Louis and Pitti, Alexandre and Quoy,
                  Mathias},
  booktitle =    {Advances in Neural Information Processing Systems 35
                  (NeurIPS)},
  editor =       {Koyejo, S. and Mohamed, S. and Agarwal, A. and
                  Belgrave, D. and Cho, K. and Oh, A.},
  month =        {November},
  note =
                  {\url{https://proceedings.neurips.cc/paper_files/paper/2022/file/f3d637987f36563fa45f943f8eadc2d0-Paper-Conference.pdf}},
  openalex =     {W4306814529},
  pages =        {37497--37509},
  publisher =    {Curran Associates, Inc.},
  series =       {Conference Track Proceedings},
  title =        {On the Relationship Between Variational Inference
                  and Auto-Associative Memory},
  volume =       35,
  year =         2022
}

@inproceedings{auer2023conformal,
  address =      {New Orleans, Louisiana, USA},
  author =       {Auer, Andreas and Gauch, Martin and Klotz, Daniel
                  and Hochreiter, Sepp},
  booktitle =    {Advances in Neural Information Processing Systems 36
                  (NeurIPS)},
  month =        {December},
  note =
                  {\url{https://proceedings.neurips.cc/paper_files/paper/2023/file/aef75887979ae1287b5deb54a1e3cbda-Paper-Conference.pdf}},
  openalex =     {W4360837636},
  pages =        {56027--56074},
  publisher =    {Curran Associates, Inc.},
  series =       {Conference Track Proceedings},
  title =        {Conformal Prediction for Time Series with Modern
                  Hopfield Networks},
  volume =       36,
  year =         2023
}

@inproceedings{baird1989associative,
  address =      {Denver, Colorado, USA},
  author =       {Baird, Bill},
  booktitle =    {Advances in Neural Information Processing Systems 2
                  (NIPS)},
  editor =       {Touretzky, D.},
  month =        {November},
  note =
                  {\url{https://proceedings.neurips.cc/paper_files/paper/1989/file/3644a684f98ea8fe223c713b77189a77-Paper.pdf}},
  openalex =     {W2137385901},
  publisher =    {Morgan-Kaufmann},
  series =       {Conference Track Proceedings},
  title =        {Associative Memory in a Simple Model of Oscillating
                  Cortex},
  volume =       2,
  year =         1989
}

@inproceedings{burns2023simplicial,
  address =      {Kigali, Rwanda},
  author =       {Burns, Thomas F. and Fukai, Tomoki},
  booktitle =    {11th International Conference on Learning
                  Representations (ICLR)},
  month =        {May},
  note =         {\url{https://openreview.net/forum?id=_QLsH8gatwx}},
  openalex =     {W4376122733},
  publisher =    {OpenReview.net},
  series =       {Conference Track Proceedings},
  title =        {Simplicial Hopfield networks},
  year =         2023
}

@inproceedings{burns2024semanticallycorrelated,
  address =      {Vienna, Austria},
  author =       {Burns, Thomas F.},
  booktitle =    {Forty-first International Conference on Machine
                  Learning (ICML)},
  month =        {July},
  note =         {\url{https://openreview.net/forum?id=l0OGoZPZuC}},
  openalex =     {W4394780453},
  publisher =    {OpenReview.net},
  title =        {Semantically-correlated memories in a dense
                  associative model},
  year =         2024
}

@inproceedings{cabannes2024learning,
  address =      {Vienna, Austria},
  author =       {Cabannes, Vivien and Simsek, Berfin and Bietti,
                  Alberto},
  booktitle =    {Forty-first International Conference on Machine
                  Learning (ICML)},
  month =        {July},
  note =         {\url{https://openreview.net/forum?id=A9fLbXLRTK}},
  publisher =    {OpenReview.net},
  title =        {Learning Associative Memories with Gradient Descent},
  year =         2024
}

@inproceedings{cabannes2024scaling,
  address =      {Vienna, Austria},
  author =       {Cabannes, Vivien and Dohmatob, Elvis and Bietti,
                  Alberto},
  booktitle =    {12th International Conference on Learning
                  Representations (ICLR)},
  month =        {May},
  note =         {\url{https://openreview.net/forum?id=Tzh6xAJSll}},
  openalex =     {W4387390325},
  publisher =    {OpenReview.net},
  series =       {Conference Track Proceedings},
  title =        {Scaling Laws for Associative Memories},
  year =         2024
}

@inproceedings{chaudhry2023long,
  address =      {New Orleans, Louisiana, USA},
  author =       {Chaudhry, Hamza and Zavatone-Veth, Jacob and Krotov,
                  Dmitry and Pehlevan, Cengiz},
  booktitle =    {Advances in Neural Information Processing Systems 36
                  (NeurIPS)},
  editor =       {Oh, A. and Naumann, T. and Globerson, A. and Saenko,
                  K. and Hardt, M. and Levine, S.},
  month =        {December},
  note =
                  {\url{https://proceedings.neurips.cc/paper_files/paper/2023/file/aa32ebcdd2ce1bed4ef7f456fc8fa5c1-Paper-Conference.pdf}},
  pages =        {54300--54340},
  publisher =    {Curran Associates, Inc.},
  series =       {Conference Track Proceedings},
  title =        {Long Sequence Hopfield Memory},
  volume =       36,
  year =         2023
}

@inproceedings{chaudhuri2019bipartite,
  address =      {Vancouver, British Columbia, Canada},
  author =       {Chaudhuri, Rishidev and Fiete, Ila},
  booktitle =    {Advances in Neural Information Processing Systems 32
                  (NeurIPS)},
  editor =       {Wallach, H. and Larochelle, H. and Beygelzimer,
                  A. and d' Alché-Buc, F. and Fox, E. and Garnett, R.},
  month =        {December},
  note =
                  {\url{https://proceedings.neurips.cc/paper_files/paper/2019/file/97008ea27052082be055447be9e85612-Paper.pdf}},
  openalex =     {W2970909495},
  publisher =    {Curran Associates, Inc.},
  series =       {Conference Track Proceedings},
  title =        {Bipartite expander Hopfield networks as
                  self-decoding high-capacity error correcting codes},
  volume =       32,
  year =         2019
}

@inproceedings{chiueh1989vlsi,
  address =      {Denver, Colorado, USA},
  author =       {Chiueh, Tzi‐Dar and Goodman, R.M.},
  booktitle =    {Advances in Neural Information Processing Systems 2
                  (NIPS)},
  editor =       {Touretzky, D.},
  month =        {November},
  note =
                  {\url{https://proceedings.neurips.cc/paper_files/paper/1989/file/63dc7ed1010d3c3b8269faf0ba7491d4-Paper.pdf}},
  openalex =     {W2140080802},
  publisher =    {Morgan-Kaufmann},
  series =       {Conference Track Proceedings},
  title =        {VLSI Implementation of a High-Capacity Neural
                  Network Associative Memory},
  volume =       2,
  year =         1989
}

@inproceedings{chou1987capacity,
  address =      {Denver, Colorado, USA},
  author =       {Chou, Philip A.},
  booktitle =    {Neural Information Processing Systems (NIPS)},
  editor =       {D. Anderson},
  month =        {November},
  note =
                  {\url{https://proceedings.neurips.cc/paper_files/paper/1987/file/c81e728d9d4c2f636f067f89cc14862c-Paper.pdf}},
  openalex =     {W2101884652},
  publisher =    {American Institute of Physics},
  series =       {Conference Track Proceedings},
  title =        {The Capacity of the Kanerva Associative Memory is
                  Exponential},
  year =         1987
}

@inproceedings{danihelka2016associative,
  address =      {New York City, New York, USA},
  author =       {Danihelka, Ivo and Wayne, Greg and Uría, Benigno and
                  Kalchbrenner, Nal and Graves, Alex},
  booktitle =    {Proceedings of the 33rd International Conference on
                  Machine Learning (ICML)},
  editor =       {Balcan, Maria-Florina and Weinberger, Kilian Q.},
  month =        {June},
  note =
                  {\url{\url{http://proceedings.mlr.press/v48/danihelka16.html}}},
  openalex =     {W2265796482},
  pages =        {1986--1994},
  publisher =    {Journal of Machine Learning Research (JMLR)},
  series =       {Workshop and Conference Proceedings},
  title =        {Associative long short-term memory},
  volume =       48,
  year =         2016
}

@inproceedings{dembo1987high,
  address =      {Denver, Colorado, USA},
  author =       {Dembo, Amir and Zeitouni, Ofer},
  booktitle =    {Neural Information Processing Systems (NIPS)},
  editor =       {D. Anderson},
  month =        {November},
  note =
                  {\url{https://proceedings.neurips.cc/paper_files/paper/1987/file/d2ddea18f00665ce8623e36bd4e3c7c5-Paper.pdf}},
  openalex =     {W2097801021},
  publisher =    {American Institute of Physics},
  series =       {Conference Track Proceedings},
  title =        {HIGH DENSITY ASSOCIATIVE MEMORIES},
  year =         1987
}

@inproceedings{derthick1987ensemble,
  address =      {Denver, Colorado, USA},
  author =       {Derthick, Mark and Tebelskis, Joe},
  booktitle =    {Neural Information Processing Systems (NIPS)},
  editor =       {D. Anderson},
  month =        {November},
  note =
                  {\url{https://proceedings.neurips.cc/paper_files/paper/1987/file/32bb90e8976aab5298d5da10fe66f21d-Paper.pdf}},
  openalex =     {W2100737363},
  publisher =    {American Institute of Physics},
  series =       {Conference Track Proceedings},
  title =        {Ensemble' Boltzmann Units have Collective
                  Computational Properties like those of Hopfield and
                  Tank Neurons},
  year =         1987
}

@inproceedings{dreyfus1987high,
  address =      {Denver, Colorado, USA},
  author =       {Dreyfus, Gérard and Guyon, Isabelle and Nadal,
                  Jean‐Pierre and Personnaz, L.},
  booktitle =    {Neural Information Processing Systems (NIPS)},
  editor =       {D. Anderson},
  month =        {November},
  note =
                  {\url{https://proceedings.neurips.cc/paper_files/paper/1987/file/c7e1249ffc03eb9ded908c236bd1996d-Paper.pdf}},
  openalex =     {W2107132762},
  publisher =    {American Institute of Physics},
  series =       {Conference Track Proceedings},
  title =        {High Order Neural Networks for Efficient Associative
                  Memory Design},
  year =         1987
}

@inproceedings{ersu1987hierarchical,
  address =      {Denver, Colorado, USA},
  author =       {Ersü, Enis and Tolle, Henning},
  booktitle =    {Neural Information Processing Systems (NIPS)},
  editor =       {D. Anderson},
  month =        {November},
  note =
                  {\url{https://proceedings.neurips.cc/paper_files/paper/1987/file/67c6a1e7ce56d3d6fa748ab6d9af3fd7-Paper.pdf}},
  openalex =     {W2131154267},
  publisher =    {American Institute of Physics},
  series =       {Conference Track Proceedings},
  title =        {Hierarchical Learning Control - An Approach with
                  Neuron-Like Associative Memories},
  year =         1987
}

@inproceedings{fleisher1987hopfield,
  address =      {Denver, Colorado, USA},
  author =       {Fleisher, Michael},
  booktitle =    {Neural Information Processing Systems (NIPS)},
  editor =       {D. Anderson},
  month =        {November},
  note =
                  {\url{https://proceedings.neurips.cc/paper_files/paper/1987/file/072b030ba126b2f4b2374f342be9ed44-Paper.pdf}},
  openalex =     {W2104533351},
  publisher =    {American Institute of Physics},
  series =       {Conference Track Proceedings},
  title =        {The Hopfield Model with Multi-Level Neurons},
  year =         1987
}

@inproceedings{fuerst2022cloob,
  address =      {New Orleans, Louisiana, USA},
  author =       {Fürst, Andreas and Rumetshofer, Elisabeth and Tran,
                  Viet T. and Ramsauer, Hubert and Tang, Fei and
                  Lehner, Johannes M. and Kreil, David P. and Kopp,
                  Michael and Klambauer, Günter and Bitto-Nemling,
                  Angela and Hochreiter, Sepp},
  booktitle =    {Advances in Neural Information Processing Systems 35
                  (NeurIPS)},
  editor =       {S. Koyejo and S. Mohamed and A. Agarwal and
                  D. Belgrave and K. Cho and A. Oh},
  month =        {November},
  note =
                  {\url{https://proceedings.neurips.cc/paper_files/paper/2022/file/8078e76f913e31b8467e85b4c0f0d22b-Paper-Conference.pdf}},
  openalex =     {W3205071530},
  pages =        {20450--20468},
  publisher =    {Curran Associates, Inc.},
  series =       {Conference Track Proceedings},
  title =        {CLOOB: Modern Hopfield Networks with InfoLOOB
                  Outperform CLIP},
  volume =       35,
  year =         2022
}

@inproceedings{gerstner1990associative,
  address =      {Denver, Colorado, USA},
  author =       {Gerstner, Wulfram},
  booktitle =    {Advances in Neural Information Processing Systems 3
                  (NIPS)},
  editor =       {Lippmann, R.P. and Moody, J. and Touretzky, D.},
  month =        {November},
  note =
                  {\url{https://proceedings.neurips.cc/paper_files/paper/1990/file/41f1f19176d383480afa65d325c06ed0-Paper.pdf}},
  openalex =     {W2147932521},
  publisher =    {Morgan-Kaufmann},
  series =       {Conference Track Proceedings},
  title =        {Associative Memory in a Network of `Biological'
                  Neurons},
  volume =       3,
  year =         1990
}

@inproceedings{hasselmo1990cholinergic,
  address =      {Denver, Colorado, USA},
  author =       {Hasselmo, Michael E. and Anderson, Brooke P. and
                  Bower, James M.},
  booktitle =    {Advances in Neural Information Processing Systems 3
                  (NIPS)},
  editor =       {Lippmann, R. P. and Moody, J. and Touretzky, D.},
  month =        {November},
  note =
                  {\url{https://proceedings.neurips.cc/paper_files/paper/1990/file/b2eb7349035754953b57a32e2841bda5-Paper.pdf}},
  openalex =     {W2166695970},
  publisher =    {Morgan-Kaufmann},
  series =       {Conference Track Proceedings},
  title =        {Cholinergic Modulation May Enhance Cortical
                  Associative Memory Function},
  volume =       3,
  year =         1990
}

@inproceedings{hasselmo1994model,
  address =      {Denver, Colorado, USA},
  author =       {Hasselmo, Michael E. and Schnell, Eric and Berke,
                  Joshua D. and Barkai, Edi},
  booktitle =    {Advances in Neural Information Processing Systems 7
                  (NIPS)},
  editor =       {G. Tesauro and D. Touretzky and T. Leen},
  month =        {December},
  note =
                  {\url{https://proceedings.neurips.cc/paper_files/paper/1994/file/c22abfa379f38b5b0411bc11fa9bf92f-Paper.pdf}},
  openalex =     {W2101008211},
  publisher =    {MIT Press},
  series =       {Conference Track Proceedings},
  title =        {A model of the hippocampus combining
                  self-organization and associative memory function},
  volume =       7,
  year =         1994
}

@inproceedings{hasselmo1995cholinergic,
  address =      {Denver, Colorado, USA},
  author =       {Hasselmo, Michael E. and Cekić, Miloš},
  booktitle =    {Advances in Neural Information Processing Systems 8
                  (NIPS)},
  editor =       {D. Touretzky and M.C. Mozer and M. Hasselmo},
  month =        {November},
  note =
                  {\url{https://proceedings.neurips.cc/paper_files/paper/1995/file/af21d0c97db2e27e13572cbf59eb343d-Paper.pdf}},
  openalex =     {W2119424459},
  publisher =    {MIT Press},
  series =       {Conference Track Proceedings},
  title =        {Cholinergic suppression of transmission may allow
                  combined associative memory function and
                  self-organization in the neocortex},
  volume =       8,
  year =         1995
}

@inproceedings{hormel1989self,
  address =      {Denver, Colorado, USA},
  author =       {Hormel, Michael},
  booktitle =    {Advances in Neural Information Processing Systems 2
                  (NIPS)},
  editor =       {Touretzky, D.},
  month =        {November},
  note =
                  {\url{https://proceedings.neurips.cc/paper_files/paper/1989/file/19f3cd308f1455b3fa09a282e0d496f4-Paper.pdf}},
  openalex =     {W2146042914},
  publisher =    {Morgan-Kaufmann},
  series =       {Conference Track Proceedings},
  title =        {A Self-organizing Associative Memory System for
                  Control Applications},
  volume =       2,
  year =         1989
}

@inproceedings{hu2023on,
  address =      {New Orleans, Louisiana, USA},
  author =       {Hu, Jerry Yao-Chieh and Yang, Donglin and Wu, Dennis
                  and Xu, Chenwei and Chen, Boyu and Liu, Han},
  booktitle =    {Advances in Neural Information Processing Systems 36
                  (NeurIPS)},
  editor =       {Oh, A. and Naumann, T. and Globerson, A. and Saenko,
                  K. and Hardt, M. and Levine, S.},
  month =        {December},
  note =
                  {\url{https://proceedings.neurips.cc/paper_files/paper/2023/file/57bc0a850255e2041341bf74c7e2b9fa-Paper-Conference.pdf}},
  openalex =     {W4387031432},
  pages =        {27594--27608},
  publisher =    {Curran Associates, Inc.},
  series =       {Conference Track Proceedings},
  title =        {On Sparse Modern Hopfield Model},
  volume =       36,
  year =         2023
}

@inproceedings{hu2024on,
  address =      {Vienna, Austria},
  author =       {Hu, Jerry Yao-Chieh and Lin, Thomas W. and Song,
                  Zhao and Liu, Han},
  booktitle =    {Forty-first International Conference on Machine
                  Learning (ICML)},
  month =        {July},
  note =         {\url{https://openreview.net/forum?id=vXUqOCsbj8}},
  openalex =     {W4391671224},
  publisher =    {OpenReview.net},
  title =        {On Computational Limits of Modern Hopfield Models: A
                  Fine-Grained Complexity Analysis},
  year =         2024
}

@inproceedings{hu2024outlierefficient,
  address =      {Vienna, Austria},
  author =       {Hu, Jerry Yao-Chieh and Chang, Pei-Hsuan and Luo,
                  Haozheng and Chen, Hong-Yu and Li, Weijian and Wang,
                  Wei-Po and Liu, Han},
  booktitle =    {Forty-first International Conference on Machine
                  Learning (ICML)},
  month =        {July},
  note =         {\url{https://openreview.net/forum?id=kLiDMGJKx1}},
  publisher =    {OpenReview.net},
  title =        {Outlier-Efficient Hopfield Layers for Large
                  Transformer-Based Models},
  year =         2024
}

@inproceedings{jiang2020associative,
  address =      {Virtual Event},
  author =       {Jiang, Yibo and Pehlevan, Cengiz},
  booktitle =    {Proceedings of the 37th International Conference on
                  Machine Learning (ICML)},
  month =        {July},
  note =
                  {\url{http://proceedings.mlr.press/v119/jiang20e.html}},
  openalex =     {W3035250211},
  pages =        {4828--4838},
  publisher =    {PMLR},
  series =       {Proceedings of Machine Learning Research},
  title =        {Associative Memory in Iterated Overparameterized
                  Sigmoid Autoencoders},
  year =         2020
}

@inproceedings{kamal2023associative,
  address =      {Kigali, Rwanda},
  author =       {Kamal, Uday and Dash, Saurabh and Mukhopadhyay,
                  Saibal},
  booktitle =    {11th International Conference on Learning
                  Representations (ICLR)},
  month =        {May},
  note =         {\url{https://openreview.net/forum?id=ZCStthyW-TD}},
  publisher =    {OpenReview.net},
  series =       {Conference Track Proceedings},
  title =        {Associative Memory Augmented Asynchronous
                  Spatiotemporal Representation Learning for
                  Event-based Perception},
  year =         2023
}

@inproceedings{karbasi2013iterative,
  address =      {Atlanta, Georgia, USA},
  author =       {Karbasi, Amin and Salavati, Amir Hesam and
                  Shokrollahi, Amin},
  booktitle =    {Proceedings of the 30th International Conference on
                  Machine Learning (ICML)},
  month =        {June},
  note =
                  {\url{http://proceedings.mlr.press/v28/karbasi13.html}},
  openalex =     {W2101055774},
  pages =        {445--453},
  publisher =    {Journal of Machine Learning Research (JMLR)},
  series =       {Workshop and Conference Proceedings},
  title =        {Iterative Learning and Denoising in Convolutional
                  Neural Associative Memories},
  volume =       28,
  year =         2013
}

@inproceedings{karbasi2013noise,
  address =      {Lake Tahoe, Nevada, USA},
  author =       {Karbasi, Amin and Salavati, Amir Hesam and
                  Shokrollahi, Amin and Varshney, Lav R.},
  booktitle =    {Advances in Neural Information Processing Systems 26
                  (NIPS)},
  editor =       {C.J. Burges and L. Bottou and M. Welling and
                  Z. Ghahramani and K.Q. Weinberger},
  month =        {December},
  note =
                  {\url{https://proceedings.neurips.cc/paper_files/paper/2013/file/f4552671f8909587cf485ea990207f3b-Paper.pdf}},
  openalex =     {W2136191326},
  publisher =    {Curran Associates, Inc.},
  series =       {Conference Track Proceedings},
  title =        {Noise-Enhanced Associative Memories},
  volume =       26,
  year =         2013
}

@inproceedings{keeler1987capacity,
  address =      {Denver, Colorado, USA},
  author =       {Keeler, James D.},
  booktitle =    {Neural Information Processing Systems (NIPS)},
  editor =       {D. Anderson},
  month =        {November},
  note =
                  {\url{https://proceedings.neurips.cc/paper_files/paper/1987/file/d67d8ab4f4c10bf22aa353e27879133c-Paper.pdf}},
  openalex =     {W2111049088},
  publisher =    {American Institute of Physics},
  series =       {Conference Track Proceedings},
  title =        {Capacity for Patterns and Sequences in Kanerva's SDM
                  as Compared to Other Associative Memory Models},
  year =         1987
}

@inproceedings{krotov2016dense,
  address =      {Barcelona, Spain},
  author =       {Krotov, Dmitry and Hopfield, J. J.},
  booktitle =    {Advances in Neural Information Processing Systems 29
                  (NeurIPS)},
  editor =       {Lee, D. and Sugiyama, M. and Luxburg, U. and Guyon,
                  I. and Garnett, R.},
  month =        {December},
  note =
                  {\url{https://proceedings.neurips.cc/paper_files/paper/2016/file/eaae339c4d89fc102edd9dbdb6a28915-Paper.pdf}},
  openalex =     {W2962940432},
  publisher =    {Curran Associates, Inc.},
  series =       {Conference Track Proceedings},
  title =        {Dense Associative Memory for Pattern Recognition},
  volume =       29,
  year =         2016
}

@inproceedings{krotov2021large,
  address =      {Virtual Event, Austria},
  author =       {Krotov, Dmitry and Hopfield, J. J.},
  booktitle =    {9th International Conference on Learning
                  Representations (ICLR)},
  month =        {May},
  note =
                  {\url{\url{https://openreview.net/forum?id=X4y_10OX-hX}}},
  openalex =     {W3049640930},
  publisher =    {OpenReview.net},
  series =       {Conference Track Proceedings},
  title =        {Large Associative Memory Problem in Neurobiology and
                  Machine Learning},
  year =         2021
}

@inproceedings{kuh1987performance,
  address =      {Denver, Colorado, USA},
  author =       {Kuh, Anthony},
  booktitle =    {Neural Information Processing Systems (NIPS)},
  editor =       {D. Anderson},
  month =        {November},
  note =
                  {\url{https://proceedings.neurips.cc/paper_files/paper/1987/file/d9d4f495e875a2e075a1a4a6e1b9770f-Paper.pdf}},
  openalex =     {W2103075183},
  publisher =    {American Institute of Physics},
  series =       {Conference Track Proceedings},
  title =        {Performance Measures for Associative Memories that
                  Learn and Forget},
  year =         1987
}

@inproceedings{latham2001associative,
  address =      {Vancouver, British Columbia, Canada},
  author =       {Latham, Peter E.},
  booktitle =    {Advances in Neural Information Processing Systems 14
                  (NIPS)},
  editor =       {T. Dietterich and S. Becker and Z. Ghahramani},
  month =        {December},
  note =
                  {\url{https://proceedings.neurips.cc/paper_files/paper/2001/file/a96d3afec184766bfeca7a9f989fc7e7-Paper.pdf}},
  openalex =     {W2104205956},
  publisher =    {MIT Press},
  series =       {Conference Track Proceedings},
  title =        {Associative Memory in Realistic Neuronal Networks},
  volume =       14,
  year =         2001
}

@inproceedings{le2020selfattentive,
  address =      {Virtual Event},
  author =       {Lê, Hung and Tran, Truyen and Venkatesh, Svetha},
  booktitle =    {Proceedings of the 37th International Conference on
                  Machine Learning (ICML)},
  month =        {July},
  note =         {\url{http://proceedings.mlr.press/v119/le20b.html}},
  openalex =     {W3005814241},
  pages =        {5682--5691},
  publisher =    {PMLR},
  series =       {Proceedings of Machine Learning Research},
  title =        {Self-Attentive Associative Memory},
  volume =       119,
  year =         2020
}

@inproceedings{levy1997multi,
  address =      {Denver, Colorado, USA},
  author =       {Levy, Nir and Horn, D. and Ruppin, Eytan},
  booktitle =    {Advances in Neural Information Processing Systems 10
                  (NIPS)},
  editor =       {Jordan, M. and Kearns, M. and Solla, S.},
  month =        {December},
  note =
                  {\url{https://proceedings.neurips.cc/paper_files/paper/1997/file/86109d400f0ed29e840b47ed72777c84-Paper.pdf}},
  openalex =     {W2115682540},
  publisher =    {MIT Press},
  series =       {Conference Track Proceedings},
  title =        {Multi-modular Associative Memory},
  volume =       10,
  year =         1997
}

@inproceedings{loos1987reflexive,
  address =      {Denver, Colorado, USA},
  author =       {Loos, Hendricus G.},
  booktitle =    {Neural Information Processing Systems (NIPS)},
  editor =       {D. Anderson},
  month =        {November},
  note =
                  {\url{https://proceedings.neurips.cc/paper_files/paper/1987/file/2838023a778dfaecdc212708f721b788-Paper.pdf}},
  openalex =     {W2132649428},
  publisher =    {American Institute of Physics},
  series =       {Conference Track Proceedings},
  title =        {REFLEXIVE ASSOCIATIVE MEMORIES},
  year =         1987
}

@inproceedings{mazumdar2015associative,
  address =      {Montreal, Quebec, Canada},
  author =       {Mazumdar, Arya and Rawat, Ankit Singh},
  booktitle =    {Advances in Neural Information Processing Systems 28
                  (NIPS)},
  editor =       {C. Cortes and N. Lawrence and D. Lee and M. Sugiyama
                  and R. Garnett},
  month =        {December},
  note =
                  {\url{https://proceedings.neurips.cc/paper_files/paper/2015/file/020c8bfac8de160d4c5543b96d1fdede-Paper.pdf}},
  openalex =     {W2187000183},
  publisher =    {Curran Associates, Inc.},
  series =       {Conference Track Proceedings},
  title =        {Associative memory via a sparse recovery model},
  volume =       28,
  year =         2015
}

@inproceedings{millidge2022universal,
  address =      {Baltimore, Maryland, USA},
  author =       {Millidge, Beren and Salvatori, Tommaso and Song,
                  Yuhang and Lukasiewicz, Thomas and Bogacz, Rafał},
  booktitle =    {International Conference on Machine Learning (ICML)},
  editor =       {Chaudhuri, Kamalika and Jegelka, Stefanie and Song,
                  Le and Szepesvári, Csaba and Niu, Gang and Sabato,
                  Sivan},
  month =        {July},
  note =
                  {\url{https://proceedings.mlr.press/v162/millidge22a.html}},
  openalex =     {W4319460387},
  pages =        {15561--15583},
  publisher =    {PMLR},
  series =       {Proceedings of Machine Learning Research},
  title =        {Universal Hopfield Networks: A General Framework for
                  Single-Shot Associative Memory Models.},
  volume =       162,
  year =         2022
}

@inproceedings{naillon1988neural,
  address =      {Denver, Colorado, USA},
  author =       {Naillon, Martine and Theeten, Jean-Bernard},
  booktitle =    {Advances in Neural Information Processing Systems 1
                  (NIPS)},
  editor =       {D. Touretzky},
  month =        {November},
  note =
                  {\url{https://proceedings.neurips.cc/paper_files/paper/1988/file/bd4c9ab730f5513206b999ec0d90d1fb-Paper.pdf}},
  publisher =    {Morgan-Kaufmann},
  series =       {Conference Track Proceedings},
  title =        {Neural Approach for TV Image Compression Using a
                  Hopfield Type Network},
  volume =       1,
  year =         1988
}

@inproceedings{parberry1996are,
  address =      {Denver, Colorado, USA},
  author =       {Parberry, Ian and Tseng, Hung-Li},
  booktitle =    {Advances in Neural Information Processing Systems 9
                  (NIPS)},
  editor =       {Mozer, M.C. and Jordan, M. and Petsche, T.},
  month =        {December},
  note =
                  {\url{https://proceedings.neurips.cc/paper_files/paper/1996/file/68a83eeb494a308fe5295da69428a507-Paper.pdf}},
  openalex =     {W2115241551},
  publisher =    {MIT Press},
  series =       {Conference Track Proceedings},
  title =        {Are Hopfield Networks Faster than Conventional
                  Computers},
  volume =       9,
  year =         1996
}

@inproceedings{ramsauer2021hopfield,
  address =      {Virtual Event, Austria},
  author =       {Ramsauer, Hubert and Schäfl, Bernhard and Lehner,
                  Johannes M. and Seidl, Philipp and Widrich, Michael
                  and Adler, Thomas and Gruber, Lukas and Holzleitner,
                  Markus and Pavlović, Milena and Sandve, Geir Kjetil
                  and Greiff, Victor and Kreil, David P. and Kopp,
                  Michael and Klambauer, Günter and Brandstetter,
                  J. and Hochreiter, Sepp},
  booktitle =    {9th International Conference on Learning
                  Representations (ICLR)},
  month =        {May},
  note =         {\url{https://openreview.net/forum?id=tL89RnzIiCd}},
  openalex =     {W3047517563},
  publisher =    {OpenReview.net},
  series =       {Conference Track Proceedings},
  title =        {Hopfield Networks is All You Need},
  year =         2021
}

@inproceedings{reklaitis1989generalized,
  address =      {Denver, Colorado, USA},
  author =       {Reklaitis, Gintaras V. and Tsirukis, Athanasios
                  G. and Tenorio, M.F.},
  booktitle =    {Advances in Neural Information Processing Systems 2
                  (NIPS)},
  editor =       {Touretzky, D.},
  month =        {November},
  note =
                  {\url{https://proceedings.neurips.cc/paper_files/paper/1989/file/92c8c96e4c37100777c7190b76d28233-Paper.pdf}},
  openalex =     {W2099448462},
  publisher =    {Morgan-Kaufmann},
  series =       {Conference Track Proceedings},
  title =        {Generalized Hopfield Networks and Nonlinear
                  Optimization},
  volume =       2,
  year =         1989
}

@inproceedings{saha2023endtoend,
  address =      {Honolulu, Hawaii, USA},
  author =       {Saha, Bishwajit and Krotov, Dmitry and Zaki,
                  Mohammed J. and Ram, Parikshit},
  booktitle =    {International Conference on Machine Learning (ICML)},
  editor =       {Krause, A. and Brunskill, E. and Cho, K. and
                  Engelhardt, B. and Sabato, S. and Scarlett, J.},
  month =        {July},
  note =
                  {\url{\url{https://proceedings.mlr.press/v202/saha23a.html}}},
  openalex =     {W4379919264},
  pages =        {29649--29670},
  publisher =    {PMLR},
  series =       {Proceedings of Machine Learning Research},
  title =        {End-to-end Differentiable Clustering with
                  Associative Memories},
  volume =       202,
  year =         2023
}

@article{salman2012quantum,
  author =       {Salman, Tamer and Baram, Yoram},
  journal =      {Journal of Machine Learning Research},
  note =         {\url{http://jmlr.org/papers/v13/salman12a.html}},
  number =       102,
  openalex =     {W66231363},
  pages =        {3177--3206},
  title =        {Quantum set intersection and its application to
                  associative memory},
  volume =       13,
  year =         2012
}

@inproceedings{salvatori2021associative,
  address =      {Virtual Event},
  author =       {Salvatori, Tommaso and Song, Yuhang and Hong, Yujian
                  and Sha, Lei and Frieder, Simon and Xu, Zhenghua and
                  Bogacz, Rafał and Lukasiewicz, Thomas},
  booktitle =    {Advances in Neural Information Processing Systems 34
                  (NeurIPS)},
  editor =       {M. Ranzato and A. Beygelzimer and Y. Dauphin and
                  P.S. Liang and J. Wortman Vaughan},
  month =        {December},
  note =
                  {\url{https://proceedings.neurips.cc/paper_files/paper/2021/file/1fb36c4ccf88f7e67ead155496f02338-Paper.pdf}},
  openalex =     {W3201359912},
  pages =        {3874--3886},
  publisher =    {Curran Associates, Inc.},
  series =       {Conference Track Proceedings},
  title =        {Associative Memories via Predictive Coding},
  volume =       34,
  year =         2021
}

@inproceedings{santos2024sparse,
  address =      {Vienna, Austria},
  author =       {Santos, Saul José Rodrigues dos and Niculae, Vlad
                  and McNamee, Daniel C. and Martins, André F. T.},
  booktitle =    {Forty-first International Conference on Machine
                  Learning (ICML)},
  month =        {July},
  note =         {\url{https://openreview.net/forum?id=OdPlFWExX1}},
  publisher =    {OpenReview.net},
  title =        {Sparse and Structured Hopfield Networks},
  year =         2024
}

@inproceedings{savin2013correlations,
  address =      {Lake Tahoe, Nevada, USA},
  author =       {Savin, Cristina and Dayan, Peter and Lengyel, Máté},
  booktitle =    {Advances in Neural Information Processing Systems 26
                  (NIPS)},
  editor =       {Burges, C.J. and Bottou, L. and Welling, M. and
                  Ghahramani, Z. and Weinberger, K.Q.},
  month =        {December},
  note =
                  {\url{https://proceedings.neurips.cc/paper_files/paper/2013/file/705f2172834666788607efbfca35afb3-Paper.pdf}},
  openalex =     {W2134876084},
  publisher =    {Curran Associates, Inc.},
  series =       {Conference Track Proceedings},
  title =        {Correlations strike back (again): the case of
                  associative memory retrieval},
  volume =       26,
  year =         2013
}

@inproceedings{schlag2021learning,
  address =      {Virtual Event, Austria},
  author =       {Schlag, Imanol and Munkhdalai, Tsendsuren and
                  Schmidhuber, Jürgen},
  booktitle =    {9th International Conference on Learning
                  Representations (ICLR)},
  month =        {May},
  note =         {\url{https://openreview.net/forum?id=TuK6agbdt27}},
  openalex =     {W3123651166},
  publisher =    {OpenReview.net},
  series =       {Conference Track Proceedings},
  title =        {Learning Associative Inference Using Fast Weight
                  Memory},
  year =         2021
}

@inproceedings{smart2021on,
  address =      {Virtual Event, Austria},
  author =       {Smart, Matthew and Zilman, Anton},
  booktitle =    {9th International Conference on Learning
                  Representations (ICLR)},
  month =        {May},
  note =         {\url{https://openreview.net/forum?id=RGJbergVIoO}},
  openalex =     {W3128475979},
  publisher =    {OpenReview.net},
  series =       {Conference Track Proceedings},
  title =        {On the mapping between Hopfield networks and
                  Restricted Boltzmann Machines},
  year =         2021
}

@inproceedings{sommer1997bidirectional,
  address =      {Denver, Colorado, USA},
  author =       {Sommer, Friedrich T. and Palm, Günther},
  booktitle =    {Advances in Neural Information Processing Systems 10
                  (NIPS)},
  editor =       {M. Jordan and M. Kearns and S. Solla},
  month =        {December},
  note =
                  {\url{https://proceedings.neurips.cc/paper_files/paper/1997/file/f52378e14237225a6f6c7d802dc6abbd-Paper.pdf}},
  openalex =     {W2108562031},
  publisher =    {MIT Press},
  series =       {Conference Track Proceedings},
  title =        {Bidirectional Retrieval from Associative Memory},
  volume =       10,
  year =         1997
}

@inproceedings{wechsler1987invariant,
  address =      {Denver, Colorado, USA},
  author =       {Wechsler, Harry and Zimmerman, George L.},
  booktitle =    {Neural Information Processing Systems (NIPS)},
  editor =       {D. Anderson},
  month =        {November},
  note =
                  {\url{https://proceedings.neurips.cc/paper_files/paper/1987/file/43ec517d68b6edd3015b3edc9a11367b-Paper.pdf}},
  openalex =     {W2168693028},
  publisher =    {American Institute of Physics},
  series =       {Conference Track Proceedings},
  title =        {Invariant Object Recognition Using a Distributed
                  Associative Memory},
  year =         1987
}

@inproceedings{widrich2020modern,
  address =      {Virtual Event},
  author =       {Widrich, Michael and Schäfl, Bernhard and Pavlović,
                  Milena and Ramsauer, Hubert and Gruber, Lukas and
                  Holzleitner, Markus and Brandstetter, J. and Sandve,
                  Geir Kjetil and Greiff, Victor and Hochreiter, Sepp
                  and Klambauer, Günter},
  booktitle =    {Advances in Neural Information Processing Systems 33
                  (NeurIPS)},
  editor =       {H. Larochelle and M. Ranzato and R. Hadsell and
                  M.F. Balcan and H. Lin},
  month =        {December},
  note =
                  {\url{https://proceedings.neurips.cc/paper_files/paper/2020/file/da4902cb0bc38210839714ebdcf0efc3-Paper.pdf}},
  openalex =     {W3103855458},
  pages =        {18832--18845},
  publisher =    {Curran Associates, Inc.},
  series =       {Conference Track Proceedings},
  title =        {Modern Hopfield Networks and Attention for Immune
                  Repertoire Classification},
  volume =       33,
  year =         2020
}

@inproceedings{wu2024stanhop,
  address =      {Vienna, Austria},
  author =       {Wu, Dennis and Hu, Jerry Yao-Chieh and Li, Weijian
                  and Chen, Boyu and Liu, Han},
  booktitle =    {12th International Conference on Learning
                  Representations (ICLR)},
  month =        {May},
  note =         {\url{https://openreview.net/forum?id=6iwg437CZs}},
  openalex =     {W4390489593},
  publisher =    {OpenReview.net},
  series =       {Conference Track Proceedings},
  title =        {STanHop: Sparse Tandem Hopfield Model for
                  Memory-Enhanced Time Series Prediction},
  year =         2024
}

@inproceedings{wu2024uniform,
  address =      {Vienna, Austria},
  author =       {Wu, Dennis and Hu, Jerry Yao-Chieh and Hsiao,
                  Teng-Yun and Liu, Han},
  booktitle =    {Forty-first International Conference on Machine
                  Learning (ICML)},
  month =        {July},
  note =         {\url{https://openreview.net/forum?id=j5wf1NNhFs}},
  openalex =     {W4394591420},
  publisher =    {OpenReview.net},
  title =        {Uniform Memory Retrieval with Larger Capacity for
                  Modern Hopfield Models},
  year =         2024
}

@inproceedings{xu2024bishop,
  address =      {Vienna, Austria},
  author =       {Xu, Chenwei and Huang, Yu-Chao and Hu, Jerry
                  Yao-Chieh and Li, Weijian and Gilani, Ammar and
                  Goan, Hsi‐Sheng and Liu, Han},
  booktitle =    {Forty-first International Conference on Machine
                  Learning (ICML)},
  month =        {July},
  note =         {\url{https://openreview.net/forum?id=r9rzU9QzPe}},
  openalex =     {W4394591405},
  publisher =    {OpenReview.net},
  title =        {BiSHop: Bi-Directional Cellular Learning for Tabular
                  Data with Generalized Sparse Modern Hopfield Model},
  year =         2024
}

@inproceedings{yoo2022bayespcn,
  address =      {New Orleans, Louisiana, USA},
  author =       {Yoo, Jinsoo and Wood, Frank},
  booktitle =    {Advances in Neural Information Processing Systems 35
                  (NeurIPS)},
  editor =       {Koyejo, S. and Mohamed, S. and Agarwal, A. and
                  Belgrave, D. and Cho, K. and Oh, A.},
  month =        {November},
  note =
                  {\url{https://proceedings.neurips.cc/paper_files/paper/2022/file/c13d5a10028586fdc15ee7da97b7563f-Paper-Conference.pdf}},
  pages =        {29903--29914},
  publisher =    {Curran Associates, Inc.},
  series =       {Conference Track Proceedings},
  title =        {BayesPCN: A Continually Learnable Predictive Coding
                  Associative Memory},
  volume =       35,
  year =         2022
}

@inproceedings{zhang2023outofdistribution,
  address =      {Kigali, Rwanda},
  author =       {Zhang, Jinsong and Fu, Qiang and Chen, Xu and Du,
                  Lun and Li, Zelin and Wang, Gang and Liu, Xiaoguang
                  and Han, Shi and Zhang, Dongmei},
  booktitle =    {11th International Conference on Learning
                  Representations (ICLR)},
  month =        {May},
  note =         {\url{https://openreview.net/forum?id=KkazG4lgKL}},
  publisher =    {OpenReview.net},
  series =       {Conference Track Proceedings},
  title =        {Out-of-Distribution Detection based on
                  In-Distribution Data Patterns Memorization with
                  Modern Hopfield Energy},
  year =         2023
}

@inproceedings{zhu2020episodic,
  address =      {Addis Ababa, Ethiopia},
  author =       {Zhu, Guangxiang and Lin, Zichuan and Yang, Guangwen
                  and Zhang, Chongjie},
  booktitle =    {8th International Conference on Learning
                  Representations (ICLR)},
  month =        {April},
  note =         {\url{https://openreview.net/forum?id=HkxjqxBYDB}},
  openalex =     {W2996624412},
  publisher =    {OpenReview.net},
  series =       {Conference Track Proceedings},
  title =        {Episodic Reinforcement Learning with Associative
                  Memory},
  year =         2020
}
