@article{schulte2012multi,
  author = {Schulte, Eric and Davison, Dan and Dye, Thomas S. and Dominik, C.},
  doi = {10.18637/jss.v046.i03},
  journal = {Journal of Statistical Software},
  number = {3},
  openalex = {W1879090356},
  pages = {1â€“24},
  title = {A Multi-Language Computing Environment for Literate Programming and Reproducible Research},
  volume = {46},
  year = {2012}
}

@phdthesis{dolstra2006purely,
  author = {Dolstra, E.},
  file = {:/home/b/documents/references/phd-thesis/dolstra2006purely.pdf:pdf},
  openalex = {W2104778110},
  publisher = {Utrecht University},
  title = {The purely functional software deployment model},
  year = {2006}
}
