@phdthesis{dolstra2006purely,
 author = {Dolstra, Eelco},
 file = {:/home/b/documents/references/phd-thesis/dolstra2006purely.pdf:pdf},
 publisher = {Utrecht University},
 title = {The purely functional software deployment model},
 year = {2006}
}

@article{schulte2012multi,
 author = {Schulte, Eric and Davison, Dan and Dye, Thomas and Dominik, Carsten},
 doi = {10.18637/jss.v046.i03},
 journal = {Journal of Statistical Software},
 number = {3},
 pages = {1â€“24},
 title = {A Multi-Language Computing Environment for Literate Programming and Reproducible Research},
 volume = {46},
 year = {2012}
}
