@article{10.1162/089976606774841521,
  author = {Masuda, Naoki},
  doi = {10.1162/089976606774841521},
  eprint = {https://direct.mit.edu/neco/article-pdf/18/1/45/816436/089976606774841521.pdf},
  issn = {0899-7667},
  journal = {Neural Computation},
  month = {01},
  number = {1},
  openalex = {W2125721708},
  pages = {45-59},
  title = {Simultaneous Rate-Synchrony Codes in Populations of Spiking Neurons},
  url = {https://doi.org/10.1162/089976606774841521},
  volume = {18},
  year = {2006}
}

@article{10.1162/089976606774841530,
  author = {Clark, Paul T. and Rossum, Mark C. W. van},
  doi = {10.1162/089976606774841530},
  eprint = {https://direct.mit.edu/neco/article-pdf/18/1/26/816442/089976606774841530.pdf},
  issn = {0899-7667},
  journal = {Neural Computation},
  month = {01},
  number = {1},
  openalex = {W2165099206},
  pages = {26-44},
  title = {The Optimal Synapse for Sparse, Binary Signals in the Rod Pathway},
  url = {https://doi.org/10.1162/089976606774841530},
  volume = {18},
  year = {2006}
}

@article{10.1162/089976606774841549,
  author = {Mollah, Md. Nurul Haque and Minami, Mihoko and Eguchi, Shinto},
  doi = {10.1162/089976606774841549},
  eprint = {https://direct.mit.edu/neco/article-pdf/18/1/166/816446/089976606774841549.pdf},
  issn = {0899-7667},
  journal = {Neural Computation},
  month = {01},
  number = {1},
  openalex = {W2101415050},
  pages = {166-190},
  title = {Exploring Latent Structure of Mixture ICA Models by the Minimum <i>β</i>-Divergence Method},
  url = {https://doi.org/10.1162/089976606774841549},
  volume = {18},
  year = {2006}
}

@article{10.1162/089976606774841558,
  author = {Galán, Roberto F. and Weidert, Marcel and Menzel, Randolf and Herz, Andreas V. M. and Galizia, C. Giovanni},
  doi = {10.1162/089976606774841558},
  eprint = {https://direct.mit.edu/neco/article-pdf/18/1/10/816440/089976606774841558.pdf},
  issn = {0899-7667},
  journal = {Neural Computation},
  month = {01},
  number = {1},
  openalex = {W2164652196},
  pages = {10-25},
  title = {Sensory Memory for Odors Is Encoded in Spontaneous Correlated Activity Between Olfactory Glomeruli},
  url = {https://doi.org/10.1162/089976606774841558},
  volume = {18},
  year = {2006}
}

@article{10.1162/089976606774841567,
  author = {Soula, Hédi and Beslon, Guillaume and Mazet, Olivier},
  doi = {10.1162/089976606774841567},
  eprint = {https://direct.mit.edu/neco/article-pdf/18/1/60/816438/089976606774841567.pdf},
  issn = {0899-7667},
  journal = {Neural Computation},
  month = {01},
  number = {1},
  openalex = {W2127849117},
  pages = {60-79},
  title = {Spontaneous Dynamics of Asymmetric Random Recurrent Spiking Neural Networks},
  url = {https://doi.org/10.1162/089976606774841567},
  volume = {18},
  year = {2006}
}

@article{10.1162/089976606774841576,
  author = {Focke, Walter W.},
  doi = {10.1162/089976606774841576},
  eprint = {https://direct.mit.edu/neco/article-pdf/18/1/1/816456/089976606774841576.pdf},
  issn = {0899-7667},
  journal = {Neural Computation},
  month = {01},
  number = {1},
  openalex = {W2135567606},
  pages = {1-9},
  title = {Mixture Models Based on Neural Network Averaging},
  url = {https://doi.org/10.1162/089976606774841576},
  volume = {18},
  year = {2006}
}

@article{10.1162/089976606774841585,
  author = {Wu, Wei and Gao, Yun and Bienenstock, Elie and Donoghue, John P. and Black, Michael J.},
  doi = {10.1162/089976606774841585},
  eprint = {https://direct.mit.edu/neco/article-pdf/18/1/80/816452/089976606774841585.pdf},
  issn = {0899-7667},
  journal = {Neural Computation},
  month = {01},
  number = {1},
  openalex = {W2140546948},
  pages = {80-118},
  title = {Bayesian Population Decoding of Motor Cortical Activity Using a Kalman Filter},
  url = {https://doi.org/10.1162/089976606774841585},
  volume = {18},
  year = {2006}
}

@article{10.1162/089976606774841594,
  author = {Ge, Yang and Jiang, Wenxin},
  doi = {10.1162/089976606774841594},
  eprint = {https://direct.mit.edu/neco/article-pdf/18/1/224/816448/089976606774841594.pdf},
  issn = {0899-7667},
  journal = {Neural Computation},
  month = {01},
  number = {1},
  openalex = {W2096653541},
  pages = {224-243},
  title = {On Consistency of Bayesian Inference with Mixtures of Logistic Regression},
  url = {https://doi.org/10.1162/089976606774841594},
  volume = {18},
  year = {2006}
}

@article{10.1162/089976606774841602,
  author = {Eisenthal, Yael and Dror, Gideon and Ruppin, Eytan},
  doi = {10.1162/089976606774841602},
  eprint = {https://direct.mit.edu/neco/article-pdf/18/1/119/816460/089976606774841602.pdf},
  issn = {0899-7667},
  journal = {Neural Computation},
  month = {01},
  number = {1},
  openalex = {W2157395013},
  pages = {119-142},
  title = {Facial Attractiveness: Beauty and the Machine},
  url = {https://doi.org/10.1162/089976606774841602},
  volume = {18},
  year = {2006}
}

@article{10.1162/089976606774841611,
  author = {Graf, Arnulf B. A. and Wichmann, Felix A. and Bülthoff, HH and Schölkopf, Bernhard},
  doi = {10.1162/089976606774841611},
  eprint = {https://direct.mit.edu/neco/article-pdf/18/1/143/816462/089976606774841611.pdf},
  issn = {0899-7667},
  journal = {Neural Computation},
  month = {01},
  number = {1},
  openalex = {W2152244866},
  pages = {143-165},
  title = {Classification of Faces in Man and Machine},
  url = {https://doi.org/10.1162/089976606774841611},
  volume = {18},
  year = {2006}
}

@article{10.1162/089976606774841620,
  author = {Zhang, Kun and Chan, Laiwan},
  doi = {10.1162/089976606774841620},
  eprint = {https://direct.mit.edu/neco/article-pdf/18/1/191/816466/089976606774841620.pdf},
  issn = {0899-7667},
  journal = {Neural Computation},
  month = {01},
  number = {1},
  openalex = {W2130974270},
  pages = {191-223},
  title = {An Adaptive Method for Subband Decomposition ICA},
  url = {https://doi.org/10.1162/089976606774841620},
  volume = {18},
  year = {2006}
}

@article{10.1162/089976606775093855,
  author = {Westwick, David T. and Pohlmeyer, Eric A. and Solla, Sara A. and Miller, Lee E. and Perreault, Eric J.},
  doi = {10.1162/089976606775093855},
  eprint = {https://direct.mit.edu/neco/article-pdf/18/2/329/816444/089976606775093855.pdf},
  issn = {0899-7667},
  journal = {Neural Computation},
  month = {02},
  number = {2},
  openalex = {W2121934186},
  pages = {329-355},
  title = {Identification of Multiple-Input Systems with Highly Coupled Inputs: Application to EMG Prediction from Multiple Intracortical Electrodes},
  url = {https://doi.org/10.1162/089976606775093855},
  volume = {18},
  year = {2006}
}

@article{10.1162/089976606775093864,
  author = {Burwick, Thomas},
  doi = {10.1162/089976606775093864},
  eprint = {https://direct.mit.edu/neco/article-pdf/18/2/356/816450/089976606775093864.pdf},
  issn = {0899-7667},
  journal = {Neural Computation},
  month = {02},
  number = {2},
  openalex = {W2124899827},
  pages = {356-380},
  title = {Oscillatory Networks: Pattern Recognition Without a Superposition Catastrophe},
  url = {https://doi.org/10.1162/089976606775093864},
  volume = {18},
  year = {2006}
}

@article{10.1162/089976606775093873,
  author = {Hulle, Marc M. Van},
  doi = {10.1162/089976606775093873},
  eprint = {https://direct.mit.edu/neco/article-pdf/18/2/430/816454/089976606775093873.pdf},
  issn = {0899-7667},
  journal = {Neural Computation},
  month = {02},
  number = {2},
  openalex = {W2095598077},
  pages = {430-445},
  title = {Differential Log Likelihood for Evaluating and Learning Gaussian Mixtures},
  url = {https://doi.org/10.1162/089976606775093873},
  volume = {18},
  year = {2006}
}

@article{10.1162/089976606775093882,
  author = {Izhikevich, Eugene M.},
  doi = {10.1162/089976606775093882},
  eprint = {https://direct.mit.edu/neco/article-pdf/18/2/245/816458/089976606775093882.pdf},
  issn = {0899-7667},
  journal = {Neural Computation},
  month = {02},
  number = {2},
  openalex = {W2128432504},
  pages = {245-282},
  title = {Polychronization: Computation with Spikes},
  url = {https://doi.org/10.1162/089976606775093882},
  volume = {18},
  year = {2006}
}

@article{10.1162/089976606775093891,
  author = {Falconbridge, Michael and Stamps, R. L. and Badcock, David R.},
  doi = {10.1162/089976606775093891},
  eprint = {https://direct.mit.edu/neco/article-pdf/18/2/415/816464/089976606775093891.pdf},
  issn = {0899-7667},
  journal = {Neural Computation},
  month = {02},
  number = {2},
  openalex = {W2132626201},
  pages = {415-429},
  title = {A Simple Hebbian/Anti-Hebbian Network Learns the Sparse, Independent Components of Natural Images},
  url = {https://doi.org/10.1162/089976606775093891},
  volume = {18},
  year = {2006}
}

@article{10.1162/089976606775093909,
  author = {O’Reilly, Randall C. and Frank, Michael J.},
  doi = {10.1162/089976606775093909},
  eprint = {https://direct.mit.edu/neco/article-pdf/18/2/283/816470/089976606775093909.pdf},
  issn = {0899-7667},
  journal = {Neural Computation},
  month = {02},
  number = {2},
  openalex = {W2111534506},
  pages = {283-328},
  title = {Making Working Memory Work: A Computational Model of Learning in the Prefrontal Cortex and Basal Ganglia},
  url = {https://doi.org/10.1162/089976606775093909},
  volume = {18},
  year = {2006}
}

@article{10.1162/089976606775093918,
  author = {Villmann, Thomas and Claussen, Jens Christian},
  doi = {10.1162/089976606775093918},
  eprint = {https://direct.mit.edu/neco/article-pdf/18/2/446/816468/089976606775093918.pdf},
  issn = {0899-7667},
  journal = {Neural Computation},
  month = {02},
  number = {2},
  openalex = {W3123606858},
  pages = {446-469},
  title = {Magnification Control in Self-Organizing Maps and Neural Gas},
  url = {https://doi.org/10.1162/089976606775093918},
  volume = {18},
  year = {2006}
}

@article{10.1162/089976606775093927,
  author = {Huang, Di and Chow, Tommy W. S.},
  doi = {10.1162/089976606775093927},
  eprint = {https://direct.mit.edu/neco/article-pdf/18/2/470/816472/089976606775093927.pdf},
  issn = {0899-7667},
  journal = {Neural Computation},
  month = {02},
  number = {2},
  openalex = {W2095850560},
  pages = {470-495},
  title = {Enhancing Density-Based Data Reduction Using Entropy},
  url = {https://doi.org/10.1162/089976606775093927},
  volume = {18},
  year = {2006}
}

@article{10.1162/089976606775093936,
  author = {Osindero, Simon and Welling, Max and Hinton, Geoffrey E.},
  doi = {10.1162/089976606775093936},
  eprint = {https://direct.mit.edu/neco/article-pdf/18/2/381/816474/089976606775093936.pdf},
  issn = {0899-7667},
  journal = {Neural Computation},
  month = {02},
  number = {2},
  openalex = {W2142615865},
  pages = {381-414},
  title = {Topographic Product Models Applied to Natural Scene Statistics},
  url = {https://doi.org/10.1162/089976606775093936},
  volume = {18},
  year = {2006}
}

@article{10.1162/neco.2006.18.10.2283,
  author = {Hyvärinen, Aapo},
  doi = {10.1162/neco.2006.18.10.2283},
  eprint = {https://direct.mit.edu/neco/article-pdf/18/10/2283/816603/neco.2006.18.10.2283.pdf},
  issn = {0899-7667},
  journal = {Neural Computation},
  month = {10},
  number = {10},
  openalex = {W2073522073},
  pages = {2283-2292},
  title = {Consistency of Pseudolikelihood Estimation of Fully Visible Boltzmann Machines},
  url = {https://doi.org/10.1162/neco.2006.18.10.2283},
  volume = {18},
  year = {2006}
}

@article{10.1162/neco.2006.18.10.2293,
  author = {Dayan, Peter},
  doi = {10.1162/neco.2006.18.10.2293},
  eprint = {https://direct.mit.edu/neco/article-pdf/18/10/2293/816605/neco.2006.18.10.2293.pdf},
  issn = {0899-7667},
  journal = {Neural Computation},
  month = {10},
  number = {10},
  openalex = {W2126250017},
  pages = {2293-2319},
  title = {Images, Frames, and Connectionist Hierarchies},
  url = {https://doi.org/10.1162/neco.2006.18.10.2293},
  volume = {18},
  year = {2006}
}

@article{10.1162/neco.2006.18.10.2320,
  author = {Chhabra, Manu and Jacobs, Robert A.},
  doi = {10.1162/neco.2006.18.10.2320},
  eprint = {https://direct.mit.edu/neco/article-pdf/18/10/2320/816599/neco.2006.18.10.2320.pdf},
  issn = {0899-7667},
  journal = {Neural Computation},
  month = {10},
  number = {10},
  openalex = {W2052928205},
  pages = {2320-2342},
  title = {Properties of Synergies Arising from a Theory of Optimal Motor Behavior},
  url = {https://doi.org/10.1162/neco.2006.18.10.2320},
  volume = {18},
  year = {2006}
}

@article{10.1162/neco.2006.18.10.2343,
  author = {Barak, Omri and Tsodyks, Misha},
  doi = {10.1162/neco.2006.18.10.2343},
  eprint = {https://direct.mit.edu/neco/article-pdf/18/10/2343/816601/neco.2006.18.10.2343.pdf},
  issn = {0899-7667},
  journal = {Neural Computation},
  month = {10},
  number = {10},
  openalex = {W2121880545},
  pages = {2343-2358},
  title = {Recognition by Variance: Learning Rules for Spatiotemporal Patterns},
  url = {https://doi.org/10.1162/neco.2006.18.10.2343},
  volume = {18},
  year = {2006}
}

@article{10.1162/neco.2006.18.10.2359,
  author = {Miura, Keiji and Okada, Masato and Amari, Shun-ichi},
  doi = {10.1162/neco.2006.18.10.2359},
  eprint = {https://direct.mit.edu/neco/article-pdf/18/10/2359/816609/neco.2006.18.10.2359.pdf},
  issn = {0899-7667},
  journal = {Neural Computation},
  month = {10},
  number = {10},
  pages = {2359-2386},
  title = {Estimating Spiking Irregularities Under Changing Environments},
  url = {https://doi.org/10.1162/neco.2006.18.10.2359},
  volume = {18},
  year = {2006}
}

@article{10.1162/neco.2006.18.10.2387,
  author = {Schneider, Gaby and Havenith, Martha N. and Nikolić, Danko},
  doi = {10.1162/neco.2006.18.10.2387},
  eprint = {https://direct.mit.edu/neco/article-pdf/18/10/2387/816615/neco.2006.18.10.2387.pdf},
  issn = {0899-7667},
  journal = {Neural Computation},
  month = {10},
  number = {10},
  openalex = {W2077412648},
  pages = {2387-2413},
  title = {Spatiotemporal Structure in Large Neuronal Networks Detected from Cross-Correlation},
  url = {https://doi.org/10.1162/neco.2006.18.10.2387},
  volume = {18},
  year = {2006}
}

@article{10.1162/neco.2006.18.10.2414,
  author = {Appleby, Peter A. and Elliott, Terry},
  doi = {10.1162/neco.2006.18.10.2414},
  eprint = {https://direct.mit.edu/neco/article-pdf/18/10/2414/816619/neco.2006.18.10.2414.pdf},
  issn = {0899-7667},
  journal = {Neural Computation},
  month = {10},
  number = {10},
  openalex = {W2083912302},
  pages = {2414-2464},
  title = {Stable Competitive Dynamics Emerge from Multispike Interactions in a Stochastic Model of Spike-Timing-Dependent Plasticity},
  url = {https://doi.org/10.1162/neco.2006.18.10.2414},
  volume = {18},
  year = {2006}
}

@article{10.1162/neco.2006.18.10.2465,
  author = {Srinivasan, Lakshminarayan and Eden, Uri T. and Willsky, Alan S. and Brown, Emery N.},
  doi = {10.1162/neco.2006.18.10.2465},
  eprint = {https://direct.mit.edu/neco/article-pdf/18/10/2465/816623/neco.2006.18.10.2465.pdf},
  issn = {0899-7667},
  journal = {Neural Computation},
  month = {10},
  number = {10},
  openalex = {W1994151854},
  pages = {2465-2494},
  title = {A State-Space Analysis for Reconstruction of Goal-Directed Movements Using Neural Signals},
  url = {https://doi.org/10.1162/neco.2006.18.10.2465},
  volume = {18},
  year = {2006}
}

@article{10.1162/neco.2006.18.10.2495,
  author = {Blaschke, Tobias and Berkes, Pietro and Wiskott, Laurenz},
  doi = {10.1162/neco.2006.18.10.2495},
  eprint = {https://direct.mit.edu/neco/article-pdf/18/10/2495/816627/neco.2006.18.10.2495.pdf},
  issn = {0899-7667},
  journal = {Neural Computation},
  month = {10},
  number = {10},
  openalex = {W2166008640},
  pages = {2495-2508},
  title = {What Is the Relation Between Slow Feature Analysis and Independent Component Analysis?},
  url = {https://doi.org/10.1162/neco.2006.18.10.2495},
  volume = {18},
  year = {2006}
}

@article{10.1162/neco.2006.18.10.2509,
  author = {Bengio, Yoshua and Monperrus, Martin and Larochelle, Hugo},
  doi = {10.1162/neco.2006.18.10.2509},
  eprint = {https://direct.mit.edu/neco/article-pdf/18/10/2509/816637/neco.2006.18.10.2509.pdf},
  issn = {0899-7667},
  journal = {Neural Computation},
  month = {10},
  number = {10},
  openalex = {W2013450515},
  pages = {2509-2528},
  title = {Nonlocal Estimation of Manifold Structure},
  url = {https://doi.org/10.1162/neco.2006.18.10.2509},
  volume = {18},
  year = {2006}
}

@article{10.1162/neco.2006.18.10.2529,
  author = {Tiño, Peter and Farkaš, Igor and Mourik, Jort van},
  doi = {10.1162/neco.2006.18.10.2529},
  eprint = {https://direct.mit.edu/neco/article-pdf/18/10/2529/816641/neco.2006.18.10.2529.pdf},
  issn = {0899-7667},
  journal = {Neural Computation},
  month = {10},
  number = {10},
  openalex = {W2070079367},
  pages = {2529-2567},
  title = {Dynamics and Topographic Organization of Recursive Self-Organizing Maps},
  url = {https://doi.org/10.1162/neco.2006.18.10.2529},
  volume = {18},
  year = {2006}
}

@article{10.1162/neco.2006.18.10.2568,
  author = {Sarishvili, Alex and Andersson, C-H and Franke, Jürgen and Kroisandt, Gerald},
  doi = {10.1162/neco.2006.18.10.2568},
  eprint = {https://direct.mit.edu/neco/article-pdf/18/10/2568/816633/neco.2006.18.10.2568.pdf},
  issn = {0899-7667},
  journal = {Neural Computation},
  month = {10},
  number = {10},
  openalex = {W2120375591},
  pages = {2568-2581},
  title = {On the Consistency of the Blocked Neural Network Estimator in Time Series Analysis},
  url = {https://doi.org/10.1162/neco.2006.18.10.2568},
  volume = {18},
  year = {2006}
}

@article{10.1162/neco.2006.18.10.2582,
  author = {},
  doi = {10.1162/neco.2006.18.10.2582},
  eprint = {https://direct.mit.edu/neco/article-pdf/18/10/2582/2002239/neco.2006.18.10.2582.pdf},
  issn = {0899-7667},
  journal = {Neural Computation},
  month = {10},
  number = {10},
  pages = {2582-2582},
  title = {Erratum},
  url = {https://doi.org/10.1162/neco.2006.18.10.2582},
  volume = {18},
  year = {2006}
}

@article{10.1162/neco.2006.18.11.2583,
  author = {Kass, Robert E. and Ventura, Valérie},
  doi = {10.1162/neco.2006.18.11.2583},
  eprint = {https://direct.mit.edu/neco/article-pdf/18/11/2583/816607/neco.2006.18.11.2583.pdf},
  issn = {0899-7667},
  journal = {Neural Computation},
  month = {11},
  number = {11},
  openalex = {W2122284645},
  pages = {2583-2591},
  title = {Spike Count Correlation Increases with Length of Time Interval in the Presence of Trial-to-Trial Variation},
  url = {https://doi.org/10.1162/neco.2006.18.11.2583},
  volume = {18},
  year = {2006}
}

@article{10.1162/neco.2006.18.11.2592,
  author = {Paninski, Liam},
  doi = {10.1162/neco.2006.18.11.2592},
  eprint = {https://direct.mit.edu/neco/article-pdf/18/11/2592/816613/neco.2006.18.11.2592.pdf},
  issn = {0899-7667},
  journal = {Neural Computation},
  month = {11},
  number = {11},
  openalex = {W2126053667},
  pages = {2592-2616},
  title = {The Spike-Triggered Average of the Integrate-and-Fire Cell Driven by Gaussian White Noise},
  url = {https://doi.org/10.1162/neco.2006.18.11.2592},
  volume = {18},
  year = {2006}
}

@article{10.1162/neco.2006.18.11.2617,
  author = {Pervouchine, Dmitri D. and Netoff, Théoden I. and Rotstein, Horacio G. and White, John A. and Cunningham, Mark O. and Whittington, Miles A. and Kopell, Nancy},
  doi = {10.1162/neco.2006.18.11.2617},
  eprint = {https://direct.mit.edu/neco/article-pdf/18/11/2617/816611/neco.2006.18.11.2617.pdf},
  issn = {0899-7667},
  journal = {Neural Computation},
  month = {11},
  number = {11},
  openalex = {W2102195674},
  pages = {2617-2650},
  title = {Low-Dimensional Maps Encoding Dynamics in Entorhinal Cortex and Hippocampus},
  url = {https://doi.org/10.1162/neco.2006.18.11.2617},
  volume = {18},
  year = {2006}
}

@article{10.1162/neco.2006.18.11.2651,
  author = {Guerrero‐Rivera, Rubén and Morrison, Abigail and Diesmann, Markus and Pearce, Tim},
  doi = {10.1162/neco.2006.18.11.2651},
  eprint = {https://direct.mit.edu/neco/article-pdf/18/11/2651/816617/neco.2006.18.11.2651.pdf},
  issn = {0899-7667},
  journal = {Neural Computation},
  month = {11},
  number = {11},
  openalex = {W2034247717},
  pages = {2651-2679},
  title = {Programmable Logic Construction Kits for Hyper-Real-Time Neuronal Modeling},
  url = {https://doi.org/10.1162/neco.2006.18.11.2651},
  volume = {18},
  year = {2006}
}

@article{10.1162/neco.2006.18.11.2680,
  author = {Schwartz, Odelia and Sejnowski, Terrence J. and Dayan, Peter},
  doi = {10.1162/neco.2006.18.11.2680},
  eprint = {https://direct.mit.edu/neco/article-pdf/18/11/2680/816621/neco.2006.18.11.2680.pdf},
  issn = {0899-7667},
  journal = {Neural Computation},
  month = {11},
  number = {11},
  openalex = {W2058337569},
  pages = {2680-2718},
  title = {Soft Mixer Assignment in a Hierarchical Generative Model of Natural Scene Statistics},
  url = {https://doi.org/10.1162/neco.2006.18.11.2680},
  volume = {18},
  year = {2006}
}

@article{10.1162/neco.2006.18.11.2719,
  author = {Shamir, Maoz},
  doi = {10.1162/neco.2006.18.11.2719},
  eprint = {https://direct.mit.edu/neco/article-pdf/18/11/2719/816629/neco.2006.18.11.2719.pdf},
  issn = {0899-7667},
  journal = {Neural Computation},
  month = {11},
  number = {11},
  openalex = {W2040771604},
  pages = {2719-2729},
  title = {The Scaling of Winner-Takes-All Accuracy with Population Size},
  url = {https://doi.org/10.1162/neco.2006.18.11.2719},
  volume = {18},
  year = {2006}
}

@article{10.1162/neco.2006.18.11.2730,
  author = {Li, Yuanqing and Guan, Cuntai},
  doi = {10.1162/neco.2006.18.11.2730},
  eprint = {https://direct.mit.edu/neco/article-pdf/18/11/2730/816625/neco.2006.18.11.2730.pdf},
  issn = {0899-7667},
  journal = {Neural Computation},
  month = {11},
  number = {11},
  openalex = {W2162542023},
  pages = {2730-2761},
  title = {An Extended EM Algorithm for Joint Feature Extraction and Classification in Brain-Computer Interfaces},
  url = {https://doi.org/10.1162/neco.2006.18.11.2730},
  volume = {18},
  year = {2006}
}

@article{10.1162/neco.2006.18.11.2762,
  author = {Jiang, Wenxin},
  doi = {10.1162/neco.2006.18.11.2762},
  eprint = {https://direct.mit.edu/neco/article-pdf/18/11/2762/816631/neco.2006.18.11.2762.pdf},
  issn = {0899-7667},
  journal = {Neural Computation},
  month = {11},
  number = {11},
  openalex = {W2061902499},
  pages = {2762-2776},
  title = {On the Consistency of Bayesian Variable Selection for High Dimensional Binary Regression and Classification},
  url = {https://doi.org/10.1162/neco.2006.18.11.2762},
  volume = {18},
  year = {2006}
}

@article{10.1162/neco.2006.18.11.2777,
  author = {Fushiki, Tadayoshi and Horiuchi, Shingo and Tsuchiya, Takashi},
  doi = {10.1162/neco.2006.18.11.2777},
  eprint = {https://direct.mit.edu/neco/article-pdf/18/11/2777/816635/neco.2006.18.11.2777.pdf},
  issn = {0899-7667},
  journal = {Neural Computation},
  month = {11},
  number = {11},
  openalex = {W1968333654},
  pages = {2777-2812},
  title = {A Maximum Likelihood Approach to Density Estimation with Semidefinite Programming},
  url = {https://doi.org/10.1162/neco.2006.18.11.2777},
  volume = {18},
  year = {2006}
}

@article{10.1162/neco.2006.18.11.2813,
  author = {Holeňa, Martin},
  doi = {10.1162/neco.2006.18.11.2813},
  eprint = {https://direct.mit.edu/neco/article-pdf/18/11/2813/816639/neco.2006.18.11.2813.pdf},
  issn = {0899-7667},
  journal = {Neural Computation},
  month = {11},
  number = {11},
  openalex = {W1981676345},
  pages = {2813-2853},
  title = {Piecewise-Linear Neural Networks and Their Relationship to Rule Extraction from Data},
  url = {https://doi.org/10.1162/neco.2006.18.11.2813},
  volume = {18},
  year = {2006}
}

@article{10.1162/neco.2006.18.11.2854,
  author = {Wang, Yingfeng and Zeng, Xiaoqin and Yeung, Daniel So and Peng, Zhihang},
  doi = {10.1162/neco.2006.18.11.2854},
  eprint = {https://direct.mit.edu/neco/article-pdf/18/11/2854/816643/neco.2006.18.11.2854.pdf},
  issn = {0899-7667},
  journal = {Neural Computation},
  month = {11},
  number = {11},
  pages = {2854-2877},
  title = {Computation of Madalines' Sensitivity to Input and Weight Perturbations},
  url = {https://doi.org/10.1162/neco.2006.18.11.2854},
  volume = {18},
  year = {2006}
}

@article{10.1162/neco.2006.18.12.2879,
  author = {Lüdtke, Niklas and Nelson, Mark},
  doi = {10.1162/neco.2006.18.12.2879},
  eprint = {https://direct.mit.edu/neco/article-pdf/18/12/2879/816649/neco.2006.18.12.2879.pdf},
  issn = {0899-7667},
  journal = {Neural Computation},
  month = {12},
  number = {12},
  openalex = {W2050475291},
  pages = {2879-2916},
  title = {Short-Term Synaptic Plasticity Can Enhance Weak Signal Detectability in Nonrenewal Spike Trains},
  url = {https://doi.org/10.1162/neco.2006.18.12.2879},
  volume = {18},
  year = {2006}
}

@article{10.1162/neco.2006.18.12.2917,
  author = {Rudolph, Michelle and Destexhe, Alain},
  doi = {10.1162/neco.2006.18.12.2917},
  eprint = {https://direct.mit.edu/neco/article-pdf/18/12/2917/816655/neco.2006.18.12.2917.pdf},
  issn = {0899-7667},
  journal = {Neural Computation},
  month = {12},
  number = {12},
  openalex = {W2160999198},
  pages = {2917-2922},
  title = {On the Use of Analytical Expressions for the Voltage Distribution to Analyze Intracellular Recordings},
  url = {https://doi.org/10.1162/neco.2006.18.12.2917},
  volume = {18},
  year = {2006}
}

@article{10.1162/neco.2006.18.12.2923,
  author = {Calin‐Jageman, Robert and Katz, Paul S.},
  doi = {10.1162/neco.2006.18.12.2923},
  eprint = {https://direct.mit.edu/neco/article-pdf/18/12/2923/816653/neco.2006.18.12.2923.pdf},
  issn = {0899-7667},
  journal = {Neural Computation},
  month = {12},
  number = {12},
  openalex = {W2150720187},
  pages = {2923-2927},
  title = {A Distributed Computing Tool for Generating Neural Simulation Databases},
  url = {https://doi.org/10.1162/neco.2006.18.12.2923},
  volume = {18},
  year = {2006}
}

@article{10.1162/neco.2006.18.12.2928,
  author = {Andelic, Edin and Schafföner, Martin and Katz, Marcel and Krüger, Sven E. and Wendemuth, Andreas},
  doi = {10.1162/neco.2006.18.12.2928},
  eprint = {https://direct.mit.edu/neco/article-pdf/18/12/2928/816647/neco.2006.18.12.2928.pdf},
  issn = {0899-7667},
  journal = {Neural Computation},
  month = {12},
  number = {12},
  openalex = {W2013433165},
  pages = {2928-2935},
  title = {Kernel Least-Squares Models Using Updates of the Pseudoinverse},
  url = {https://doi.org/10.1162/neco.2006.18.12.2928},
  volume = {18},
  year = {2006}
}

@article{10.1162/neco.2006.18.12.2936,
  author = {Szita, István and Lőrincz, András},
  doi = {10.1162/neco.2006.18.12.2936},
  eprint = {https://direct.mit.edu/neco/article-pdf/18/12/2936/816651/neco.2006.18.12.2936.pdf},
  issn = {0899-7667},
  journal = {Neural Computation},
  month = {12},
  number = {12},
  openalex = {W2123859855},
  pages = {2936-2941},
  title = {Learning Tetris Using the Noisy Cross-Entropy Method},
  url = {https://doi.org/10.1162/neco.2006.18.12.2936},
  volume = {18},
  year = {2006}
}

@article{10.1162/neco.2006.18.12.2942,
  author = {Dominguez, Melissa and Becker, Suzanna and Bruce, Ian and Read, Heather},
  doi = {10.1162/neco.2006.18.12.2942},
  eprint = {https://direct.mit.edu/neco/article-pdf/18/12/2942/816657/neco.2006.18.12.2942.pdf},
  issn = {0899-7667},
  journal = {Neural Computation},
  month = {12},
  number = {12},
  pages = {2942-2958},
  title = {A Spiking Neuron Model of Cortical Correlates of Sensorineural Hearing Loss: Spontaneous Firing, Synchrony, and Tinnitus},
  url = {https://doi.org/10.1162/neco.2006.18.12.2942},
  volume = {18},
  year = {2006}
}

@article{10.1162/neco.2006.18.12.2959,
  author = {Ros, Eduardo and Carrillo, Richard R. and Ortigosa, Eva M. and Barbour, Boris and Agís, Rodrigo},
  doi = {10.1162/neco.2006.18.12.2959},
  eprint = {https://direct.mit.edu/neco/article-pdf/18/12/2959/816659/neco.2006.18.12.2959.pdf},
  issn = {0899-7667},
  journal = {Neural Computation},
  month = {12},
  number = {12},
  openalex = {W2157580187},
  pages = {2959-2993},
  title = {Event-Driven Simulation Scheme for Spiking Neural Networks Using Lookup Tables to Characterize Neuronal Dynamics},
  url = {https://doi.org/10.1162/neco.2006.18.12.2959},
  volume = {18},
  year = {2006}
}

@article{10.1162/neco.2006.18.12.2994,
  author = {Uchizawa, Kei and Douglas, Rodney J. and Maass, Wolfgang},
  doi = {10.1162/neco.2006.18.12.2994},
  eprint = {https://direct.mit.edu/neco/article-pdf/18/12/2994/816661/neco.2006.18.12.2994.pdf},
  issn = {0899-7667},
  journal = {Neural Computation},
  month = {12},
  number = {12},
  openalex = {W2117016759},
  pages = {2994-3008},
  title = {On the Computational Power of Threshold Circuits with Sparse Activity},
  url = {https://doi.org/10.1162/neco.2006.18.12.2994},
  volume = {18},
  year = {2006}
}

@article{10.1162/neco.2006.18.12.3009,
  author = {Beer, Randall D.},
  doi = {10.1162/neco.2006.18.12.3009},
  eprint = {https://direct.mit.edu/neco/article-pdf/18/12/3009/816663/neco.2006.18.12.3009.pdf},
  issn = {0899-7667},
  journal = {Neural Computation},
  month = {12},
  number = {12},
  openalex = {W2032535902},
  pages = {3009-3051},
  title = {Parameter Space Structure of Continuous-Time Recurrent Neural Networks},
  url = {https://doi.org/10.1162/neco.2006.18.12.3009},
  volume = {18},
  year = {2006}
}

@article{10.1162/neco.2006.18.12.3052,
  author = {Grimbert, François and Faugeras, Olivier},
  doi = {10.1162/neco.2006.18.12.3052},
  eprint = {https://direct.mit.edu/neco/article-pdf/18/12/3052/816665/neco.2006.18.12.3052.pdf},
  issn = {0899-7667},
  journal = {Neural Computation},
  month = {12},
  number = {12},
  openalex = {W2053100455},
  pages = {3052-3068},
  title = {Bifurcation Analysis of Jansen's Neural Mass Model},
  url = {https://doi.org/10.1162/neco.2006.18.12.3052},
  volume = {18},
  year = {2006}
}

@article{10.1162/neco.2006.18.12.3069,
  author = {Koene, Ansgar},
  doi = {10.1162/neco.2006.18.12.3069},
  eprint = {https://direct.mit.edu/neco/article-pdf/18/12/3069/816669/neco.2006.18.12.3069.pdf},
  issn = {0899-7667},
  journal = {Neural Computation},
  month = {12},
  number = {12},
  openalex = {W2139050397},
  pages = {3069-3096},
  title = {A Model for Perceptual Averaging and Stochastic Bistable Behavior and the Role of Voluntary Control},
  url = {https://doi.org/10.1162/neco.2006.18.12.3069},
  volume = {18},
  year = {2006}
}

@article{10.1162/neco.2006.18.12.3097,
  author = {Franz, Matthias and Schölkopf, Bernhard},
  doi = {10.1162/neco.2006.18.12.3097},
  eprint = {https://direct.mit.edu/neco/article-pdf/18/12/3097/816671/neco.2006.18.12.3097.pdf},
  issn = {0899-7667},
  journal = {Neural Computation},
  month = {12},
  number = {12},
  openalex = {W2085560853},
  pages = {3097-3118},
  title = {A Unifying View of Wiener and Volterra Theory and Polynomial Kernel Regression},
  url = {https://doi.org/10.1162/neco.2006.18.12.3097},
  volume = {18},
  year = {2006}
}

@article{10.1162/neco.2006.18.12.3119,
  author = {Öztop, Erhan},
  doi = {10.1162/neco.2006.18.12.3119},
  eprint = {https://direct.mit.edu/neco/article-pdf/18/12/3119/816679/neco.2006.18.12.3119.pdf},
  issn = {0899-7667},
  journal = {Neural Computation},
  month = {12},
  number = {12},
  openalex = {W2164511197},
  pages = {3119-3138},
  title = {An Upper Bound on the Minimum Number of Monomials Required to Separate Dichotomies of {−1, 1}<sup>n</sup>},
  url = {https://doi.org/10.1162/neco.2006.18.12.3119},
  volume = {18},
  year = {2006}
}

@article{10.1162/neco.2006.18.12.3139,
  author = {},
  doi = {10.1162/neco.2006.18.12.3139},
  eprint = {https://direct.mit.edu/neco/article-pdf/18/12/3139/816675/neco.2006.18.12.3139.pdf},
  issn = {0899-7667},
  journal = {Neural Computation},
  month = {12},
  number = {12},
  pages = {3139-3159},
  title = {Index},
  url = {https://doi.org/10.1162/neco.2006.18.12.3139},
  volume = {18},
  year = {2006}
}

@article{10.1162/neco.2006.18.3.497,
  author = {Balas, Benjamin and Sinha, Pawan},
  doi = {10.1162/neco.2006.18.3.497},
  eprint = {https://direct.mit.edu/neco/article-pdf/18/3/497/816496/neco.2006.18.3.497.pdf},
  issn = {0899-7667},
  journal = {Neural Computation},
  month = {03},
  number = {3},
  openalex = {W2114634056},
  pages = {497-520},
  title = {Receptive Field Structures for Recognition},
  url = {https://doi.org/10.1162/neco.2006.18.3.497},
  volume = {18},
  year = {2006}
}

@article{10.1162/neco.2006.18.3.521,
  author = {Yu, Yingwei and Choe, Yoonsuck},
  doi = {10.1162/neco.2006.18.3.521},
  eprint = {https://direct.mit.edu/neco/article-pdf/18/3/521/816498/neco.2006.18.3.521.pdf},
  issn = {0899-7667},
  journal = {Neural Computation},
  month = {03},
  number = {3},
  openalex = {W4238151865},
  pages = {521-544},
  title = {A Neural Model of the Scintillating Grid Illusion: Disinhibition and Self-Inhibition in Early Vision},
  url = {https://doi.org/10.1162/neco.2006.18.3.521},
  volume = {18},
  year = {2006}
}

@article{10.1162/neco.2006.18.3.545,
  author = {Nakahara, Hiroyuki and Amari, Shun-ichi and Richmond, Barry J.},
  doi = {10.1162/neco.2006.18.3.545},
  eprint = {https://direct.mit.edu/neco/article-pdf/18/3/545/816504/neco.2006.18.3.545.pdf},
  issn = {0899-7667},
  journal = {Neural Computation},
  month = {03},
  number = {3},
  pages = {545-568},
  title = {A Comparison of Descriptive Models of a Single Spike Train by Information-Geometric Measure},
  url = {https://doi.org/10.1162/neco.2006.18.3.545},
  volume = {18},
  year = {2006}
}

@article{10.1162/neco.2006.18.3.569,
  author = {Casile, Antonino and Rucci, Michele},
  doi = {10.1162/neco.2006.18.3.569},
  eprint = {https://direct.mit.edu/neco/article-pdf/18/3/569/816502/neco.2006.18.3.569.pdf},
  issn = {0899-7667},
  journal = {Neural Computation},
  month = {03},
  number = {3},
  openalex = {W2111464061},
  pages = {569-590},
  title = {A Theoretical Analysis of the Influence of Fixational Instability on the Development of Thalamocortical Connectivity},
  url = {https://doi.org/10.1162/neco.2006.18.3.569},
  volume = {18},
  year = {2006}
}

@article{10.1162/neco.2006.18.3.591,
  author = {Tiño, Peter and Mills, Ashely J. S.},
  doi = {10.1162/neco.2006.18.3.591},
  eprint = {https://direct.mit.edu/neco/article-pdf/18/3/591/816500/neco.2006.18.3.591.pdf},
  issn = {0899-7667},
  journal = {Neural Computation},
  month = {03},
  number = {3},
  openalex = {W2119074614},
  pages = {591-613},
  title = {Learning Beyond Finite Memory in Recurrent Networks of Spiking Neurons},
  url = {https://doi.org/10.1162/neco.2006.18.3.591},
  volume = {18},
  year = {2006}
}

@article{10.1162/neco.2006.18.3.614,
  author = {Cortés, Jesús M. and Torres, Joaquı́n J. and Marro, Joaquín and Garrido, Pedro L. and Kappen, Hilbert J.},
  doi = {10.1162/neco.2006.18.3.614},
  eprint = {https://direct.mit.edu/neco/article-pdf/18/3/614/816512/neco.2006.18.3.614.pdf},
  issn = {0899-7667},
  journal = {Neural Computation},
  month = {03},
  number = {3},
  openalex = {W2161881756},
  pages = {614-633},
  title = {Effects of Fast Presynaptic Noise in Attractor Neural Networks},
  url = {https://doi.org/10.1162/neco.2006.18.3.614},
  volume = {18},
  year = {2006}
}

@article{10.1162/neco.2006.18.3.634,
  author = {Lerchner, Alexander and Ursta, Cristina and Hertz, John and Ahmadi, Mandana and Ruffiot, Pauline and Enemark, Søren},
  doi = {10.1162/neco.2006.18.3.634},
  eprint = {https://direct.mit.edu/neco/article-pdf/18/3/634/816510/neco.2006.18.3.634.pdf},
  issn = {0899-7667},
  journal = {Neural Computation},
  month = {03},
  number = {3},
  openalex = {W2951389575},
  pages = {634-659},
  title = {Response Variability in Balanced Cortical Networks},
  url = {https://doi.org/10.1162/neco.2006.18.3.634},
  volume = {18},
  year = {2006}
}

@article{10.1162/neco.2006.18.3.660,
  author = {Michel, Melchi M. and Jacobs, Robert A.},
  doi = {10.1162/neco.2006.18.3.660},
  eprint = {https://direct.mit.edu/neco/article-pdf/18/3/660/816508/neco.2006.18.3.660.pdf},
  issn = {0899-7667},
  journal = {Neural Computation},
  month = {03},
  number = {3},
  openalex = {W2062698525},
  pages = {660-682},
  title = {The Costs of Ignoring High-Order Correlations in Populations of Model Neurons},
  url = {https://doi.org/10.1162/neco.2006.18.3.660},
  volume = {18},
  year = {2006}
}

@article{10.1162/neco.2006.18.3.683,
  author = {Lu, Wenlian and Chen, Tianping},
  doi = {10.1162/neco.2006.18.3.683},
  eprint = {https://direct.mit.edu/neco/article-pdf/18/3/683/816506/neco.2006.18.3.683.pdf},
  issn = {0899-7667},
  journal = {Neural Computation},
  month = {03},
  number = {3},
  openalex = {W4229840834},
  pages = {683-708},
  title = {Dynamical Behaviors of Delayed Neural Network Systems with Discontinuous Activation Functions},
  url = {https://doi.org/10.1162/neco.2006.18.3.683},
  volume = {18},
  year = {2006}
}

@article{10.1162/neco.2006.18.3.709,
  author = {Zhu, Xiaolong and Zhang, Xian‐Da and Ye, Jimin},
  doi = {10.1162/neco.2006.18.3.709},
  eprint = {https://direct.mit.edu/neco/article-pdf/18/3/709/816514/neco.2006.18.3.709.pdf},
  issn = {0899-7667},
  journal = {Neural Computation},
  month = {03},
  number = {3},
  openalex = {W2010348312},
  pages = {709-728},
  title = {A Generalized Contrast Function and Stability Analysis for Overdetermined Blind Separation of Instantaneous Mixtures},
  url = {https://doi.org/10.1162/neco.2006.18.3.709},
  volume = {18},
  year = {2006}
}

@article{10.1162/neco.2006.18.3.729,
  author = {Psujek, Sean and Ames, Jeffrey C. and Beer, Randall D.},
  doi = {10.1162/neco.2006.18.3.729},
  eprint = {https://direct.mit.edu/neco/article-pdf/18/3/729/816516/neco.2006.18.3.729.pdf},
  issn = {0899-7667},
  journal = {Neural Computation},
  month = {03},
  number = {3},
  openalex = {W2145642833},
  pages = {729-747},
  title = {Connection and Coordination: The Interplay Between Architecture and Dynamics in Evolved Model Pattern Generators},
  url = {https://doi.org/10.1162/neco.2006.18.3.729},
  volume = {18},
  year = {2006}
}

@article{10.1162/neco.2006.18.4.749,
  author = {Ancona, Nicola and Stramaglia, Sebastiano},
  doi = {10.1162/neco.2006.18.4.749},
  eprint = {https://direct.mit.edu/neco/article-pdf/18/4/749/816524/neco.2006.18.4.749.pdf},
  issn = {0899-7667},
  journal = {Neural Computation},
  month = {04},
  number = {4},
  openalex = {W4240584348},
  pages = {749-759},
  title = {An Invariance Property of Predictors in Kernel-Induced Hypothesis Spaces},
  url = {https://doi.org/10.1162/neco.2006.18.4.749},
  volume = {18},
  year = {2006}
}

@article{10.1162/neco.2006.18.4.760,
  author = {Cheng, Sen and Sabes, Philip N.},
  doi = {10.1162/neco.2006.18.4.760},
  eprint = {https://direct.mit.edu/neco/article-pdf/18/4/760/816522/neco.2006.18.4.760.pdf},
  issn = {0899-7667},
  journal = {Neural Computation},
  month = {04},
  number = {4},
  openalex = {W2060780272},
  pages = {760-793},
  title = {Modeling Sensorimotor Learning with Linear Dynamical Systems},
  url = {https://doi.org/10.1162/neco.2006.18.4.760},
  volume = {18},
  year = {2006}
}

@article{10.1162/neco.2006.18.4.794,
  author = {Kim, Soyoun and Singer, Benjamin H. and Żochowski, Michał},
  doi = {10.1162/neco.2006.18.4.794},
  eprint = {https://direct.mit.edu/neco/article-pdf/18/4/794/816520/neco.2006.18.4.794.pdf},
  issn = {0899-7667},
  journal = {Neural Computation},
  month = {04},
  number = {4},
  openalex = {W1971087956},
  pages = {794-816},
  title = {Changing Roles for Temporal Representation of Odorant During the Oscillatory Response of the Olfactory Bulb},
  url = {https://doi.org/10.1162/neco.2006.18.4.794},
  volume = {18},
  year = {2006}
}

@article{10.1162/neco.2006.18.4.817,
  author = {Govaerts, W. and Sautois, Bart},
  doi = {10.1162/neco.2006.18.4.817},
  eprint = {https://direct.mit.edu/neco/article-pdf/18/4/817/816518/neco.2006.18.4.817.pdf},
  issn = {0899-7667},
  journal = {Neural Computation},
  month = {04},
  number = {4},
  openalex = {W2151094909},
  pages = {817-847},
  title = {Computation of the Phase Response Curve: A Direct Numerical Approach},
  url = {https://doi.org/10.1162/neco.2006.18.4.817},
  volume = {18},
  year = {2006}
}

@article{10.1162/neco.2006.18.4.848,
  author = {Zeng, Zhigang and Wang, Jun},
  doi = {10.1162/neco.2006.18.4.848},
  eprint = {https://direct.mit.edu/neco/article-pdf/18/4/848/816526/neco.2006.18.4.848.pdf},
  issn = {0899-7667},
  journal = {Neural Computation},
  month = {04},
  number = {4},
  openalex = {W4234336054},
  pages = {848-870},
  title = {Multiperiodicity and Exponential Attractivity Evoked by Periodic External Inputs in Delayed Cellular Neural Networks},
  url = {https://doi.org/10.1162/neco.2006.18.4.848},
  volume = {18},
  year = {2006}
}

@article{10.1162/neco.2006.18.4.871,
  author = {Keil, Matthias},
  doi = {10.1162/neco.2006.18.4.871},
  eprint = {https://direct.mit.edu/neco/article-pdf/18/4/871/816532/neco.2006.18.4.871.pdf},
  issn = {0899-7667},
  journal = {Neural Computation},
  month = {04},
  number = {4},
  openalex = {W2057026448},
  pages = {871-903},
  title = {Smooth Gradient Representations as a Unifying Account of Chevreul's Illusion, Mach Bands, and a Variant of the Ehrenstein Disk},
  url = {https://doi.org/10.1162/neco.2006.18.4.871},
  volume = {18},
  year = {2006}
}

@article{10.1162/neco.2006.18.4.904,
  author = {Leibold, Christian and Kempter, Richard},
  doi = {10.1162/neco.2006.18.4.904},
  eprint = {https://direct.mit.edu/neco/article-pdf/18/4/904/816528/neco.2006.18.4.904.pdf},
  issn = {0899-7667},
  journal = {Neural Computation},
  month = {04},
  number = {4},
  openalex = {W1975104024},
  pages = {904-941},
  title = {Memory Capacity for Sequences in a Recurrent Network with Biological Constraints},
  url = {https://doi.org/10.1162/neco.2006.18.4.904},
  volume = {18},
  year = {2006}
}

@article{10.1162/neco.2006.18.4.942,
  author = {Röth, Volker},
  doi = {10.1162/neco.2006.18.4.942},
  eprint = {https://direct.mit.edu/neco/article-pdf/18/4/942/816530/neco.2006.18.4.942.pdf},
  issn = {0899-7667},
  journal = {Neural Computation},
  month = {04},
  number = {4},
  openalex = {W2120625098},
  pages = {942-960},
  title = {Kernel Fisher Discriminants for Outlier Detection},
  url = {https://doi.org/10.1162/neco.2006.18.4.942},
  volume = {18},
  year = {2006}
}

@article{10.1162/neco.2006.18.4.961,
  author = {Bo, Liefeng and Wang, Ling and Jiao, Licheng},
  doi = {10.1162/neco.2006.18.4.961},
  eprint = {https://direct.mit.edu/neco/article-pdf/18/4/961/816534/neco.2006.18.4.961.pdf},
  issn = {0899-7667},
  journal = {Neural Computation},
  month = {04},
  number = {4},
  openalex = {W4244156276},
  pages = {961-978},
  title = {Feature Scaling for Kernel Fisher Discriminant Analysis Using Leave-One-Out Cross Validation},
  url = {https://doi.org/10.1162/neco.2006.18.4.961},
  volume = {18},
  year = {2006}
}

@article{10.1162/neco.2006.18.4.979,
  author = {Zheng, Wenming},
  doi = {10.1162/neco.2006.18.4.979},
  eprint = {https://direct.mit.edu/neco/article-pdf/18/4/979/816536/neco.2006.18.4.979.pdf},
  issn = {0899-7667},
  journal = {Neural Computation},
  month = {04},
  number = {4},
  openalex = {W4206381858},
  pages = {979-1006},
  title = {Class-Incremental Generalized Discriminant Analysis},
  url = {https://doi.org/10.1162/neco.2006.18.4.979},
  volume = {18},
  year = {2006}
}

@article{10.1162/neco.2006.18.5.1007,
  author = {Amari, Shun-ichi and Park, Hyeyoung and Ozeki, Tomoko},
  doi = {10.1162/neco.2006.18.5.1007},
  eprint = {https://direct.mit.edu/neco/article-pdf/18/5/1007/816542/neco.2006.18.5.1007.pdf},
  issn = {0899-7667},
  journal = {Neural Computation},
  month = {05},
  number = {5},
  pages = {1007-1065},
  title = {Singularities Affect Dynamics of Learning in Neuromanifolds},
  url = {https://doi.org/10.1162/neco.2006.18.5.1007},
  volume = {18},
  year = {2006}
}

@article{10.1162/neco.2006.18.5.1066,
  author = {Brunel, Nicolas and Hansel, D.},
  doi = {10.1162/neco.2006.18.5.1066},
  eprint = {https://direct.mit.edu/neco/article-pdf/18/5/1066/816538/neco.2006.18.5.1066.pdf},
  issn = {0899-7667},
  journal = {Neural Computation},
  month = {05},
  number = {5},
  openalex = {W4229773604},
  pages = {1066-1110},
  title = {How Noise Affects the Synchronization Properties of Recurrent Networks of Inhibitory Neurons},
  url = {https://doi.org/10.1162/neco.2006.18.5.1066},
  volume = {18},
  year = {2006}
}

@article{10.1162/neco.2006.18.5.1111,
  author = {Kanamaru, Takashi},
  doi = {10.1162/neco.2006.18.5.1111},
  eprint = {https://direct.mit.edu/neco/article-pdf/18/5/1111/816540/neco.2006.18.5.1111.pdf},
  issn = {0899-7667},
  journal = {Neural Computation},
  month = {05},
  number = {5},
  openalex = {W4241863377},
  pages = {1111-1131},
  title = {Analysis of Synchronization Between Two Modules of Pulse Neural Networks with Excitatory and Inhibitory Connections},
  url = {https://doi.org/10.1162/neco.2006.18.5.1111},
  volume = {18},
  year = {2006}
}

@article{10.1162/neco.2006.18.5.1132,
  author = {Toussaint, Marc},
  doi = {10.1162/neco.2006.18.5.1132},
  eprint = {https://direct.mit.edu/neco/article-pdf/18/5/1132/816544/neco.2006.18.5.1132.pdf},
  issn = {0899-7667},
  journal = {Neural Computation},
  month = {05},
  number = {5},
  openalex = {W2139333458},
  pages = {1132-1155},
  title = {A Sensorimotor Map: Modulating Lateral Interactions for Anticipation and Planning},
  url = {https://doi.org/10.1162/neco.2006.18.5.1132},
  volume = {18},
  year = {2006}
}

@article{10.1162/neco.2006.18.5.1156,
  author = {Geng, Tao and Porr, Bernd and Wörgötter, Florentin},
  doi = {10.1162/neco.2006.18.5.1156},
  eprint = {https://direct.mit.edu/neco/article-pdf/18/5/1156/816546/neco.2006.18.5.1156.pdf},
  issn = {0899-7667},
  journal = {Neural Computation},
  month = {05},
  number = {5},
  openalex = {W2161075061},
  pages = {1156-1196},
  title = {A Reflexive Neural Network for Dynamic Biped Walking Control},
  url = {https://doi.org/10.1162/neco.2006.18.5.1156},
  volume = {18},
  year = {2006}
}

@article{10.1162/neco.2006.18.5.1197,
  author = {Smith, Anne C. and Smith, Peter},
  doi = {10.1162/neco.2006.18.5.1197},
  eprint = {https://direct.mit.edu/neco/article-pdf/18/5/1197/816548/neco.2006.18.5.1197.pdf},
  issn = {0899-7667},
  journal = {Neural Computation},
  month = {05},
  number = {5},
  openalex = {W1965870090},
  pages = {1197-1214},
  title = {A Set Probability Technique for Detecting Relative Time Order Across Multiple Neurons},
  url = {https://doi.org/10.1162/neco.2006.18.5.1197},
  volume = {18},
  year = {2006}
}

@article{10.1162/neco.2006.18.5.1215,
  author = {Pelillo, Marcello and Torsello, Andrea},
  doi = {10.1162/neco.2006.18.5.1215},
  eprint = {https://direct.mit.edu/neco/article-pdf/18/5/1215/816550/neco.2006.18.5.1215.pdf},
  issn = {0899-7667},
  journal = {Neural Computation},
  month = {05},
  number = {5},
  openalex = {W2134317420},
  pages = {1215-1258},
  title = {Payoff-Monotonic Game Dynamics and the Maximum Clique Problem},
  url = {https://doi.org/10.1162/neco.2006.18.5.1215},
  volume = {18},
  year = {2006}
}

@article{10.1162/neco.2006.18.6.1259,
  author = {Amari, Shun-ichi and Nakahara, Hiroyuki},
  doi = {10.1162/neco.2006.18.6.1259},
  eprint = {https://direct.mit.edu/neco/article-pdf/18/6/1259/816684/neco.2006.18.6.1259.pdf},
  issn = {0899-7667},
  journal = {Neural Computation},
  month = {06},
  number = {6},
  pages = {1259-1267},
  title = {Correlation and Independence in the Neural Code},
  url = {https://doi.org/10.1162/neco.2006.18.6.1259},
  volume = {18},
  year = {2006}
}

@article{10.1162/neco.2006.18.6.1268,
  author = {Miller, Paul},
  doi = {10.1162/neco.2006.18.6.1268},
  eprint = {https://direct.mit.edu/neco/article-pdf/18/6/1268/816667/neco.2006.18.6.1268.pdf},
  issn = {0899-7667},
  journal = {Neural Computation},
  month = {06},
  number = {6},
  openalex = {W2075885336},
  pages = {1268-1317},
  title = {Analysis of Spike Statistics in Neuronal Systems with Continuous Attractors or Multiple, Discrete Attractor States},
  url = {https://doi.org/10.1162/neco.2006.18.6.1268},
  volume = {18},
  year = {2006}
}

@article{10.1162/neco.2006.18.6.1318,
  author = {Pfister, Jean-Pascal and Toyoizumi, Taro and Barber, David and Gerstner, Wulfram},
  doi = {10.1162/neco.2006.18.6.1318},
  eprint = {https://direct.mit.edu/neco/article-pdf/18/6/1318/816677/neco.2006.18.6.1318.pdf},
  issn = {0899-7667},
  journal = {Neural Computation},
  month = {06},
  number = {6},
  openalex = {W2024152195},
  pages = {1318-1348},
  title = {Optimal Spike-Timing-Dependent Plasticity for Precise Action Potential Firing in Supervised Learning},
  url = {https://doi.org/10.1162/neco.2006.18.6.1318},
  volume = {18},
  year = {2006}
}

@article{10.1162/neco.2006.18.6.1349,
  author = {Basalyga, Gleb and Salinas, Emilio},
  doi = {10.1162/neco.2006.18.6.1349},
  eprint = {https://direct.mit.edu/neco/article-pdf/18/6/1349/816673/neco.2006.18.6.1349.pdf},
  issn = {0899-7667},
  journal = {Neural Computation},
  month = {06},
  number = {6},
  openalex = {W1996063134},
  pages = {1349-1379},
  title = {When Response Variability Increases Neural Network Robustness to Synaptic Noise},
  url = {https://doi.org/10.1162/neco.2006.18.6.1349},
  volume = {18},
  year = {2006}
}

@article{10.1162/neco.2006.18.6.1380,
  author = {Porr, Bernd and Wörgötter, Florentin},
  doi = {10.1162/neco.2006.18.6.1380},
  eprint = {https://direct.mit.edu/neco/article-pdf/18/6/1380/816681/neco.2006.18.6.1380.pdf},
  issn = {0899-7667},
  journal = {Neural Computation},
  month = {06},
  number = {6},
  openalex = {W2105780862},
  pages = {1380-1412},
  title = {Strongly Improved Stability and Faster Convergence of Temporal Sequence Learning by Using Input Correlations Only},
  url = {https://doi.org/10.1162/neco.2006.18.6.1380},
  volume = {18},
  year = {2006}
}

@article{10.1162/neco.2006.18.6.1413,
  author = {Kazanovich, Yakov and Borisyuk, Roman},
  doi = {10.1162/neco.2006.18.6.1413},
  eprint = {https://direct.mit.edu/neco/article-pdf/18/6/1413/816689/neco.2006.18.6.1413.pdf},
  issn = {0899-7667},
  journal = {Neural Computation},
  month = {06},
  number = {6},
  openalex = {W2156501195},
  pages = {1413-1440},
  title = {An Oscillatory Neural Model of Multiple Object Tracking},
  url = {https://doi.org/10.1162/neco.2006.18.6.1413},
  volume = {18},
  year = {2006}
}

@article{10.1162/neco.2006.18.6.1441,
  author = {Eckes, Christian and Triesch, Jochen and Malsburg, Christoph von der},
  doi = {10.1162/neco.2006.18.6.1441},
  eprint = {https://direct.mit.edu/neco/article-pdf/18/6/1441/816693/neco.2006.18.6.1441.pdf},
  issn = {0899-7667},
  journal = {Neural Computation},
  month = {06},
  number = {6},
  openalex = {W2159504252},
  pages = {1441-1471},
  title = {Analysis of Cluttered Scenes Using an Elastic Matching Approach for Stereo Images},
  url = {https://doi.org/10.1162/neco.2006.18.6.1441},
  volume = {18},
  year = {2006}
}

@article{10.1162/neco.2006.18.6.1472,
  author = {Hochreiter, Sepp and Obermayer, Klaus},
  doi = {10.1162/neco.2006.18.6.1472},
  eprint = {https://direct.mit.edu/neco/article-pdf/18/6/1472/816698/neco.2006.18.6.1472.pdf},
  issn = {0899-7667},
  journal = {Neural Computation},
  month = {06},
  number = {6},
  openalex = {W2064884852},
  pages = {1472-1510},
  title = {Support Vector Machines for Dyadic Data},
  url = {https://doi.org/10.1162/neco.2006.18.6.1472},
  volume = {18},
  year = {2006}
}

@article{10.1162/neco.2006.18.7.1511,
  author = {Brown, W. Michael and Bäcker, Alex},
  doi = {10.1162/neco.2006.18.7.1511},
  eprint = {https://direct.mit.edu/neco/article-pdf/18/7/1511/816560/neco.2006.18.7.1511.pdf},
  issn = {0899-7667},
  journal = {Neural Computation},
  month = {07},
  number = {7},
  pages = {1511-1526},
  title = {Optimal Neuronal Tuning for Finite Stimulus Spaces},
  url = {https://doi.org/10.1162/neco.2006.18.7.1511},
  volume = {18},
  year = {2006}
}

@article{10.1162/neco.2006.18.7.1527,
  author = {Hinton, Geoffrey E. and Osindero, Simon and Teh, Yee-Whye},
  doi = {10.1162/neco.2006.18.7.1527},
  eprint = {https://direct.mit.edu/neco/article-pdf/18/7/1527/816558/neco.2006.18.7.1527.pdf},
  issn = {0899-7667},
  journal = {Neural Computation},
  month = {07},
  number = {7},
  openalex = {W2136922672},
  pages = {1527-1554},
  title = {A Fast Learning Algorithm for Deep Belief Nets},
  url = {https://doi.org/10.1162/neco.2006.18.7.1527},
  volume = {18},
  year = {2006}
}

@article{10.1162/neco.2006.18.7.1555,
  author = {Montemurro, Marcelo A. and Panzeri, Stefano},
  doi = {10.1162/neco.2006.18.7.1555},
  eprint = {https://direct.mit.edu/neco/article-pdf/18/7/1555/816554/neco.2006.18.7.1555.pdf},
  issn = {0899-7667},
  journal = {Neural Computation},
  month = {07},
  number = {7},
  openalex = {W1998218174},
  pages = {1555-1576},
  title = {Optimal Tuning Widths in Population Coding of Periodic Variables},
  url = {https://doi.org/10.1162/neco.2006.18.7.1555},
  volume = {18},
  year = {2006}
}

@article{10.1162/neco.2006.18.7.1577,
  author = {Norman, Kenneth A. and Newman, Ehren L. and Detre, Greg and Polyn, Sean M.},
  doi = {10.1162/neco.2006.18.7.1577},
  eprint = {https://direct.mit.edu/neco/article-pdf/18/7/1577/816556/neco.2006.18.7.1577.pdf},
  issn = {0899-7667},
  journal = {Neural Computation},
  month = {07},
  number = {7},
  openalex = {W2127317012},
  pages = {1577-1610},
  title = {How Inhibitory Oscillations Can Train Neural Networks and Punish Competitors},
  url = {https://doi.org/10.1162/neco.2006.18.7.1577},
  volume = {18},
  year = {2006}
}

@article{10.1162/neco.2006.18.7.1611,
  author = {Zacksenhouse, Miriam and Ahissar, Ehud},
  doi = {10.1162/neco.2006.18.7.1611},
  eprint = {https://direct.mit.edu/neco/article-pdf/18/7/1611/816552/neco.2006.18.7.1611.pdf},
  issn = {0899-7667},
  journal = {Neural Computation},
  month = {07},
  number = {7},
  openalex = {W1993547789},
  pages = {1611-1636},
  title = {Temporal Decoding by Phase-Locked Loops: Unique Features of Circuit-Level Implementations and Their Significance for Vibrissal Information Processing},
  url = {https://doi.org/10.1162/neco.2006.18.7.1611},
  volume = {18},
  year = {2006}
}

@article{10.1162/neco.2006.18.7.1637,
  author = {Daw, Nathaniel D. and Courville, Aaron and Touretzky, David S.},
  doi = {10.1162/neco.2006.18.7.1637},
  eprint = {https://direct.mit.edu/neco/article-pdf/18/7/1637/816564/neco.2006.18.7.1637.pdf},
  issn = {0899-7667},
  journal = {Neural Computation},
  month = {07},
  number = {7},
  openalex = {W2092861175},
  pages = {1637-1677},
  title = {Representation and Timing in Theories of the Dopamine System},
  url = {https://doi.org/10.1162/neco.2006.18.7.1637},
  volume = {18},
  year = {2006}
}

@article{10.1162/neco.2006.18.7.1678,
  author = {Shrestha, D. L. and Solomatine, D. P.},
  doi = {10.1162/neco.2006.18.7.1678},
  eprint = {https://direct.mit.edu/neco/article-pdf/18/7/1678/816566/neco.2006.18.7.1678.pdf},
  issn = {0899-7667},
  journal = {Neural Computation},
  month = {07},
  number = {7},
  pages = {1678-1710},
  title = {Experiments with AdaBoost.RT, an Improved Boosting Scheme for Regression},
  url = {https://doi.org/10.1162/neco.2006.18.7.1678},
  volume = {18},
  year = {2006}
}

@article{10.1162/neco.2006.18.7.1711,
  author = {Garcez, Artur S. d’Avila and Lamb, Luís C.},
  doi = {10.1162/neco.2006.18.7.1711},
  eprint = {https://direct.mit.edu/neco/article-pdf/18/7/1711/816562/neco.2006.18.7.1711.pdf},
  issn = {0899-7667},
  journal = {Neural Computation},
  month = {07},
  number = {7},
  openalex = {W1986941609},
  pages = {1711-1738},
  title = {A Connectionist Computational Model for Epistemic and Temporal Reasoning},
  url = {https://doi.org/10.1162/neco.2006.18.7.1711},
  volume = {18},
  year = {2006}
}

@article{10.1162/neco.2006.18.8.1739,
  author = {Friedman, Nir and Mosenzon, Ori and Slonim, Noam and Tishby, Naftali},
  doi = {10.1162/neco.2006.18.8.1739},
  eprint = {https://direct.mit.edu/neco/article-pdf/18/8/1739/816587/neco.2006.18.8.1739.pdf},
  issn = {0899-7667},
  journal = {Neural Computation},
  month = {08},
  number = {8},
  openalex = {W2785356762},
  pages = {1739-1789},
  title = {Multivariate Information Bottleneck},
  url = {https://doi.org/10.1162/neco.2006.18.8.1739},
  volume = {18},
  year = {2006}
}

@article{10.1162/neco.2006.18.8.1790,
  author = {Girolami, Mark and Rogers, Simon},
  doi = {10.1162/neco.2006.18.8.1790},
  eprint = {https://direct.mit.edu/neco/article-pdf/18/8/1790/816579/neco.2006.18.8.1790.pdf},
  issn = {0899-7667},
  journal = {Neural Computation},
  month = {08},
  number = {8},
  openalex = {W2148319469},
  pages = {1790-1817},
  title = {Variational Bayesian Multinomial Probit Regression with Gaussian Process Priors},
  url = {https://doi.org/10.1162/neco.2006.18.8.1790},
  volume = {18},
  year = {2006}
}

@article{10.1162/neco.2006.18.8.1818,
  author = {Gao, Xingbao and Liao, Li-Zhi},
  doi = {10.1162/neco.2006.18.8.1818},
  eprint = {https://direct.mit.edu/neco/article-pdf/18/8/1818/816583/neco.2006.18.8.1818.pdf},
  issn = {0899-7667},
  journal = {Neural Computation},
  month = {08},
  number = {8},
  openalex = {W2118817910},
  pages = {1818-1846},
  title = {A Novel Neural Network for a Class of Convex Quadratic Minimax Problems},
  url = {https://doi.org/10.1162/neco.2006.18.8.1818},
  volume = {18},
  year = {2006}
}

@article{10.1162/neco.2006.18.8.1847,
  author = {Sripati, Arun P. and Johnson, Kenneth O.},
  doi = {10.1162/neco.2006.18.8.1847},
  eprint = {https://direct.mit.edu/neco/article-pdf/18/8/1847/816581/neco.2006.18.8.1847.pdf},
  issn = {0899-7667},
  journal = {Neural Computation},
  month = {08},
  number = {8},
  pages = {1847-1867},
  title = {Dynamic Gain Changes During Attentional Modulation},
  url = {https://doi.org/10.1162/neco.2006.18.8.1847},
  volume = {18},
  year = {2006}
}

@article{10.1162/neco.2006.18.8.1868,
  author = {Berkes, Pietro and Wiskott, Laurenz},
  doi = {10.1162/neco.2006.18.8.1868},
  eprint = {https://direct.mit.edu/neco/article-pdf/18/8/1868/816585/neco.2006.18.8.1868.pdf},
  issn = {0899-7667},
  journal = {Neural Computation},
  month = {08},
  number = {8},
  openalex = {W2144869872},
  pages = {1868-1895},
  title = {On the Analysis and Interpretation of Inhomogeneous Quadratic Forms as Receptive Fields},
  url = {https://doi.org/10.1162/neco.2006.18.8.1868},
  volume = {18},
  year = {2006}
}

@article{10.1162/neco.2006.18.8.1896,
  author = {Lindner, Benjamin and Longtin, André},
  doi = {10.1162/neco.2006.18.8.1896},
  eprint = {https://direct.mit.edu/neco/article-pdf/18/8/1896/816593/neco.2006.18.8.1896.pdf},
  issn = {0899-7667},
  journal = {Neural Computation},
  month = {08},
  number = {8},
  openalex = {W2110600770},
  pages = {1896-1931},
  title = {Comment on “Characterization of Subthreshold Voltage Fluctuations in Neuronal Membranes,” by M. Rudolph and A. Destexhe},
  url = {https://doi.org/10.1162/neco.2006.18.8.1896},
  volume = {18},
  year = {2006}
}

@article{10.1162/neco.2006.18.8.1932,
  author = {Washizawa, Yoshikazu and Yamashita, Yukihiko},
  doi = {10.1162/neco.2006.18.8.1932},
  eprint = {https://direct.mit.edu/neco/article-pdf/18/8/1932/816597/neco.2006.18.8.1932.pdf},
  issn = {0899-7667},
  journal = {Neural Computation},
  month = {08},
  number = {8},
  openalex = {W2021428768},
  pages = {1932-1950},
  title = {Kernel Projection Classifiers with Suppressing Features of Other Classes},
  url = {https://doi.org/10.1162/neco.2006.18.8.1932},
  volume = {18},
  year = {2006}
}

@article{10.1162/neco.2006.18.8.1951,
  author = {Shamir, Maoz and Sompolinsky, Haim},
  doi = {10.1162/neco.2006.18.8.1951},
  eprint = {https://direct.mit.edu/neco/article-pdf/18/8/1951/816591/neco.2006.18.8.1951.pdf},
  issn = {0899-7667},
  journal = {Neural Computation},
  month = {08},
  number = {8},
  openalex = {W2068516834},
  pages = {1951-1986},
  title = {Implications of Neuronal Diversity on Population Coding},
  url = {https://doi.org/10.1162/neco.2006.18.8.1951},
  volume = {18},
  year = {2006}
}

@article{10.1162/neco.2006.18.8.1987,
  author = {Pinzolas, Miguel and Toledo, Ana and Pedreño, Juan Luís},
  doi = {10.1162/neco.2006.18.8.1987},
  eprint = {https://direct.mit.edu/neco/article-pdf/18/8/1987/816589/neco.2006.18.8.1987.pdf},
  issn = {0899-7667},
  journal = {Neural Computation},
  month = {08},
  number = {8},
  openalex = {W2080029628},
  pages = {1987-2003},
  title = {A Neighborhood-Based Enhancement of the Gauss-Newton Bayesian Regularization Training Method},
  url = {https://doi.org/10.1162/neco.2006.18.8.1987},
  volume = {18},
  year = {2006}
}

@article{10.1162/neco.2006.18.8.2004,
  author = {Brette, Romain},
  doi = {10.1162/neco.2006.18.8.2004},
  eprint = {https://direct.mit.edu/neco/article-pdf/18/8/2004/816595/neco.2006.18.8.2004.pdf},
  issn = {0899-7667},
  journal = {Neural Computation},
  month = {08},
  number = {8},
  openalex = {W2118388570},
  pages = {2004-2027},
  title = {Exact Simulation of Integrate-and-Fire Models with Synaptic Conductances},
  url = {https://doi.org/10.1162/neco.2006.18.8.2004},
  volume = {18},
  year = {2006}
}

@article{10.1162/neco.2006.18.9.2029,
  author = {Shao, Jie and Tsao, Tzu-Hsin B. and Butera, Robert J.},
  doi = {10.1162/neco.2006.18.9.2029},
  eprint = {https://direct.mit.edu/neco/article-pdf/18/9/2029/816721/neco.2006.18.9.2029.pdf},
  issn = {0899-7667},
  journal = {Neural Computation},
  month = {09},
  number = {9},
  openalex = {W2096082060},
  pages = {2029-2035},
  title = {Bursting Without Slow Kinetics: A Role for a Small World?},
  url = {https://doi.org/10.1162/neco.2006.18.9.2029},
  volume = {18},
  year = {2006}
}

@article{10.1162/neco.2006.18.9.2036,
  author = {Silva, Luís M. and Felgueiras, Carlos S. and Alexandre, Luı́s A. and Sá, Joaquim Marques de},
  doi = {10.1162/neco.2006.18.9.2036},
  eprint = {https://direct.mit.edu/neco/article-pdf/18/9/2036/816726/neco.2006.18.9.2036.pdf},
  issn = {0899-7667},
  journal = {Neural Computation},
  month = {09},
  number = {9},
  openalex = {W2117843303},
  pages = {2036-2061},
  title = {Error Entropy in Classification Problems: A Univariate Data Analysis},
  url = {https://doi.org/10.1162/neco.2006.18.9.2036},
  volume = {18},
  year = {2006}
}

@article{10.1162/neco.2006.18.9.2062,
  author = {Basak, Jayanta},
  doi = {10.1162/neco.2006.18.9.2062},
  eprint = {https://direct.mit.edu/neco/article-pdf/18/9/2062/816717/neco.2006.18.9.2062.pdf},
  issn = {0899-7667},
  journal = {Neural Computation},
  month = {09},
  number = {9},
  pages = {2062-2101},
  title = {Online Adaptive Decision Trees: Pattern Classification and Function Approximation},
  url = {https://doi.org/10.1162/neco.2006.18.9.2062},
  volume = {18},
  year = {2006}
}

@article{10.1162/neco.2006.18.9.2102,
  author = {Polavieja, Gonzalo G. de},
  doi = {10.1162/neco.2006.18.9.2102},
  eprint = {https://direct.mit.edu/neco/article-pdf/18/9/2102/816712/neco.2006.18.9.2102.pdf},
  issn = {0899-7667},
  journal = {Neural Computation},
  month = {09},
  number = {9},
  openalex = {W2072918381},
  pages = {2102-2121},
  title = {Neuronal Algorithms That Detect the Temporal Order of Events},
  url = {https://doi.org/10.1162/neco.2006.18.9.2102},
  volume = {18},
  year = {2006}
}

@article{10.1162/neco.2006.18.9.2122,
  author = {Unsworth, Charles P. and Coghill, G.G.},
  doi = {10.1162/neco.2006.18.9.2122},
  eprint = {https://direct.mit.edu/neco/article-pdf/18/9/2122/816731/neco.2006.18.9.2122.pdf},
  issn = {0899-7667},
  journal = {Neural Computation},
  month = {09},
  number = {9},
  openalex = {W2056487907},
  pages = {2122-2145},
  title = {Excessive Noise Injection Training of Neural Networks for Markerless Tracking in Obscured and Segmented Environments},
  url = {https://doi.org/10.1162/neco.2006.18.9.2122},
  volume = {18},
  year = {2006}
}

@article{10.1162/neco.2006.18.9.2146,
  author = {Rudolph, Michelle and Destexhe, Alain},
  doi = {10.1162/neco.2006.18.9.2146},
  eprint = {https://direct.mit.edu/neco/article-pdf/18/9/2146/816740/neco.2006.18.9.2146.pdf},
  issn = {0899-7667},
  journal = {Neural Computation},
  month = {09},
  number = {9},
  openalex = {W2147227942},
  pages = {2146-2210},
  title = {Analytical Integrate-and-Fire Neuron Models with Conductance-Based Dynamics for Event-Driven Simulation Strategies},
  url = {https://doi.org/10.1162/neco.2006.18.9.2146},
  volume = {18},
  year = {2006}
}

@article{10.1162/neco.2006.18.9.2211,
  author = {Jacobsson, Henrik},
  doi = {10.1162/neco.2006.18.9.2211},
  eprint = {https://direct.mit.edu/neco/article-pdf/18/9/2211/816735/neco.2006.18.9.2211.pdf},
  issn = {0899-7667},
  journal = {Neural Computation},
  month = {09},
  number = {9},
  openalex = {W1971566778},
  pages = {2211-2255},
  title = {The Crystallizing Substochastic Sequential Machine Extractor: CrySSMEx},
  url = {https://doi.org/10.1162/neco.2006.18.9.2211},
  volume = {18},
  year = {2006}
}

@article{10.1162/neco.2006.18.9.2256,
  author = {Zeitler, Magteld and Fries, Pascal and Gielen, Stan},
  doi = {10.1162/neco.2006.18.9.2256},
  eprint = {https://direct.mit.edu/neco/article-pdf/18/9/2256/816738/neco.2006.18.9.2256.pdf},
  issn = {0899-7667},
  journal = {Neural Computation},
  month = {09},
  number = {9},
  openalex = {W2151335222},
  pages = {2256-2281},
  title = {Assessing Neuronal Coherence with Single-Unit, Multi-Unit, and Local Field Potentials},
  url = {https://doi.org/10.1162/neco.2006.18.9.2256},
  volume = {18},
  year = {2006}
}
