@article{10.1162/NECO_a_00058,
  author = {Pillow, Jonathan W. and Ahmadian, Yashar and Paninski, Liam},
  doi = {10.1162/NECO_a_00058},
  eprint = {https://direct.mit.edu/neco/article-pdf/23/1/1/845636/neco_a_00058.pdf},
  issn = {0899-7667},
  journal = {Neural Computation},
  month = {01},
  number = {1},
  openalex = {W2103043773},
  pages = {1-45},
  title = {Model-Based Decoding, Information Estimation, and Change-Point Detection Techniques for Multineuron Spike Trains},
  url = {https://doi.org/10.1162/NECO_a_00058},
  volume = {23},
  year = {2011}
}

@article{10.1162/NECO_a_00059,
  author = {Ahmadian, Yashar and Pillow, Jonathan W. and Paninski, Liam},
  doi = {10.1162/NECO_a_00059},
  eprint = {https://direct.mit.edu/neco/article-pdf/23/1/46/846918/neco_a_00059.pdf},
  issn = {0899-7667},
  journal = {Neural Computation},
  month = {01},
  number = {1},
  openalex = {W2126334242},
  pages = {46-96},
  title = {Efficient Markov Chain Monte Carlo Methods for Decoding Neural Spike Trains},
  url = {https://doi.org/10.1162/NECO_a_00059},
  volume = {23},
  year = {2011}
}

@article{10.1162/NECO_a_00060,
  author = {Jamshidi, Arta A. and Kirby, Michael},
  doi = {10.1162/NECO_a_00060},
  eprint = {https://direct.mit.edu/neco/article-pdf/23/1/97/844973/neco_a_00060.pdf},
  issn = {0899-7667},
  journal = {Neural Computation},
  month = {01},
  number = {1},
  openalex = {W2152071649},
  pages = {97-123},
  title = {Modeling Multivariate Time Series on Manifolds with Skew Radial Basis Functions},
  url = {https://doi.org/10.1162/NECO_a_00060},
  volume = {23},
  year = {2011}
}

@article{10.1162/NECO_a_00061,
  author = {Elliott, Terry},
  doi = {10.1162/NECO_a_00061},
  eprint = {https://direct.mit.edu/neco/article-pdf/23/1/124/848166/neco_a_00061.pdf},
  issn = {0899-7667},
  journal = {Neural Computation},
  month = {01},
  number = {1},
  openalex = {W2054542455},
  pages = {124-159},
  title = {The Mean Time to Express Synaptic Plasticity in Integrate-and-Express, Stochastic Models of Synaptic Plasticity Induction},
  url = {https://doi.org/10.1162/NECO_a_00061},
  volume = {23},
  year = {2011}
}

@article{10.1162/NECO_a_00062,
  author = {Suzuki, Taiji and Sugiyama, Masashi},
  doi = {10.1162/NECO_a_00062},
  eprint = {https://direct.mit.edu/neco/article-pdf/23/1/284/844828/neco_a_00062.pdf},
  issn = {0899-7667},
  journal = {Neural Computation},
  month = {01},
  number = {1},
  openalex = {W2111471653},
  pages = {284-301},
  title = {Least-Squares Independent Component Analysis},
  url = {https://doi.org/10.1162/NECO_a_00062},
  volume = {23},
  year = {2011}
}

@article{10.1162/NECO_a_00063,
  author = {Yang, Chenhui and Olson, Byron and Si, Jennie},
  doi = {10.1162/NECO_a_00063},
  eprint = {https://direct.mit.edu/neco/article-pdf/23/1/215/845314/neco_a_00063.pdf},
  issn = {0899-7667},
  journal = {Neural Computation},
  month = {01},
  number = {1},
  openalex = {W2145789738},
  pages = {215-250},
  title = {A Multiscale Correlation of Wavelet Coefficients Approach to Spike Detection},
  url = {https://doi.org/10.1162/NECO_a_00063},
  volume = {23},
  year = {2011}
}

@article{10.1162/NECO_a_00064,
  author = {Hannagan, Thomas and Dandurand, Frédéric and Grainger, Jonathan},
  doi = {10.1162/NECO_a_00064},
  eprint = {https://direct.mit.edu/neco/article-pdf/23/1/251/846184/neco_a_00064.pdf},
  issn = {0899-7667},
  journal = {Neural Computation},
  month = {01},
  number = {1},
  openalex = {W2108982805},
  pages = {251-283},
  title = {Broken Symmetries in a Location-Invariant Word Recognition Network},
  url = {https://doi.org/10.1162/NECO_a_00064},
  volume = {23},
  year = {2011}
}

@article{10.1162/NECO_a_00065,
  author = {Buibas, Marius and Silva, Gabriel A.},
  doi = {10.1162/NECO_a_00065},
  eprint = {https://direct.mit.edu/neco/article-pdf/23/1/183/846225/neco_a_00065.pdf},
  issn = {0899-7667},
  journal = {Neural Computation},
  month = {01},
  number = {1},
  openalex = {W2042060110},
  pages = {183-214},
  title = {A Framework for Simulating and Estimating the State and Functional Topology of Complex Dynamic Geometric Networks},
  url = {https://doi.org/10.1162/NECO_a_00065},
  volume = {23},
  year = {2011}
}

@article{10.1162/NECO_a_00066,
  author = {Martens, S. M. M. and Mooij, J. M. and Hill, N. J. and Farquhar, J. and Schölkopf, B.},
  doi = {10.1162/NECO_a_00066},
  eprint = {https://direct.mit.edu/neco/article-pdf/23/1/160/846569/neco_a_00066.pdf},
  issn = {0899-7667},
  journal = {Neural Computation},
  month = {01},
  number = {1},
  pages = {160-182},
  title = {A Graphical Model Framework for Decoding in the Visual ERP-Based BCI Speller},
  url = {https://doi.org/10.1162/NECO_a_00066},
  volume = {23},
  year = {2011}
}

@article{10.1162/NECO_a_00072,
  author = {Sprekeler, Henning and Wiskott, Laurenz},
  doi = {10.1162/NECO_a_00072},
  eprint = {https://direct.mit.edu/neco/article-pdf/23/2/303/845897/neco_a_00072.pdf},
  issn = {0899-7667},
  journal = {Neural Computation},
  month = {02},
  number = {2},
  openalex = {W2035394153},
  pages = {303-335},
  title = {A Theory of Slow Feature Analysis for Transformation-Based Input Signals with an Application to Complex Cells},
  url = {https://doi.org/10.1162/NECO_a_00072},
  volume = {23},
  year = {2011}
}

@article{10.1162/NECO_a_00073,
  author = {Magdoom, Kulam Najmudeen and Subramanian, Deepak and Chakravarthy, V. Srinivasa and Ravindran, Balaraman and Амари, Шун-ичи and Meenakshisundaram, N.},
  doi = {10.1162/NECO_a_00073},
  eprint = {https://direct.mit.edu/neco/article-pdf/23/2/477/845462/neco_a_00073.pdf},
  issn = {0899-7667},
  journal = {Neural Computation},
  month = {02},
  number = {2},
  openalex = {W2054639316},
  pages = {477-516},
  title = {Modeling Basal Ganglia for Understanding Parkinsonian Reaching Movements},
  url = {https://doi.org/10.1162/NECO_a_00073},
  volume = {23},
  year = {2011}
}

@article{10.1162/NECO_a_00074,
  author = {Khalidov, Vasil and Forbes, Florence and Horaud, Radu},
  doi = {10.1162/NECO_a_00074},
  eprint = {https://direct.mit.edu/neco/article-pdf/23/2/517/848917/neco_a_00074.pdf},
  issn = {0899-7667},
  journal = {Neural Computation},
  month = {02},
  number = {2},
  openalex = {W2011699475},
  pages = {517-557},
  title = {Conjugate Mixture Models for Clustering Multimodal Data},
  url = {https://doi.org/10.1162/NECO_a_00074},
  volume = {23},
  year = {2011}
}

@article{10.1162/NECO_a_00075,
  author = {Mortimer, Duncan and Dayan, Peter and Burrage, Kevin and Goodhill, Geoffrey J.},
  doi = {10.1162/NECO_a_00075},
  eprint = {https://direct.mit.edu/neco/article-pdf/23/2/336/847396/neco_a_00075.pdf},
  issn = {0899-7667},
  journal = {Neural Computation},
  month = {02},
  number = {2},
  openalex = {W2009607462},
  pages = {336-373},
  title = {Bayes-Optimal Chemotaxis},
  url = {https://doi.org/10.1162/NECO_a_00075},
  volume = {23},
  year = {2011}
}

@article{10.1162/NECO_a_00076,
  author = {Raphan, Martin and Simoncelli, Eero P.},
  doi = {10.1162/NECO_a_00076},
  eprint = {https://direct.mit.edu/neco/article-pdf/23/2/374/846354/neco_a_00076.pdf},
  issn = {0899-7667},
  journal = {Neural Computation},
  month = {02},
  number = {2},
  openalex = {W2212271491},
  pages = {374-420},
  title = {Least Squares Estimation Without Priors or Supervision},
  url = {https://doi.org/10.1162/NECO_a_00076},
  volume = {23},
  year = {2011}
}

@article{10.1162/NECO_a_00077,
  author = {Mill, Robert and Coath, Martin and Wennekers, Thomas and Denham, Susan L.},
  doi = {10.1162/NECO_a_00077},
  eprint = {https://direct.mit.edu/neco/article-pdf/23/2/435/847794/neco_a_00077.pdf},
  issn = {0899-7667},
  journal = {Neural Computation},
  month = {02},
  number = {2},
  openalex = {W2098725951},
  pages = {435-476},
  title = {Abstract Stimulus-Specific Adaptation Models},
  url = {https://doi.org/10.1162/NECO_a_00077},
  volume = {23},
  year = {2011}
}

@article{10.1162/NECO_a_00078,
  author = {Dong, Yi and Mihalaş, Ştefan and Niebur, Ernst},
  doi = {10.1162/NECO_a_00078},
  eprint = {https://direct.mit.edu/neco/article-pdf/23/2/421/845243/neco_a_00078.pdf},
  issn = {0899-7667},
  journal = {Neural Computation},
  month = {02},
  number = {2},
  openalex = {W2071080637},
  pages = {421-434},
  title = {Improved Integral Equation Solution for the First Passage Time of Leaky Integrate-and-Fire Neurons},
  url = {https://doi.org/10.1162/NECO_a_00078},
  volume = {23},
  year = {2011}
}

@article{10.1162/NECO_a_00079,
  author = {Mirian, Maryam S. and Ahmadabadi, Majid Nili and Araabi, Babak N. and Siegwart, Roland R.},
  doi = {10.1162/NECO_a_00079},
  eprint = {https://direct.mit.edu/neco/article-pdf/23/2/558/845168/neco_a_00079.pdf},
  issn = {0899-7667},
  journal = {Neural Computation},
  month = {02},
  number = {2},
  pages = {558-591},
  title = {Learning Active Fusion of Multiple Experts' Decisions: An Attention-Based Approach},
  url = {https://doi.org/10.1162/NECO_a_00079},
  volume = {23},
  year = {2011}
}

@article{10.1162/NECO_a_00084,
  author = {Bergstra, James and Bengio, Yoshua and Louradour, Jérôme},
  doi = {10.1162/NECO_a_00084},
  eprint = {https://direct.mit.edu/neco/article-pdf/23/3/774/849423/neco_a_00084.pdf},
  issn = {0899-7667},
  journal = {Neural Computation},
  month = {03},
  number = {3},
  openalex = {W2127815213},
  pages = {774-790},
  title = {Suitability of V1 Energy Models for Object Classification},
  url = {https://doi.org/10.1162/NECO_a_00084},
  volume = {23},
  year = {2011}
}

@article{10.1162/NECO_a_00085,
  author = {Fischer, Asja and Igel, Christian},
  doi = {10.1162/NECO_a_00085},
  eprint = {https://direct.mit.edu/neco/article-pdf/23/3/664/849486/neco_a_00085.pdf},
  issn = {0899-7667},
  journal = {Neural Computation},
  month = {03},
  number = {3},
  openalex = {W2076878942},
  pages = {664-673},
  title = {Bounding the Bias of Contrastive Divergence Learning},
  url = {https://doi.org/10.1162/NECO_a_00085},
  volume = {23},
  year = {2011}
}

@article{10.1162/NECO_a_00086,
  author = {Roux, Nicolas Le and Heess, Nicolas and Shotton, Jamie and Winn, John},
  doi = {10.1162/NECO_a_00086},
  eprint = {https://direct.mit.edu/neco/article-pdf/23/3/593/849559/neco_a_00086.pdf},
  issn = {0899-7667},
  journal = {Neural Computation},
  month = {03},
  number = {3},
  openalex = {W2171145682},
  pages = {593-650},
  title = {Learning a Generative Model of Images by Factoring Appearance and Shape},
  url = {https://doi.org/10.1162/NECO_a_00086},
  volume = {23},
  year = {2011}
}

@article{10.1162/NECO_a_00087,
  author = {Romani, Sandro and Sejnowski, Terrence J. and Tsodyks, Misha},
  doi = {10.1162/NECO_a_00087},
  eprint = {https://direct.mit.edu/neco/article-pdf/23/3/651/849419/neco_a_00087.pdf},
  issn = {0899-7667},
  journal = {Neural Computation},
  month = {03},
  number = {3},
  openalex = {W2109606498},
  pages = {651-655},
  title = {Intracellular Dynamics of Virtual Place Cells},
  url = {https://doi.org/10.1162/NECO_a_00087},
  volume = {23},
  year = {2011}
}

@article{10.1162/NECO_a_00088,
  author = {Elliott, Terry},
  doi = {10.1162/NECO_a_00088},
  eprint = {https://direct.mit.edu/neco/article-pdf/23/3/674/849928/neco_a_00088.pdf},
  issn = {0899-7667},
  journal = {Neural Computation},
  month = {03},
  number = {3},
  openalex = {W2004144517},
  pages = {674-734},
  title = {Stability Against Fluctuations: Scaling, Bifurcations, and Spontaneous Symmetry Breaking in Stochastic Models of Synaptic Plasticity},
  url = {https://doi.org/10.1162/NECO_a_00088},
  volume = {23},
  year = {2011}
}

@article{10.1162/NECO_a_00089,
  author = {Vidaurre, Carmen and Sannelli, Claudia and Müller, Klaus‐Robert and Blankertz, Benjamin},
  doi = {10.1162/NECO_a_00089},
  eprint = {https://direct.mit.edu/neco/article-pdf/23/3/791/849441/neco_a_00089.pdf},
  issn = {0899-7667},
  journal = {Neural Computation},
  month = {03},
  number = {3},
  openalex = {W2068654413},
  pages = {791-816},
  title = {Machine-Learning-Based Coadaptive Calibration for Brain-Computer Interfaces},
  url = {https://doi.org/10.1162/NECO_a_00089},
  volume = {23},
  year = {2011}
}

@article{10.1162/NECO_a_00090,
  author = {Christodoulou, Chris and Cleanthous, Aristodemos},
  doi = {10.1162/NECO_a_00090},
  eprint = {https://direct.mit.edu/neco/article-pdf/23/3/656/849483/neco_a_00090.pdf},
  issn = {0899-7667},
  journal = {Neural Computation},
  month = {03},
  number = {3},
  openalex = {W2170373821},
  pages = {656-663},
  title = {Does High Firing Irregularity Enhance Learning?},
  url = {https://doi.org/10.1162/NECO_a_00090},
  volume = {23},
  year = {2011}
}

@article{10.1162/NECO_a_00091,
  author = {Rutishauser, Ueli and Douglas, Rodney J. and Slotine, Jean-Jacques},
  doi = {10.1162/NECO_a_00091},
  eprint = {https://direct.mit.edu/neco/article-pdf/23/3/735/849727/neco_a_00091.pdf},
  issn = {0899-7667},
  journal = {Neural Computation},
  month = {03},
  number = {3},
  openalex = {W3104133773},
  pages = {735-773},
  title = {Collective Stability of Networks of Winner-Take-All Circuits},
  url = {https://doi.org/10.1162/NECO_a_00091},
  volume = {23},
  year = {2011}
}

@article{10.1162/NECO_a_00096,
  author = {Hoshino, Osamu},
  doi = {10.1162/NECO_a_00096},
  eprint = {https://direct.mit.edu/neco/article-pdf/23/4/958/849881/neco_a_00096.pdf},
  issn = {0899-7667},
  journal = {Neural Computation},
  month = {04},
  number = {4},
  openalex = {W2023176253},
  pages = {958-983},
  title = {Neuronal Responses Below Firing Threshold for Subthreshold Cross-Modal Enhancement},
  url = {https://doi.org/10.1162/NECO_a_00096},
  volume = {23},
  year = {2011}
}

@article{10.1162/NECO_a_00097,
  author = {Lulham, Andrew and Bogacz, Rafał and Vogt, Simon and Brown, Malcolm W.},
  doi = {10.1162/NECO_a_00097},
  eprint = {https://direct.mit.edu/neco/article-pdf/23/4/909/849678/neco_a_00097.pdf},
  issn = {0899-7667},
  journal = {Neural Computation},
  month = {04},
  number = {4},
  openalex = {W2032018123},
  pages = {909-926},
  title = {An Infomax Algorithm Can Perform Both Familiarity Discrimination and Feature Extraction in a Single Network},
  url = {https://doi.org/10.1162/NECO_a_00097},
  volume = {23},
  year = {2011}
}

@article{10.1162/NECO_a_00098,
  author = {Volman, Vladislav and Gerkin, Richard C.},
  doi = {10.1162/NECO_a_00098},
  eprint = {https://direct.mit.edu/neco/article-pdf/23/4/927/849695/neco_a_00098.pdf},
  issn = {0899-7667},
  journal = {Neural Computation},
  month = {04},
  number = {4},
  openalex = {W2137125445},
  pages = {927-957},
  title = {Synaptic Scaling Stabilizes Persistent Activity Driven by Asynchronous Neurotransmitter Release},
  url = {https://doi.org/10.1162/NECO_a_00098},
  volume = {23},
  year = {2011}
}

@article{10.1162/NECO_a_00099,
  author = {Brasselet, Romain and Johansson, Roland S. and Arleo, Angelo},
  doi = {10.1162/NECO_a_00099},
  eprint = {https://direct.mit.edu/neco/article-pdf/23/4/852/850291/neco_a_00099.pdf},
  issn = {0899-7667},
  journal = {Neural Computation},
  month = {04},
  number = {4},
  openalex = {W2153384964},
  pages = {852-881},
  title = {Quantifying Neurotransmission Reliability Through Metrics-Based Information Analysis},
  url = {https://doi.org/10.1162/NECO_a_00099},
  volume = {23},
  year = {2011}
}

@article{10.1162/NECO_a_00100,
  author = {Coulon, Antoine and Beslon, Guillaume and Soula, Hédi},
  doi = {10.1162/NECO_a_00100},
  eprint = {https://direct.mit.edu/neco/article-pdf/23/4/882/850350/neco_a_00100.pdf},
  issn = {0899-7667},
  journal = {Neural Computation},
  month = {04},
  number = {4},
  openalex = {W2126823447},
  pages = {882-908},
  title = {Enhanced Stimulus Encoding Capabilities with Spectral Selectivity in Inhibitory Circuits by STDP},
  url = {https://doi.org/10.1162/NECO_a_00100},
  volume = {23},
  year = {2011}
}

@article{10.1162/NECO_a_00101,
  author = {Mohan, Ashwin and Pendyam, Sandeep and Kalivas, Peter W. and Nair, Satish S.},
  doi = {10.1162/NECO_a_00101},
  eprint = {https://direct.mit.edu/neco/article-pdf/23/4/984/849665/neco_a_00101.pdf},
  issn = {0899-7667},
  journal = {Neural Computation},
  month = {04},
  number = {4},
  openalex = {W1977617936},
  pages = {984-1014},
  title = {Molecular Diffusion Model of Neurotransmitter Homeostasis Around Synapses Supporting Gradients},
  url = {https://doi.org/10.1162/NECO_a_00101},
  volume = {23},
  year = {2011}
}

@article{10.1162/NECO_a_00102,
  author = {Medina, José M.},
  doi = {10.1162/NECO_a_00102},
  eprint = {https://direct.mit.edu/neco/article-pdf/23/4/1015/850090/neco_a_00102.pdf},
  issn = {0899-7667},
  journal = {Neural Computation},
  month = {04},
  number = {4},
  openalex = {W2138063654},
  pages = {1015-1046},
  title = {Effects of Multiplicative Power Law Neural Noise in Visual Information Processing},
  url = {https://doi.org/10.1162/NECO_a_00102},
  volume = {23},
  year = {2011}
}

@article{10.1162/NECO_a_00103,
  author = {Bogacz, Rafał and Larsen, Tobias},
  doi = {10.1162/NECO_a_00103},
  eprint = {https://direct.mit.edu/neco/article-pdf/23/4/817/849829/neco_a_00103.pdf},
  issn = {0899-7667},
  journal = {Neural Computation},
  month = {04},
  number = {4},
  openalex = {W2029786645},
  pages = {817-851},
  title = {Integration of Reinforcement Learning and Optimal Decision-Making Theories of the Basal Ganglia},
  url = {https://doi.org/10.1162/NECO_a_00103},
  volume = {23},
  year = {2011}
}

@article{10.1162/NECO_a_00104,
  author = {Ribeiro, Fabiano L. and Opper, Manfred},
  doi = {10.1162/NECO_a_00104},
  eprint = {https://direct.mit.edu/neco/article-pdf/23/4/1047/850423/neco_a_00104.pdf},
  issn = {0899-7667},
  journal = {Neural Computation},
  month = {04},
  number = {4},
  openalex = {W2018173956},
  pages = {1047-1069},
  title = {Expectation Propagation with Factorizing Distributions: A Gaussian Approximation and Performance Results for Simple Models},
  url = {https://doi.org/10.1162/NECO_a_00104},
  volume = {23},
  year = {2011}
}

@article{10.1162/NECO_a_00109,
  author = {Takiyama, Ken and Okada, Masato},
  doi = {10.1162/NECO_a_00109},
  eprint = {https://direct.mit.edu/neco/article-pdf/23/5/1205/856753/neco_a_00109.pdf},
  issn = {0899-7667},
  journal = {Neural Computation},
  month = {05},
  number = {5},
  openalex = {W1988522300},
  pages = {1205-1233},
  title = {Detection of Hidden Structures in Nonstationary Spike Trains},
  url = {https://doi.org/10.1162/NECO_a_00109},
  volume = {23},
  year = {2011}
}

@article{10.1162/NECO_a_00110,
  author = {Villmann, Thomas and Haase, Sven},
  doi = {10.1162/NECO_a_00110},
  eprint = {https://direct.mit.edu/neco/article-pdf/23/5/1343/857036/neco_a_00110.pdf},
  issn = {0899-7667},
  journal = {Neural Computation},
  month = {05},
  number = {5},
  openalex = {W2134146049},
  pages = {1343-1392},
  title = {Divergence-Based Vector Quantization},
  url = {https://doi.org/10.1162/NECO_a_00110},
  volume = {23},
  year = {2011}
}

@article{10.1162/NECO_a_00111,
  author = {Lu, Yao and Sato, Yuzuru and Amari, Shun-ichi},
  doi = {10.1162/NECO_a_00111},
  eprint = {https://direct.mit.edu/neco/article-pdf/23/5/1248/856364/neco_a_00111.pdf},
  issn = {0899-7667},
  journal = {Neural Computation},
  month = {05},
  number = {5},
  pages = {1248-1260},
  title = {Traveling Bumps and Their Collisions in a Two-Dimensional Neural Field},
  url = {https://doi.org/10.1162/NECO_a_00111},
  volume = {23},
  year = {2011}
}

@article{10.1162/NECO_a_00112,
  author = {Kaabi, Mohamed Ghaith and Tonnelier, Arnaud and Martinez, Dominique},
  doi = {10.1162/NECO_a_00112},
  eprint = {https://direct.mit.edu/neco/article-pdf/23/5/1187/856559/neco_a_00112.pdf},
  issn = {0899-7667},
  journal = {Neural Computation},
  month = {05},
  number = {5},
  openalex = {W2008911295},
  pages = {1187-1204},
  title = {On the Performance of Voltage Stepping for the Simulation of Adaptive, Nonlinear Integrate-and-Fire Neuronal Networks},
  url = {https://doi.org/10.1162/NECO_a_00112},
  volume = {23},
  year = {2011}
}

@article{10.1162/NECO_a_00113,
  author = {Montúfar, Guido and Ay, Nihat},
  doi = {10.1162/NECO_a_00113},
  eprint = {https://direct.mit.edu/neco/article-pdf/23/5/1306/856648/neco_a_00113.pdf},
  issn = {0899-7667},
  journal = {Neural Computation},
  month = {05},
  number = {5},
  openalex = {W2093559122},
  pages = {1306-1319},
  title = {Refinements of Universal Approximation Results for Deep Belief Networks and Restricted Boltzmann Machines},
  url = {https://doi.org/10.1162/NECO_a_00113},
  volume = {23},
  year = {2011}
}

@article{10.1162/NECO_a_00114,
  author = {Pressley, Joanna and Troyer, Todd W.},
  doi = {10.1162/NECO_a_00114},
  eprint = {https://direct.mit.edu/neco/article-pdf/23/5/1234/856616/neco_a_00114.pdf},
  issn = {0899-7667},
  journal = {Neural Computation},
  month = {05},
  number = {5},
  openalex = {W2000902624},
  pages = {1234-1247},
  title = {The Dynamics of Integrate-and-Fire: Mean Versus Variance Modulations and Dependence on Baseline Parameters},
  url = {https://doi.org/10.1162/NECO_a_00114},
  volume = {23},
  year = {2011}
}

@article{10.1162/NECO_a_00115,
  author = {Pan, Linqiang and Zeng, Xiangxiang and Zhang, Xingyi},
  doi = {10.1162/NECO_a_00115},
  eprint = {https://direct.mit.edu/neco/article-pdf/23/5/1320/856886/neco_a_00115.pdf},
  issn = {0899-7667},
  journal = {Neural Computation},
  month = {05},
  number = {5},
  openalex = {W2101557690},
  pages = {1320-1342},
  title = {Time-Free Spiking Neural P Systems},
  url = {https://doi.org/10.1162/NECO_a_00115},
  volume = {23},
  year = {2011}
}

@article{10.1162/NECO_a_00116,
  author = {Rosenbaum, Robert and Josić́, Krešimir},
  doi = {10.1162/NECO_a_00116},
  eprint = {https://direct.mit.edu/neco/article-pdf/23/5/1261/857607/neco_a_00116.pdf},
  issn = {0899-7667},
  journal = {Neural Computation},
  month = {05},
  number = {5},
  openalex = {W2084379849},
  pages = {1261-1305},
  title = {Mechanisms That Modulate the Transfer of Spiking Correlations},
  url = {https://doi.org/10.1162/NECO_a_00116},
  volume = {23},
  year = {2011}
}

@article{10.1162/NECO_a_00117,
  author = {Cho, Jin Seo and Ishida, Isao and White, Halbert},
  doi = {10.1162/NECO_a_00117},
  eprint = {https://direct.mit.edu/neco/article-pdf/23/5/1133/858911/neco_a_00117.pdf},
  issn = {0899-7667},
  journal = {Neural Computation},
  month = {05},
  number = {5},
  openalex = {W2165329888},
  pages = {1133-1186},
  title = {Revisiting Tests for Neglected Nonlinearity Using Artificial Neural Networks},
  url = {https://doi.org/10.1162/NECO_a_00117},
  volume = {23},
  year = {2011}
}

@article{10.1162/NECO_a_00118,
  author = {Escola, Sean and Fontanini, Alfredo and Katz, Don and Paninski, Liam},
  doi = {10.1162/NECO_a_00118},
  eprint = {https://direct.mit.edu/neco/article-pdf/23/5/1071/858276/neco_a_00118.pdf},
  issn = {0899-7667},
  journal = {Neural Computation},
  month = {05},
  number = {5},
  pages = {1071-1132},
  title = {Hidden Markov Models for the Stimulus-Response Relationships of Multistate Neural Systems},
  url = {https://doi.org/10.1162/NECO_a_00118},
  volume = {23},
  year = {2011}
}

@article{10.1162/NECO_a_00123,
  author = {Brette, Romain and Goodman, Dan F. M.},
  doi = {10.1162/NECO_a_00123},
  eprint = {https://direct.mit.edu/neco/article-pdf/23/6/1503/852599/neco_a_00123.pdf},
  issn = {0899-7667},
  journal = {Neural Computation},
  month = {06},
  number = {6},
  openalex = {W2170272982},
  pages = {1503-1535},
  title = {Vectorized Algorithms for Spiking Neural Network Simulation},
  url = {https://doi.org/10.1162/NECO_a_00123},
  volume = {23},
  year = {2011}
}

@article{10.1162/NECO_a_00124,
  author = {Wu, Jianhong and Zivari-Piran, Hossein and Hunter, John D. and Milton, John G.},
  doi = {10.1162/NECO_a_00124},
  eprint = {https://direct.mit.edu/neco/article-pdf/23/6/1568/854996/neco_a_00124.pdf},
  issn = {0899-7667},
  journal = {Neural Computation},
  month = {06},
  number = {6},
  pages = {1568-1604},
  title = {Projective Clustering Using Neural Networks with Adaptive Delay and Signal Transmission Loss},
  url = {https://doi.org/10.1162/NECO_a_00124},
  volume = {23},
  year = {2011}
}

@article{10.1162/NECO_a_00125,
  author = {Beck, Jeffrey M. and Bejjanki, Vikranth R. and Pouget, Alexandre},
  doi = {10.1162/NECO_a_00125},
  eprint = {https://direct.mit.edu/neco/article-pdf/23/6/1484/852776/neco_a_00125.pdf},
  issn = {0899-7667},
  journal = {Neural Computation},
  month = {06},
  number = {6},
  openalex = {W2063275134},
  pages = {1484-1502},
  title = {Insights from a Simple Expression for Linear Fisher Information in a Recurrently Connected Population of Spiking Neurons},
  url = {https://doi.org/10.1162/NECO_a_00125},
  volume = {23},
  year = {2011}
}

@article{10.1162/NECO_a_00126,
  author = {Gerhard, Felipe and Haslinger, Robert and Pipa, Gordon},
  doi = {10.1162/NECO_a_00126},
  eprint = {https://direct.mit.edu/neco/article-pdf/23/6/1452/853161/neco_a_00126.pdf},
  issn = {0899-7667},
  journal = {Neural Computation},
  month = {06},
  number = {6},
  openalex = {W2065115977},
  pages = {1452-1483},
  title = {Applying the Multivariate Time-Rescaling Theorem to Neural Population Models},
  url = {https://doi.org/10.1162/NECO_a_00126},
  volume = {23},
  year = {2011}
}

@article{10.1162/NECO_a_00127,
  author = {Knoblauch, Andreas},
  doi = {10.1162/NECO_a_00127},
  eprint = {https://direct.mit.edu/neco/article-pdf/23/6/1393/854213/neco_a_00127.pdf},
  issn = {0899-7667},
  journal = {Neural Computation},
  month = {06},
  number = {6},
  openalex = {W1990147185},
  pages = {1393-1451},
  title = {Neural Associative Memory with Optimal Bayesian Learning},
  url = {https://doi.org/10.1162/NECO_a_00127},
  volume = {23},
  year = {2011}
}

@article{10.1162/NECO_a_00128,
  author = {Ruan, Lingyan and Yuan, Ming and Zou, Hui},
  doi = {10.1162/NECO_a_00128},
  eprint = {https://direct.mit.edu/neco/article-pdf/23/6/1605/852690/neco_a_00128.pdf},
  issn = {0899-7667},
  journal = {Neural Computation},
  month = {06},
  number = {6},
  openalex = {W2052793367},
  pages = {1605-1622},
  title = {Regularized Parameter Estimation in High-Dimensional Gaussian Mixture Models},
  url = {https://doi.org/10.1162/NECO_a_00128},
  volume = {23},
  year = {2011}
}

@article{10.1162/NECO_a_00129,
  author = {Fujimoto, Yu and Hino, Hideitsu and Murata, Noboru},
  doi = {10.1162/NECO_a_00129},
  eprint = {https://direct.mit.edu/neco/article-pdf/23/6/1623/853484/neco_a_00129.pdf},
  issn = {0899-7667},
  journal = {Neural Computation},
  month = {06},
  number = {6},
  openalex = {W2167267147},
  pages = {1623-1659},
  title = {An Estimation of Generalized Bradley-Terry Models Based on the <i>em</i> Algorithm},
  url = {https://doi.org/10.1162/NECO_a_00129},
  volume = {23},
  year = {2011}
}

@article{10.1162/NECO_a_00130,
  author = {Meyer, Kris De and Spratling, Michael},
  doi = {10.1162/NECO_a_00130},
  eprint = {https://direct.mit.edu/neco/article-pdf/23/6/1536/853036/neco_a_00130.pdf},
  issn = {0899-7667},
  journal = {Neural Computation},
  month = {06},
  number = {6},
  openalex = {W2055119418},
  pages = {1536-1567},
  title = {Multiplicative Gain Modulation Arises Through Unsupervised Learning in a Predictive Coding Model of Cortical Function},
  url = {https://doi.org/10.1162/NECO_a_00130},
  volume = {23},
  year = {2011}
}

@article{10.1162/NECO_a_00135,
  author = {Ratcliff, Roger and Hasegawa, Yukako T. and Hasegawa, Ryohei and Childers, Russ and Smith, Philip L. and Segraves, Mark A.},
  doi = {10.1162/NECO_a_00135},
  eprint = {https://direct.mit.edu/neco/article-pdf/23/7/1790/850554/neco_a_00135.pdf},
  issn = {0899-7667},
  journal = {Neural Computation},
  month = {07},
  number = {7},
  openalex = {W2049959094},
  pages = {1790-1820},
  title = {Inhibition in Superior Colliculus Neurons in a Brightness Discrimination Task?},
  url = {https://doi.org/10.1162/NECO_a_00135},
  volume = {23},
  year = {2011}
}

@article{10.1162/NECO_a_00136,
  author = {Zhu, Junmei},
  doi = {10.1162/NECO_a_00136},
  eprint = {https://direct.mit.edu/neco/article-pdf/23/7/1835/850739/neco_a_00136.pdf},
  issn = {0899-7667},
  journal = {Neural Computation},
  month = {07},
  number = {7},
  openalex = {W2085967694},
  pages = {1835-1861},
  title = {A Multifactor Winner-Take-All Dynamics},
  url = {https://doi.org/10.1162/NECO_a_00136},
  volume = {23},
  year = {2011}
}

@article{10.1162/NECO_a_00137,
  author = {Barnard, Etienne},
  doi = {10.1162/NECO_a_00137},
  eprint = {https://direct.mit.edu/neco/article-pdf/23/7/1899/850544/neco_a_00137.pdf},
  issn = {0899-7667},
  journal = {Neural Computation},
  month = {07},
  number = {7},
  openalex = {W1995495662},
  pages = {1899-1909},
  title = {Determination and the No-Free-Lunch Paradox},
  url = {https://doi.org/10.1162/NECO_a_00137},
  volume = {23},
  year = {2011}
}

@article{10.1162/NECO_a_00138,
  author = {Roschin, V. Y. and Frolov, Alexander and Burnod, Yves and Maier, Marc A.},
  doi = {10.1162/NECO_a_00138},
  eprint = {https://direct.mit.edu/neco/article-pdf/23/7/1821/850979/neco_a_00138.pdf},
  issn = {0899-7667},
  journal = {Neural Computation},
  month = {07},
  number = {7},
  openalex = {W2079815009},
  pages = {1821-1834},
  title = {A Neural Network Model for the Acquisition of a Spatial Body Scheme Through Sensorimotor Interaction},
  url = {https://doi.org/10.1162/NECO_a_00138},
  volume = {23},
  year = {2011}
}

@article{10.1162/NECO_a_00139,
  author = {Sirovich, Lawrence and Knight, Bruce W.},
  doi = {10.1162/NECO_a_00139},
  eprint = {https://direct.mit.edu/neco/article-pdf/23/7/1675/851722/neco_a_00139.pdf},
  issn = {0899-7667},
  journal = {Neural Computation},
  month = {07},
  number = {7},
  openalex = {W2064522601},
  pages = {1675-1703},
  title = {Spiking Neurons and the First Passage Problem},
  url = {https://doi.org/10.1162/NECO_a_00139},
  volume = {23},
  year = {2011}
}

@article{10.1162/NECO_a_00140,
  author = {Rossi-Pool, Román and Mato, Germán},
  doi = {10.1162/NECO_a_00140},
  eprint = {https://direct.mit.edu/neco/article-pdf/23/7/1768/850575/neco_a_00140.pdf},
  issn = {0899-7667},
  journal = {Neural Computation},
  month = {07},
  number = {7},
  openalex = {W2139165237},
  pages = {1768-1789},
  title = {Spike-Timing-Dependent Plasticity and Reliability Optimization: The Role of Neuron Dynamics},
  url = {https://doi.org/10.1162/NECO_a_00140},
  volume = {23},
  year = {2011}
}

@article{10.1162/NECO_a_00141,
  author = {Touboul, Jonathan},
  doi = {10.1162/NECO_a_00141},
  eprint = {https://direct.mit.edu/neco/article-pdf/23/7/1704/851391/neco_a_00141.pdf},
  issn = {0899-7667},
  journal = {Neural Computation},
  month = {07},
  number = {7},
  openalex = {W3103197999},
  pages = {1704-1742},
  title = {On the Simulation of Nonlinear Bidimensional Spiking Neuron Models},
  url = {https://doi.org/10.1162/NECO_a_00141},
  volume = {23},
  year = {2011}
}

@article{10.1162/NECO_a_00142,
  author = {Vincent, Pascal},
  doi = {10.1162/NECO_a_00142},
  eprint = {https://direct.mit.edu/neco/article-pdf/23/7/1661/851298/neco_a_00142.pdf},
  issn = {0899-7667},
  journal = {Neural Computation},
  month = {07},
  number = {7},
  openalex = {W2013035813},
  pages = {1661-1674},
  title = {A Connection Between Score Matching and Denoising Autoencoders},
  url = {https://doi.org/10.1162/NECO_a_00142},
  volume = {23},
  year = {2011}
}

@article{10.1162/NECO_a_00143,
  author = {Giraudo, Marı́a Teresa and Greenwood, Priscilla E. and Sacerdote, Laura},
  doi = {10.1162/NECO_a_00143},
  eprint = {https://direct.mit.edu/neco/article-pdf/23/7/1743/851052/neco_a_00143.pdf},
  issn = {0899-7667},
  journal = {Neural Computation},
  month = {07},
  number = {7},
  openalex = {W1966169505},
  pages = {1743-1767},
  title = {How Sample Paths of Leaky Integrate-and-Fire Models Are Influenced by the Presence of a Firing Threshold},
  url = {https://doi.org/10.1162/NECO_a_00143},
  volume = {23},
  year = {2011}
}

@article{10.1162/NECO_a_00144,
  author = {VanderKraats, Nathan D. and Banerjee, Arunava},
  doi = {10.1162/NECO_a_00144},
  eprint = {https://direct.mit.edu/neco/article-pdf/23/7/1862/851987/neco_a_00144.pdf},
  issn = {0899-7667},
  journal = {Neural Computation},
  month = {07},
  number = {7},
  openalex = {W1966290140},
  pages = {1862-1898},
  title = {A Finite-Sample, Distribution-Free, Probabilistic Lower Bound on Mutual Information},
  url = {https://doi.org/10.1162/NECO_a_00144},
  volume = {23},
  year = {2011}
}

@article{10.1162/NECO_a_00149,
  author = {Jantvik, Tamas and Gustafsson, Lennart and Papliński, Andrew P.},
  doi = {10.1162/NECO_a_00149},
  eprint = {https://direct.mit.edu/neco/article-pdf/23/8/2101/855579/neco_a_00149.pdf},
  issn = {0899-7667},
  journal = {Neural Computation},
  month = {08},
  number = {8},
  openalex = {W2162603715},
  pages = {2101-2139},
  title = {A Self-Organized Artificial Neural Network Architecture for Sensory Integration with Applications to Letter-Phoneme Integration},
  url = {https://doi.org/10.1162/NECO_a_00149},
  volume = {23},
  year = {2011}
}

@article{10.1162/NECO_a_00150,
  author = {Smith, Philip L. and McKenzie, Cameron R. L.},
  doi = {10.1162/NECO_a_00150},
  eprint = {https://direct.mit.edu/neco/article-pdf/23/8/2000/855536/neco_a_00150.pdf},
  issn = {0899-7667},
  journal = {Neural Computation},
  month = {08},
  number = {8},
  openalex = {W2144281804},
  pages = {2000-2031},
  title = {Diffusive Information Accumulation by Minimal Recurrent Neural Models of Decision Making},
  url = {https://doi.org/10.1162/NECO_a_00150},
  volume = {23},
  year = {2011}
}

@article{10.1162/NECO_a_00151,
  author = {Sanger, Terence D.},
  doi = {10.1162/NECO_a_00151},
  eprint = {https://direct.mit.edu/neco/article-pdf/23/8/1911/855723/neco_a_00151.pdf},
  issn = {0899-7667},
  journal = {Neural Computation},
  month = {08},
  number = {8},
  openalex = {W2160330709},
  pages = {1911-1934},
  title = {Distributed Control of Uncertain Systems Using Superpositions of Linear Operators},
  url = {https://doi.org/10.1162/NECO_a_00151},
  volume = {23},
  year = {2011}
}

@article{10.1162/NECO_a_00152,
  author = {Barak, Omri and Rigotti, Mattia},
  doi = {10.1162/NECO_a_00152},
  eprint = {https://direct.mit.edu/neco/article-pdf/23/8/1935/855837/neco_a_00152.pdf},
  issn = {0899-7667},
  journal = {Neural Computation},
  month = {08},
  number = {8},
  openalex = {W2056147747},
  pages = {1935-1943},
  title = {A Simple Derivation of a Bound on the Perceptron Margin Using Singular Value Decomposition},
  url = {https://doi.org/10.1162/NECO_a_00152},
  volume = {23},
  year = {2011}
}

@article{10.1162/NECO_a_00153,
  author = {Jin, Dequan and Peng, Jigen and Li, Bin},
  doi = {10.1162/NECO_a_00153},
  eprint = {https://direct.mit.edu/neco/article-pdf/23/8/2032/855633/neco_a_00153.pdf},
  issn = {0899-7667},
  journal = {Neural Computation},
  month = {08},
  number = {8},
  pages = {2032-2057},
  title = {A New Clustering Approach on the Basis of Dynamical Neural Field},
  url = {https://doi.org/10.1162/NECO_a_00153},
  volume = {23},
  year = {2011}
}

@article{10.1162/NECO_a_00154,
  author = {Yang, Yan and Ma, Jinwen},
  doi = {10.1162/NECO_a_00154},
  eprint = {https://direct.mit.edu/neco/article-pdf/23/8/2140/856144/neco_a_00154.pdf},
  issn = {0899-7667},
  journal = {Neural Computation},
  month = {08},
  number = {8},
  openalex = {W2123972060},
  pages = {2140-2168},
  title = {Asymptotic Convergence Properties of the EM Algorithm for Mixture of Experts},
  url = {https://doi.org/10.1162/NECO_a_00154},
  volume = {23},
  year = {2011}
}

@article{10.1162/NECO_a_00155,
  author = {He, Ran and Zheng, Wei‐Shi and Hu, Bao-Gang and Kong, Xiangwei},
  doi = {10.1162/NECO_a_00155},
  eprint = {https://direct.mit.edu/neco/article-pdf/23/8/2074/855943/neco_a_00155.pdf},
  issn = {0899-7667},
  journal = {Neural Computation},
  month = {08},
  number = {8},
  openalex = {W2108840547},
  pages = {2074-2100},
  title = {A Regularized Correntropy Framework for Robust Pattern Recognition},
  url = {https://doi.org/10.1162/NECO_a_00155},
  volume = {23},
  year = {2011}
}

@article{10.1162/NECO_a_00156,
  author = {Zammit‐Mangion, Andrew and Yuan, Ke and Kadirkamanathan, Visakan and Niranjan, Mahesan and Sanguinetti, Guido},
  doi = {10.1162/NECO_a_00156},
  eprint = {https://direct.mit.edu/neco/article-pdf/23/8/1967/856396/neco_a_00156.pdf},
  issn = {0899-7667},
  journal = {Neural Computation},
  month = {08},
  number = {8},
  openalex = {W2036673065},
  pages = {1967-1999},
  title = {Online Variational Inference for State-Space Models with Point-Process Observations},
  url = {https://doi.org/10.1162/NECO_a_00156},
  volume = {23},
  year = {2011}
}

@article{10.1162/NECO_a_00157,
  author = {Ditlevsen, Susanne and Lánský, Petr},
  doi = {10.1162/NECO_a_00157},
  eprint = {https://direct.mit.edu/neco/article-pdf/23/8/1944/856034/neco_a_00157.pdf},
  issn = {0899-7667},
  journal = {Neural Computation},
  month = {08},
  number = {8},
  openalex = {W1974719952},
  pages = {1944-1966},
  title = {Firing Variability Is Higher than Deduced from the Empirical Coefficient of Variation},
  url = {https://doi.org/10.1162/NECO_a_00157},
  volume = {23},
  year = {2011}
}

@article{10.1162/NECO_a_00158,
  author = {Breuleux, Olivier and Bengio, Yoshua and Vincent, Pascal},
  doi = {10.1162/NECO_a_00158},
  eprint = {https://direct.mit.edu/neco/article-pdf/23/8/2058/856010/neco_a_00158.pdf},
  issn = {0899-7667},
  journal = {Neural Computation},
  month = {08},
  number = {8},
  openalex = {W2106439909},
  pages = {2058-2073},
  title = {Quickly Generating Representative Samples from an RBM-Derived Process},
  url = {https://doi.org/10.1162/NECO_a_00158},
  volume = {23},
  year = {2011}
}

@article{10.1162/NECO_a_00163,
  author = {Hansard, Miles and Horaud, Radu},
  doi = {10.1162/NECO_a_00163},
  eprint = {https://direct.mit.edu/neco/article-pdf/23/9/2324/850623/neco_a_00163.pdf},
  issn = {0899-7667},
  journal = {Neural Computation},
  month = {09},
  number = {9},
  openalex = {W3111543044},
  pages = {2324-2357},
  title = {A Differential Model of the Complex Cell},
  url = {https://doi.org/10.1162/NECO_a_00163},
  volume = {23},
  year = {2011}
}

@article{10.1162/NECO_a_00164,
  author = {Lu, Zhengdong and Leen, Todd K. and Kaye, Jeffrey},
  doi = {10.1162/NECO_a_00164},
  eprint = {https://direct.mit.edu/neco/article-pdf/23/9/2390/851132/neco_a_00164.pdf},
  issn = {0899-7667},
  journal = {Neural Computation},
  month = {09},
  number = {9},
  openalex = {W2168057776},
  pages = {2390-2420},
  title = {Kernels for Longitudinal Data with Variable Sequence Length and Sampling Intervals},
  url = {https://doi.org/10.1162/NECO_a_00164},
  volume = {23},
  year = {2011}
}

@article{10.1162/NECO_a_00165,
  author = {Kern, A. and Stoop, Ruedi},
  doi = {10.1162/NECO_a_00165},
  eprint = {https://direct.mit.edu/neco/article-pdf/23/9/2358/850824/neco_a_00165.pdf},
  issn = {0899-7667},
  journal = {Neural Computation},
  month = {09},
  number = {9},
  openalex = {W2133337494},
  pages = {2358-2389},
  title = {Principles and Typical Computational Limitations of Sparse Speaker Separation Based on Deterministic Speech Features},
  url = {https://doi.org/10.1162/NECO_a_00165},
  volume = {23},
  year = {2011}
}

@article{10.1162/NECO_a_00166,
  author = {Lo, James Ting-Ho},
  doi = {10.1162/NECO_a_00166},
  eprint = {https://direct.mit.edu/neco/article-pdf/23/10/2626/854695/neco_a_00166.pdf},
  issn = {0899-7667},
  journal = {Neural Computation},
  month = {10},
  number = {10},
  pages = {2626-2682},
  title = {A Low-Order Model of Biological Neural Networks},
  url = {https://doi.org/10.1162/NECO_a_00166},
  volume = {23},
  year = {2011}
}

@article{10.1162/NECO_a_00167,
  author = {DiMattina, Christopher and Zhang, Kechen},
  doi = {10.1162/NECO_a_00167},
  eprint = {https://direct.mit.edu/neco/article-pdf/23/9/2242/851536/neco_a_00167.pdf},
  issn = {0899-7667},
  journal = {Neural Computation},
  month = {09},
  number = {9},
  openalex = {W2112487324},
  pages = {2242-2288},
  title = {Active Data Collection for Efficient Estimation and Comparison of Nonlinear Neural Models},
  url = {https://doi.org/10.1162/NECO_a_00167},
  volume = {23},
  year = {2011}
}

@article{10.1162/NECO_a_00168,
  author = {Févotte, Cédric and Idier, Jérôme},
  doi = {10.1162/NECO_a_00168},
  eprint = {https://direct.mit.edu/neco/article-pdf/23/9/2421/852282/neco_a_00168.pdf},
  issn = {0899-7667},
  journal = {Neural Computation},
  month = {09},
  number = {9},
  openalex = {W2114508388},
  pages = {2421-2456},
  title = {Algorithms for Nonnegative Matrix Factorization with the β-Divergence},
  url = {https://doi.org/10.1162/NECO_a_00168},
  volume = {23},
  year = {2011}
}

@article{10.1162/NECO_a_00169,
  author = {Lepage, Kyle Q. and Kramer, Mark and Eden, Uri T.},
  doi = {10.1162/NECO_a_00169},
  eprint = {https://direct.mit.edu/neco/article-pdf/23/9/2209/852113/neco_a_00169.pdf},
  issn = {0899-7667},
  journal = {Neural Computation},
  month = {09},
  number = {9},
  openalex = {W2163015899},
  pages = {2209-2241},
  title = {The Dependence of Spike Field Coherence on Expected Intensity},
  url = {https://doi.org/10.1162/NECO_a_00169},
  volume = {23},
  year = {2011}
}

@article{10.1162/NECO_a_00170,
  author = {Buhry, Laure and Grassia, Filippo and Giremus, Audrey and Grivel, Éric and Renaud, Sylvie and Saïghi, Sylvain},
  doi = {10.1162/NECO_a_00170},
  eprint = {https://direct.mit.edu/neco/article-pdf/23/10/2599/852972/neco_a_00170.pdf},
  issn = {0899-7667},
  journal = {Neural Computation},
  month = {10},
  number = {10},
  openalex = {W2084636147},
  pages = {2599-2625},
  title = {Automated Parameter Estimation of the Hodgkin-Huxley Model Using the Differential Evolution Algorithm: Application to Neuromimetic Analog Integrated Circuits},
  url = {https://doi.org/10.1162/NECO_a_00170},
  volume = {23},
  year = {2011}
}

@article{10.1162/NECO_a_00171,
  author = {Franzius, Mathias and Wilbert, Niko and Wiskott, Laurenz},
  doi = {10.1162/NECO_a_00171},
  eprint = {https://direct.mit.edu/neco/article-pdf/23/9/2289/851389/neco_a_00171.pdf},
  issn = {0899-7667},
  journal = {Neural Computation},
  month = {09},
  number = {9},
  openalex = {W2127539715},
  pages = {2289-2323},
  title = {Invariant Object Recognition and Pose Estimation with Slow Feature Analysis},
  url = {https://doi.org/10.1162/NECO_a_00171},
  volume = {23},
  year = {2011}
}

@article{10.1162/NECO_a_00172,
  author = {Yao, Lili and Jiang, Wenxin and Tanner, Martin A.},
  doi = {10.1162/NECO_a_00172},
  eprint = {https://direct.mit.edu/neco/article-pdf/23/10/2683/853856/neco_a_00172.pdf},
  issn = {0899-7667},
  journal = {Neural Computation},
  month = {10},
  number = {10},
  openalex = {W2041316416},
  pages = {2683-2712},
  title = {Predicting Panel Data Binary Choice with the Gibbs Posterior},
  url = {https://doi.org/10.1162/NECO_a_00172},
  volume = {23},
  year = {2011}
}

@article{10.1162/NECO_a_00173,
  author = {Toups, J. Vincent and Fellous, Jean‐Marc and Thomas, Peter J. and Sejnowski, Terrence J. and Tiesinga, Paul},
  doi = {10.1162/NECO_a_00173},
  eprint = {https://direct.mit.edu/neco/article-pdf/23/9/2169/851498/neco_a_00173.pdf},
  issn = {0899-7667},
  journal = {Neural Computation},
  month = {09},
  number = {9},
  openalex = {W2509116786},
  pages = {2169-2208},
  title = {Finding the Event Structure of Neuronal Spike Trains},
  url = {https://doi.org/10.1162/NECO_a_00173},
  volume = {23},
  year = {2011}
}

@article{10.1162/NECO_a_00178,
  author = {Song, Guohui and Zhang, Haizhang},
  doi = {10.1162/NECO_a_00178},
  eprint = {https://direct.mit.edu/neco/article-pdf/23/10/2713/854017/neco_a_00178.pdf},
  issn = {0899-7667},
  journal = {Neural Computation},
  month = {10},
  number = {10},
  pages = {2713-2729},
  title = {Reproducing Kernel Banach Spaces with the ℓ1 Norm II: Error Analysis for Regularized Least Square Regression},
  url = {https://doi.org/10.1162/NECO_a_00178},
  volume = {23},
  year = {2011}
}

@article{10.1162/NECO_a_00179,
  author = {Parpia, Pasha},
  doi = {10.1162/NECO_a_00179},
  eprint = {https://direct.mit.edu/neco/article-pdf/23/12/3001/859766/neco_a_00179.pdf},
  issn = {0899-7667},
  journal = {Neural Computation},
  month = {12},
  number = {12},
  openalex = {W2087495952},
  pages = {3001-3015},
  title = {Reappraisal of the Somatosensory Homunculus and Its Discontinuities},
  url = {https://doi.org/10.1162/NECO_a_00179},
  volume = {23},
  year = {2011}
}

@article{10.1162/NECO_a_00180,
  author = {Christopoulos, Vassilios N. and Schrater, Paul},
  doi = {10.1162/NECO_a_00180},
  eprint = {https://direct.mit.edu/neco/article-pdf/23/10/2511/853080/neco_a_00180.pdf},
  issn = {0899-7667},
  journal = {Neural Computation},
  month = {10},
  number = {10},
  openalex = {W1967568305},
  pages = {2511-2536},
  title = {An Optimal Feedback Control Framework for Grasping Objects with Position Uncertainty},
  url = {https://doi.org/10.1162/NECO_a_00180},
  volume = {23},
  year = {2011}
}

@article{10.1162/NECO_a_00181,
  author = {Doi, Eizaburo and Lewicki, Michael S.},
  doi = {10.1162/NECO_a_00181},
  eprint = {https://direct.mit.edu/neco/article-pdf/23/10/2498/853409/neco_a_00181.pdf},
  issn = {0899-7667},
  journal = {Neural Computation},
  month = {10},
  number = {10},
  openalex = {W2062690756},
  pages = {2498-2510},
  title = {Characterization of Minimum Error Linear Coding with Sensory and Neural Noise},
  url = {https://doi.org/10.1162/NECO_a_00181},
  volume = {23},
  year = {2011}
}

@article{10.1162/NECO_a_00182,
  author = {Neftci, Emre and Chicca, Elisabetta and Indiveri, Giacomo and Douglas, Rodney J.},
  doi = {10.1162/NECO_a_00182},
  eprint = {https://direct.mit.edu/neco/article-pdf/23/10/2457/853315/neco_a_00182.pdf},
  issn = {0899-7667},
  journal = {Neural Computation},
  month = {10},
  number = {10},
  openalex = {W2108846941},
  pages = {2457-2497},
  title = {A Systematic Method for Configuring VLSI Networks of Spiking Neurons},
  url = {https://doi.org/10.1162/NECO_a_00182},
  volume = {23},
  year = {2011}
}

@article{10.1162/NECO_a_00183,
  author = {Bouvrie, Jake and Slotine, Jean-Jacques},
  doi = {10.1162/NECO_a_00183},
  eprint = {https://direct.mit.edu/neco/article-pdf/23/11/2915/860661/neco_a_00183.pdf},
  issn = {0899-7667},
  journal = {Neural Computation},
  month = {11},
  number = {11},
  openalex = {W1999698770},
  pages = {2915-2941},
  title = {Synchronization and Redundancy: Implications for Robustness of Neural Learning and Decision Making},
  url = {https://doi.org/10.1162/NECO_a_00183},
  volume = {23},
  year = {2011}
}

@article{10.1162/NECO_a_00184,
  author = {Byrnes, Sean and Burkitt, Anthony N. and Grayden, David B. and Meffin, Hamish},
  doi = {10.1162/NECO_a_00184},
  eprint = {https://direct.mit.edu/neco/article-pdf/23/10/2567/852913/neco_a_00184.pdf},
  issn = {0899-7667},
  journal = {Neural Computation},
  month = {10},
  number = {10},
  openalex = {W2066599320},
  pages = {2567-2598},
  title = {Learning a Sparse Code for Temporal Sequences Using STDP and Sequence Compression},
  url = {https://doi.org/10.1162/NECO_a_00184},
  volume = {23},
  year = {2011}
}

@article{10.1162/NECO_a_00185,
  author = {Prerau, Michael J. and Eden, Uri T.},
  doi = {10.1162/NECO_a_00185},
  eprint = {https://direct.mit.edu/neco/article-pdf/23/10/2537/852943/neco_a_00185.pdf},
  issn = {0899-7667},
  journal = {Neural Computation},
  month = {10},
  number = {10},
  openalex = {W1988745698},
  pages = {2537-2566},
  title = {A General Likelihood Framework for Characterizing the Time Course of Neural Activity},
  url = {https://doi.org/10.1162/NECO_a_00185},
  volume = {23},
  year = {2011}
}

@article{10.1162/NECO_a_00186,
  author = {Forbes, Elizabeth M. and Hunt, Jonathan J. and Goodhill, Geoffrey J.},
  doi = {10.1162/NECO_a_00186},
  eprint = {https://direct.mit.edu/neco/article-pdf/23/11/2746/860477/neco_a_00186.pdf},
  issn = {0899-7667},
  journal = {Neural Computation},
  month = {11},
  number = {11},
  openalex = {W2134608861},
  pages = {2746-2769},
  title = {The Combinatorics of Neurite Self-Avoidance},
  url = {https://doi.org/10.1162/NECO_a_00186},
  volume = {23},
  year = {2011}
}

@article{10.1162/NECO_a_00192,
  author = {Carvalhaes, C. G. and Suppes, Patrick},
  doi = {10.1162/NECO_a_00192},
  eprint = {https://direct.mit.edu/neco/article-pdf/23/11/2974/862312/neco_a_00192.pdf},
  issn = {0899-7667},
  journal = {Neural Computation},
  month = {11},
  number = {11},
  openalex = {W2002425529},
  pages = {2974-3000},
  title = {A Spline Framework for Estimating the EEG Surface Laplacian Using the Euclidean Metric},
  url = {https://doi.org/10.1162/NECO_a_00192},
  volume = {23},
  year = {2011}
}

@article{10.1162/NECO_a_00193,
  author = {Raudies, Florian and Mingolla, Ennio and Neumann, Heiko},
  doi = {10.1162/NECO_a_00193},
  eprint = {https://direct.mit.edu/neco/article-pdf/23/11/2868/861142/neco_a_00193.pdf},
  issn = {0899-7667},
  journal = {Neural Computation},
  month = {11},
  number = {11},
  openalex = {W2045966300},
  pages = {2868-2914},
  title = {A Model of Motion Transparency Processing with Local Center-Surround Interactions and Feedback},
  url = {https://doi.org/10.1162/NECO_a_00193},
  volume = {23},
  year = {2011}
}

@article{10.1162/NECO_a_00195,
  author = {Bergmann, Urs and Malsburg, Christoph von der},
  doi = {10.1162/NECO_a_00195},
  eprint = {https://direct.mit.edu/neco/article-pdf/23/11/2770/860894/neco_a_00195.pdf},
  issn = {0899-7667},
  journal = {Neural Computation},
  month = {11},
  number = {11},
  openalex = {W2141599487},
  pages = {2770-2797},
  title = {Self-Organization of Topographic Bilinear Networks for Invariant Recognition},
  url = {https://doi.org/10.1162/NECO_a_00195},
  volume = {23},
  year = {2011}
}

@article{10.1162/NECO_a_00196,
  author = {Dong, Yi and Mihalaş, Ştefan and Russell, Alexander F. and Etienne‐Cummings, Ralph and Niebur, Ernst},
  doi = {10.1162/NECO_a_00196},
  eprint = {https://direct.mit.edu/neco/article-pdf/23/11/2833/861726/neco_a_00196.pdf},
  issn = {0899-7667},
  journal = {Neural Computation},
  month = {11},
  number = {11},
  openalex = {W2074678993},
  pages = {2833-2867},
  title = {Estimating Parameters of Generalized Integrate-and-Fire Neurons from the Maximum Likelihood of Spike Trains},
  url = {https://doi.org/10.1162/NECO_a_00196},
  volume = {23},
  year = {2011}
}

@article{10.1162/NECO_a_00197,
  author = {Lyu, Siwei},
  doi = {10.1162/NECO_a_00197},
  eprint = {https://direct.mit.edu/neco/article-pdf/23/11/2942/863493/neco_a_00197.pdf},
  issn = {0899-7667},
  journal = {Neural Computation},
  month = {11},
  number = {11},
  openalex = {W1989346421},
  pages = {2942-2973},
  title = {Dependency Reduction with Divisive Normalization: Justification and Effectiveness},
  url = {https://doi.org/10.1162/NECO_a_00197},
  volume = {23},
  year = {2011}
}

@article{10.1162/NECO_a_00198,
  author = {Sarma, Sridevi V. and Nguyen, David P. and Czanner, Gabriela and Wirth, Sylvia and Wilson, Matthew and Suzuki, Wendy and Brown, Emery N.},
  doi = {10.1162/NECO_a_00198},
  eprint = {https://direct.mit.edu/neco/article-pdf/23/11/2731/2040033/neco_a_00198.pdf},
  issn = {0899-7667},
  journal = {Neural Computation},
  month = {11},
  number = {11},
  openalex = {W2153909499},
  pages = {2731-2745},
  title = {Computing Confidence Intervals for Point Process Models},
  url = {https://doi.org/10.1162/NECO_a_00198},
  volume = {23},
  year = {2011}
}

@article{10.1162/NECO_a_00199,
  author = {Hachiya, Hirotaka and Peters, Jan and Sugiyama, Masashi},
  doi = {10.1162/NECO_a_00199},
  eprint = {https://direct.mit.edu/neco/article-pdf/23/11/2798/863963/neco_a_00199.pdf},
  issn = {0899-7667},
  journal = {Neural Computation},
  month = {11},
  number = {11},
  openalex = {W1971492381},
  pages = {2798-2832},
  title = {Reward-Weighted Regression with Sample Reuse for Direct Policy Search in Reinforcement Learning},
  url = {https://doi.org/10.1162/NECO_a_00199},
  volume = {23},
  year = {2011}
}

@article{10.1162/NECO_a_00205,
  author = {Kobayashi, Ryota and Shinomoto, Shigeru and Lánský, Petr},
  doi = {10.1162/NECO_a_00205},
  eprint = {https://direct.mit.edu/neco/article-pdf/23/12/3070/860071/neco_a_00205.pdf},
  issn = {0899-7667},
  journal = {Neural Computation},
  month = {12},
  number = {12},
  openalex = {W2031953983},
  pages = {3070-3093},
  title = {Estimation of Time-Dependent Input from Neuronal Membrane Potential},
  url = {https://doi.org/10.1162/NECO_a_00205},
  volume = {23},
  year = {2011}
}

@article{10.1162/NECO_a_00206,
  author = {Touboul, Jonathan and Wendling, Fabrice and Chauvel, Patrick and Faugeras, Olivier},
  doi = {10.1162/NECO_a_00206},
  eprint = {https://direct.mit.edu/neco/article-pdf/23/12/3232/859816/neco_a_00206.pdf},
  issn = {0899-7667},
  journal = {Neural Computation},
  month = {12},
  number = {12},
  openalex = {W2151740575},
  pages = {3232-3286},
  title = {Neural Mass Activity, Bifurcations, and Epilepsy},
  url = {https://doi.org/10.1162/NECO_a_00206},
  volume = {23},
  year = {2011}
}

@article{10.1162/NECO_a_00207,
  author = {Li, Zheng and O’Doherty, Joseph E. and Lebedev, Mikhail and Nicolelis, Miguel A. L.},
  doi = {10.1162/NECO_a_00207},
  eprint = {https://direct.mit.edu/neco/article-pdf/23/12/3162/859936/neco_a_00207.pdf},
  issn = {0899-7667},
  journal = {Neural Computation},
  month = {12},
  number = {12},
  openalex = {W2136988120},
  pages = {3162-3204},
  title = {Adaptive Decoding for Brain-Machine Interfaces Through Bayesian Parameter Updates},
  url = {https://doi.org/10.1162/NECO_a_00207},
  volume = {23},
  year = {2011}
}

@article{10.1162/NECO_a_00208,
  author = {Naud, Richard and Gerhard, Felipe and Mensi, Skander and Gerstner, Wulfram},
  doi = {10.1162/NECO_a_00208},
  eprint = {https://direct.mit.edu/neco/article-pdf/23/12/3016/860339/neco_a_00208.pdf},
  issn = {0899-7667},
  journal = {Neural Computation},
  month = {12},
  number = {12},
  openalex = {W2137120069},
  pages = {3016-3069},
  title = {Improved Similarity Measures for Small Sets of Spike Trains},
  url = {https://doi.org/10.1162/NECO_a_00208},
  volume = {23},
  year = {2011}
}

@article{10.1162/NECO_a_00209,
  author = {Rowat, Peter F. and Greenwood, Priscilla E.},
  doi = {10.1162/NECO_a_00209},
  eprint = {https://direct.mit.edu/neco/article-pdf/23/12/3094/859770/neco_a_00209.pdf},
  issn = {0899-7667},
  journal = {Neural Computation},
  month = {12},
  number = {12},
  openalex = {W2065075839},
  pages = {3094-3124},
  title = {Identification and Continuity of the Distributions of Burst-Length and Interspike Intervals in the Stochastic Morris-Lecar Neuron},
  url = {https://doi.org/10.1162/NECO_a_00209},
  volume = {23},
  year = {2011}
}

@article{10.1162/NECO_a_00210,
  author = {Liu, Jian K.},
  doi = {10.1162/NECO_a_00210},
  eprint = {https://direct.mit.edu/neco/article-pdf/23/12/3145/859876/neco_a_00210.pdf},
  issn = {0899-7667},
  journal = {Neural Computation},
  month = {12},
  number = {12},
  openalex = {W1968813063},
  pages = {3145-3161},
  title = {Learning Rule of Homeostatic Synaptic Scaling: Presynaptic Dependent or Not},
  url = {https://doi.org/10.1162/NECO_a_00210},
  volume = {23},
  year = {2011}
}

@article{10.1162/NECO_a_00211,
  author = {Hoshino, Osamu},
  doi = {10.1162/NECO_a_00211},
  eprint = {https://direct.mit.edu/neco/article-pdf/23/12/3205/860036/neco_a_00211.pdf},
  issn = {0899-7667},
  journal = {Neural Computation},
  month = {12},
  number = {12},
  openalex = {W2103873004},
  pages = {3205-3231},
  title = {Subthreshold Membrane Depolarization as Memory Trace for Perceptual Learning},
  url = {https://doi.org/10.1162/NECO_a_00211},
  volume = {23},
  year = {2011}
}

@article{10.1162/NECO_a_00213,
  author = {Omi, Takahiro and Shinomoto, Shigeru},
  doi = {10.1162/NECO_a_00213},
  eprint = {https://direct.mit.edu/neco/article-pdf/23/12/3125/860185/neco_a_00213.pdf},
  issn = {0899-7667},
  journal = {Neural Computation},
  month = {12},
  number = {12},
  openalex = {W2135852493},
  pages = {3125-3144},
  title = {Optimizing Time Histograms for Non-Poissonian Spike Trains},
  url = {https://doi.org/10.1162/NECO_a_00213},
  volume = {23},
  year = {2011}
}

@article{10.1162/NECO_a_00214,
  author = {Sprekeler, Henning},
  doi = {10.1162/NECO_a_00214},
  eprint = {https://direct.mit.edu/neco/article-pdf/23/12/3287/860263/neco_a_00214.pdf},
  issn = {0899-7667},
  journal = {Neural Computation},
  month = {12},
  number = {12},
  openalex = {W1981899483},
  pages = {3287-3302},
  title = {On the Relation of Slow Feature Analysis and Laplacian Eigenmaps},
  url = {https://doi.org/10.1162/NECO_a_00214},
  volume = {23},
  year = {2011}
}
