@article{10.1162/NECO_a_00191,
  author = {Tu, Jianjun and He, Hanlin},
  doi = {10.1162/NECO_a_00191},
  eprint = {https://direct.mit.edu/neco/article-pdf/24/1/217/857074/neco_a_00191.pdf},
  issn = {0899-7667},
  journal = {Neural Computation},
  month = {01},
  number = {1},
  openalex = {W2127867266},
  pages = {217-233},
  title = {Guaranteed Cost Synchronization of Chaotic Cellular Neural Networks with Time-Varying Delay},
  url = {https://doi.org/10.1162/NECO_a_00191},
  volume = {24},
  year = {2012}
}

@article{10.1162/NECO_a_00194,
  author = {Li, Xiaojun and Ma, Yide and Wang, Zhaobin and Yu, Wenrui},
  doi = {10.1162/NECO_a_00194},
  eprint = {https://direct.mit.edu/neco/article-pdf/24/1/194/856989/neco_a_00194.pdf},
  issn = {0899-7667},
  journal = {Neural Computation},
  month = {01},
  number = {1},
  openalex = {W2056609665},
  pages = {194-216},
  title = {Geometry-Invariant Texture Retrieval Using a Dual-Output Pulse-Coupled Neural Network},
  url = {https://doi.org/10.1162/NECO_a_00194},
  volume = {24},
  year = {2012}
}

@article{10.1162/NECO_a_00200,
  author = {Hermans, Michiel and Schrauwen, Benjamin},
  doi = {10.1162/NECO_a_00200},
  eprint = {https://direct.mit.edu/neco/article-pdf/24/1/104/857448/neco_a_00200.pdf},
  issn = {0899-7667},
  journal = {Neural Computation},
  month = {01},
  number = {1},
  openalex = {W2090722674},
  pages = {104-133},
  title = {Recurrent Kernel Machines: Computing with Infinite Echo State Networks},
  url = {https://doi.org/10.1162/NECO_a_00200},
  volume = {24},
  year = {2012}
}

@article{10.1162/NECO_a_00212,
  author = {Shankar, Karthik H. and Howard, Marc W.},
  doi = {10.1162/NECO_a_00212},
  eprint = {https://direct.mit.edu/neco/article-pdf/24/1/134/857953/neco_a_00212.pdf},
  issn = {0899-7667},
  journal = {Neural Computation},
  month = {01},
  number = {1},
  openalex = {W2101782048},
  pages = {134-193},
  title = {A Scale-Invariant Internal Representation of Time},
  url = {https://doi.org/10.1162/NECO_a_00212},
  volume = {24},
  year = {2012}
}

@article{10.1162/NECO_a_00219,
  author = {Takeda, Ryu and Nakadai, Kazuhiro and Takahashi, Toru and Komatani, Kazunori and Ogata, Tetsuya and Okuno, Hiroshi G.},
  doi = {10.1162/NECO_a_00219},
  eprint = {https://direct.mit.edu/neco/article-pdf/24/1/234/858664/neco_a_00219.pdf},
  issn = {0899-7667},
  journal = {Neural Computation},
  month = {01},
  number = {1},
  openalex = {W2152158092},
  pages = {234-272},
  title = {Efficient Blind Dereverberation and Echo Cancellation Based on Independent Component Analysis for Actual Acoustic Signals},
  url = {https://doi.org/10.1162/NECO_a_00219},
  volume = {24},
  year = {2012}
}

@article{10.1162/NECO_a_00220,
  author = {Wang, Jane X. and Zochowski, Michal},
  doi = {10.1162/NECO_a_00220},
  eprint = {https://direct.mit.edu/neco/article-pdf/24/1/32/857432/neco_a_00220.pdf},
  issn = {0899-7667},
  journal = {Neural Computation},
  month = {01},
  number = {1},
  openalex = {W1980542338},
  pages = {32-59},
  title = {Interactions of Excitatory and Inhibitory Feedback Topologies in Facilitating Pattern Separation and Retrieval},
  url = {https://doi.org/10.1162/NECO_a_00220},
  volume = {24},
  year = {2012}
}

@article{10.1162/NECO_a_00221,
  author = {Miller, Kenneth D. and Fumarola, Francesco},
  doi = {10.1162/NECO_a_00221},
  eprint = {https://direct.mit.edu/neco/article-pdf/24/1/25/857708/neco_a_00221.pdf},
  issn = {0899-7667},
  journal = {Neural Computation},
  month = {01},
  number = {1},
  openalex = {W2154046869},
  pages = {25-31},
  title = {Mathematical Equivalence of Two Common Forms of Firing Rate Models of Neural Networks},
  url = {https://doi.org/10.1162/NECO_a_00221},
  volume = {24},
  year = {2012}
}

@article{10.1162/NECO_a_00222,
  author = {Spratling, M. W.},
  doi = {10.1162/NECO_a_00222},
  eprint = {https://direct.mit.edu/neco/article-pdf/24/1/60/857555/neco_a_00222.pdf},
  issn = {0899-7667},
  journal = {Neural Computation},
  month = {01},
  number = {1},
  pages = {60-103},
  title = {Unsupervised Learning of Generative and Discriminative Weights Encoding Elementary Image Components in a Predictive Coding Model of Cortical Function},
  url = {https://doi.org/10.1162/NECO_a_00222},
  volume = {24},
  year = {2012}
}

@article{10.1162/NECO_a_00223,
  author = {Rokni, Uri and Sompolinsky, Haim},
  doi = {10.1162/NECO_a_00223},
  eprint = {https://direct.mit.edu/neco/article-pdf/24/2/289/861448/neco_a_00223.pdf},
  issn = {0899-7667},
  journal = {Neural Computation},
  month = {02},
  number = {2},
  openalex = {W2109328879},
  pages = {289-331},
  title = {How the Brain Generates Movement},
  url = {https://doi.org/10.1162/NECO_a_00223},
  volume = {24},
  year = {2012}
}

@article{10.1162/NECO_a_00224,
  author = {Elliott, Terry},
  doi = {10.1162/NECO_a_00224},
  eprint = {https://direct.mit.edu/neco/article-pdf/24/2/455/863180/neco_a_00224.pdf},
  issn = {0899-7667},
  journal = {Neural Computation},
  month = {02},
  number = {2},
  openalex = {W2040210434},
  pages = {455-522},
  title = {Cross-Talk Induces Bifurcations in Nonlinear Models of Synaptic Plasticity},
  url = {https://doi.org/10.1162/NECO_a_00224},
  volume = {24},
  year = {2012}
}

@article{10.1162/NECO_a_00225,
  author = {White, Halbert and Cho, Jin Seo},
  doi = {10.1162/NECO_a_00225},
  eprint = {https://direct.mit.edu/neco/article-pdf/24/1/273/859323/neco_a_00225.pdf},
  issn = {0899-7667},
  journal = {Neural Computation},
  month = {01},
  number = {1},
  openalex = {W2123285054},
  pages = {273-287},
  title = {Higher-Order Approximations for Testing Neglected Nonlinearity},
  url = {https://doi.org/10.1162/NECO_a_00225},
  volume = {24},
  year = {2012}
}

@article{10.1162/NECO_a_00226,
  author = {Gershman, Samuel J. and Vul, Edward and Tenenbaum, Joshua B.},
  doi = {10.1162/NECO_a_00226},
  eprint = {https://direct.mit.edu/neco/article-pdf/24/1/1/857933/neco_a_00226.pdf},
  issn = {0899-7667},
  journal = {Neural Computation},
  month = {01},
  number = {1},
  openalex = {W1972769376},
  pages = {1-24},
  title = {Multistability and Perceptual Inference},
  url = {https://doi.org/10.1162/NECO_a_00226},
  volume = {24},
  year = {2012}
}

@article{10.1162/NECO_a_00227,
  author = {Renart, Alfonso and van Rossum, Mark C. W.},
  doi = {10.1162/NECO_a_00227},
  eprint = {https://direct.mit.edu/neco/article-pdf/24/2/391/861095/neco_a_00227.pdf},
  issn = {0899-7667},
  journal = {Neural Computation},
  month = {02},
  number = {2},
  openalex = {W2121033203},
  pages = {391-407},
  title = {Transmission of Population-Coded Information},
  url = {https://doi.org/10.1162/NECO_a_00227},
  volume = {24},
  year = {2012}
}

@article{10.1162/NECO_a_00232,
  author = {Marković, Dimitrije and Gros, Claudius},
  doi = {10.1162/NECO_a_00232},
  eprint = {https://direct.mit.edu/neco/article-pdf/24/2/523/861307/neco_a_00232.pdf},
  issn = {0899-7667},
  journal = {Neural Computation},
  month = {02},
  number = {2},
  openalex = {W2168545265},
  pages = {523-540},
  title = {Intrinsic Adaptation in Autonomous Recurrent Neural Networks},
  url = {https://doi.org/10.1162/NECO_a_00232},
  volume = {24},
  year = {2012}
}

@article{10.1162/NECO_a_00233,
  author = {Erdem, Aykut and Pelillo, Marcello},
  doi = {10.1162/NECO_a_00233},
  eprint = {https://direct.mit.edu/neco/article-pdf/24/3/700/865153/neco_a_00233.pdf},
  issn = {0899-7667},
  journal = {Neural Computation},
  month = {03},
  number = {3},
  openalex = {W2156726056},
  pages = {700-723},
  title = {Graph Transduction as a Noncooperative Game},
  url = {https://doi.org/10.1162/NECO_a_00233},
  volume = {24},
  year = {2012}
}

@article{10.1162/NECO_a_00234,
  author = {Lim, Sukbin and Goldman, Mark S.},
  doi = {10.1162/NECO_a_00234},
  eprint = {https://direct.mit.edu/neco/article-pdf/24/2/332/862682/neco_a_00234.pdf},
  issn = {0899-7667},
  journal = {Neural Computation},
  month = {02},
  number = {2},
  openalex = {W2121371373},
  pages = {332-390},
  title = {Noise Tolerance of Attractor and Feedforward Memory Models},
  url = {https://doi.org/10.1162/NECO_a_00234},
  volume = {24},
  year = {2012}
}

@article{10.1162/NECO_a_00235,
  author = {Dauwels, Justin and Weber, Theophane and Vialatte, François and Musha, Toshimitsu and Cichocki, Andrzej},
  doi = {10.1162/NECO_a_00235},
  eprint = {https://direct.mit.edu/neco/article-pdf/24/2/408/862069/neco_a_00235.pdf},
  issn = {0899-7667},
  journal = {Neural Computation},
  month = {02},
  number = {2},
  openalex = {W2145353478},
  pages = {408-454},
  title = {Quantifying Statistical Interdependence, Part III: N &gt; 2 Point Processes},
  url = {https://doi.org/10.1162/NECO_a_00235},
  volume = {24},
  year = {2012}
}

@article{10.1162/NECO_a_00236,
  author = {Potworowski, Jan and Jakuczun, Wit and Łȩski, Szymon and Wójcik, Daniel},
  doi = {10.1162/NECO_a_00236},
  eprint = {https://direct.mit.edu/neco/article-pdf/24/2/541/861627/neco_a_00236.pdf},
  issn = {0899-7667},
  journal = {Neural Computation},
  month = {02},
  number = {2},
  openalex = {W2106203611},
  pages = {541-575},
  title = {Kernel Current Source Density Method},
  url = {https://doi.org/10.1162/NECO_a_00236},
  volume = {24},
  year = {2012}
}

@article{10.1162/NECO_a_00237,
  author = {Fortney, Kristen and Tweed, Douglas B.},
  doi = {10.1162/NECO_a_00237},
  eprint = {https://direct.mit.edu/neco/article-pdf/24/3/611/864714/neco_a_00237.pdf},
  issn = {0899-7667},
  journal = {Neural Computation},
  month = {03},
  number = {3},
  openalex = {W2111737714},
  pages = {611-634},
  title = {Computational Advantages of Reverberating Loops for Sensorimotor Learning},
  url = {https://doi.org/10.1162/NECO_a_00237},
  volume = {24},
  year = {2012}
}

@article{10.1162/NECO_a_00238,
  author = {Pan, Linqiang and Wang, Jun and Hoogeboom, Hendrik Jan},
  doi = {10.1162/NECO_a_00238},
  eprint = {https://direct.mit.edu/neco/article-pdf/24/3/805/864876/neco_a_00238.pdf},
  issn = {0899-7667},
  journal = {Neural Computation},
  month = {03},
  number = {3},
  openalex = {W2095430864},
  pages = {805-825},
  title = {Spiking Neural P Systems with Astrocytes},
  url = {https://doi.org/10.1162/NECO_a_00238},
  volume = {24},
  year = {2012}
}

@article{10.1162/NECO_a_00239,
  author = {Baram, Yoram},
  doi = {10.1162/NECO_a_00239},
  eprint = {https://direct.mit.edu/neco/article-pdf/24/3/676/864494/neco_a_00239.pdf},
  issn = {0899-7667},
  journal = {Neural Computation},
  month = {03},
  number = {3},
  openalex = {W2152231628},
  pages = {676-699},
  title = {Noninvertibility, Chaotic Coding, and Chaotic Multiplexity of Synaptically Modulated Neural Firing},
  url = {https://doi.org/10.1162/NECO_a_00239},
  volume = {24},
  year = {2012}
}

@article{10.1162/NECO_a_00240,
  author = {Aparin, Vladimir},
  doi = {10.1162/NECO_a_00240},
  eprint = {https://direct.mit.edu/neco/article-pdf/24/3/724/864569/neco_a_00240.pdf},
  issn = {0899-7667},
  journal = {Neural Computation},
  month = {03},
  number = {3},
  pages = {724-743},
  title = {Simple Modification of Oja Rule Limits L1-Norm of Weight Vector and Leads to Sparse Connectivity},
  url = {https://doi.org/10.1162/NECO_a_00240},
  volume = {24},
  year = {2012}
}

@article{10.1162/NECO_a_00241,
  author = {Yuan, Xiao-Tong and Yan, Shuicheng},
  doi = {10.1162/NECO_a_00241},
  eprint = {https://direct.mit.edu/neco/article-pdf/24/4/1047/868167/neco_a_00241.pdf},
  issn = {0899-7667},
  journal = {Neural Computation},
  month = {04},
  number = {4},
  openalex = {W2132532978},
  pages = {1047-1084},
  title = {Nondegenerate Piecewise Linear Systems: A Finite Newton Algorithm and Applications in Machine Learning},
  url = {https://doi.org/10.1162/NECO_a_00241},
  volume = {24},
  year = {2012}
}

@article{10.1162/NECO_a_00246,
  author = {Sugimoto, Norikazu and Haruno, Masahiko and Doya, Kenji and Kawato, Mitsuo},
  doi = {10.1162/NECO_a_00246},
  eprint = {https://direct.mit.edu/neco/article-pdf/24/3/577/864617/neco_a_00246.pdf},
  issn = {0899-7667},
  journal = {Neural Computation},
  month = {03},
  number = {3},
  openalex = {W2099860458},
  pages = {577-606},
  title = {MOSAIC for Multiple-Reward Environments},
  url = {https://doi.org/10.1162/NECO_a_00246},
  volume = {24},
  year = {2012}
}

@article{10.1162/NECO_a_00247,
  author = {Cadieu, Charles F. and Olshausen, Bruno A.},
  doi = {10.1162/NECO_a_00247},
  eprint = {https://direct.mit.edu/neco/article-pdf/24/4/827/867616/neco_a_00247.pdf},
  issn = {0899-7667},
  journal = {Neural Computation},
  month = {04},
  number = {4},
  openalex = {W2075649259},
  pages = {827-866},
  title = {Learning Intermediate-Level Representations of Form and Motion from Natural Movies},
  url = {https://doi.org/10.1162/NECO_a_00247},
  volume = {24},
  year = {2012}
}

@article{10.1162/NECO_a_00248,
  author = {Fairbank, Michael and Alonso, Eduardo},
  doi = {10.1162/NECO_a_00248},
  eprint = {https://direct.mit.edu/neco/article-pdf/24/3/607/864599/neco_a_00248.pdf},
  issn = {0899-7667},
  journal = {Neural Computation},
  month = {03},
  number = {3},
  openalex = {W2097972286},
  pages = {607-610},
  title = {Efficient Calculation of the Gauss-Newton Approximation of the Hessian Matrix in Neural Networks},
  url = {https://doi.org/10.1162/NECO_a_00248},
  volume = {24},
  year = {2012}
}

@article{10.1162/NECO_a_00249,
  author = {Hattori, Yuya and Suzuki, Michiyo and Soh, Zu and Kobayashi, Yasuhiko and Tsuji, Toshio},
  doi = {10.1162/NECO_a_00249},
  eprint = {https://direct.mit.edu/neco/article-pdf/24/3/635/865469/neco_a_00249.pdf},
  issn = {0899-7667},
  journal = {Neural Computation},
  month = {03},
  number = {3},
  openalex = {W2081057382},
  pages = {635-675},
  title = {Theoretical and Evolutionary Parameter Tuning of Neural Oscillators with a Double-Chain Structure for Generating Rhythmic Signals},
  url = {https://doi.org/10.1162/NECO_a_00249},
  volume = {24},
  year = {2012}
}

@article{10.1162/NECO_a_00250,
  author = {Bunte, Kerstin and Biehl, Michael and Hammer, Barbara},
  doi = {10.1162/NECO_a_00250},
  eprint = {https://direct.mit.edu/neco/article-pdf/24/3/771/865925/neco_a_00250.pdf},
  issn = {0899-7667},
  journal = {Neural Computation},
  month = {03},
  number = {3},
  openalex = {W2115622455},
  pages = {771-804},
  title = {A General Framework for Dimensionality-Reducing Data Visualization Mapping},
  url = {https://doi.org/10.1162/NECO_a_00250},
  volume = {24},
  year = {2012}
}

@article{10.1162/NECO_a_00251,
  author = {Miyamoto, Ai and Hasegawa, Jun and Zheng, Meihong and Hoshino, Osamu},
  doi = {10.1162/NECO_a_00251},
  eprint = {https://direct.mit.edu/neco/article-pdf/24/3/744/865856/neco_a_00251.pdf},
  issn = {0899-7667},
  journal = {Neural Computation},
  month = {03},
  number = {3},
  openalex = {W2021905727},
  pages = {744-770},
  title = {Diffusive Feedback Influences on Hierarchical Information Processing},
  url = {https://doi.org/10.1162/NECO_a_00251},
  volume = {24},
  year = {2012}
}

@article{10.1162/NECO_a_00252,
  author = {Kanamaru, Takashi and Aihara, Kazuyuki},
  doi = {10.1162/NECO_a_00252},
  eprint = {https://direct.mit.edu/neco/article-pdf/24/4/1020/867540/neco_a_00252.pdf},
  issn = {0899-7667},
  journal = {Neural Computation},
  month = {04},
  number = {4},
  openalex = {W2170570437},
  pages = {1020-1046},
  title = {Rewiring-Induced Chaos in Pulse-Coupled Neural Networks},
  url = {https://doi.org/10.1162/NECO_a_00252},
  volume = {24},
  year = {2012}
}

@article{10.1162/NECO_a_00253,
  author = {Shutin, Dmitriy and Zechner, Christoph and Kulkarni, Sanjeev R. and Poor, H. Vincent},
  doi = {10.1162/NECO_a_00253},
  eprint = {https://direct.mit.edu/neco/article-pdf/24/4/967/867921/neco_a_00253.pdf},
  issn = {0899-7667},
  journal = {Neural Computation},
  month = {04},
  number = {4},
  openalex = {W2090292563},
  pages = {967-995},
  title = {Regularized Variational Bayesian Learning of Echo State Networks with Delay&amp;Sum Readout},
  url = {https://doi.org/10.1162/NECO_a_00253},
  volume = {24},
  year = {2012}
}

@article{10.1162/NECO_a_00254,
  author = {Savitha, R. and Suresh, S. and Sundararajan, N.},
  doi = {10.1162/NECO_a_00254},
  eprint = {https://direct.mit.edu/neco/article-pdf/24/5/1297/865065/neco_a_00254.pdf},
  issn = {0899-7667},
  journal = {Neural Computation},
  month = {05},
  number = {5},
  pages = {1297-1328},
  title = {Metacognitive Learning in a Fully Complex-Valued Radial Basis Function Neural Network},
  url = {https://doi.org/10.1162/NECO_a_00254},
  volume = {24},
  year = {2012}
}

@article{10.1162/NECO_a_00255,
  author = {Tripp, Bryan P.},
  doi = {10.1162/NECO_a_00255},
  eprint = {https://direct.mit.edu/neco/article-pdf/24/4/867/867578/neco_a_00255.pdf},
  issn = {0899-7667},
  journal = {Neural Computation},
  month = {04},
  number = {4},
  openalex = {W2019394797},
  pages = {867-894},
  title = {Decorrelation of Spiking Variability and Improved Information Transfer Through Feedforward Divisive Normalization},
  url = {https://doi.org/10.1162/NECO_a_00255},
  volume = {24},
  year = {2012}
}

@article{10.1162/NECO_a_00256,
  author = {Gillis, Nicolas and Glineur, François},
  doi = {10.1162/NECO_a_00256},
  eprint = {https://direct.mit.edu/neco/article-pdf/24/4/1085/867872/neco_a_00256.pdf},
  issn = {0899-7667},
  journal = {Neural Computation},
  month = {04},
  number = {4},
  openalex = {W3122703110},
  pages = {1085-1105},
  title = {Accelerated Multiplicative Updates and Hierarchical ALS Algorithms for Nonnegative Matrix Factorization},
  url = {https://doi.org/10.1162/NECO_a_00256},
  volume = {24},
  year = {2012}
}

@article{10.1162/NECO_a_00257,
  author = {Nossenson, Nir and Messer, Hagit},
  doi = {10.1162/NECO_a_00257},
  eprint = {https://direct.mit.edu/neco/article-pdf/24/4/895/868687/neco_a_00257.pdf},
  issn = {0899-7667},
  journal = {Neural Computation},
  month = {04},
  number = {4},
  openalex = {W2160261289},
  pages = {895-938},
  title = {Optimal Sequential Detection of Stimuli from Multiunit Recordings Taken in Densely Populated Brain Regions},
  url = {https://doi.org/10.1162/NECO_a_00257},
  volume = {24},
  year = {2012}
}

@article{10.1162/NECO_a_00262,
  author = {Tanaka, Hirokazu and Krakauer, John W. and Sejnowski, Terrence J.},
  doi = {10.1162/NECO_a_00262},
  eprint = {https://direct.mit.edu/neco/article-pdf/24/4/939/868074/neco_a_00262.pdf},
  issn = {0899-7667},
  journal = {Neural Computation},
  month = {04},
  number = {4},
  openalex = {W1974690204},
  pages = {939-966},
  title = {Generalization and Multirate Models of Motor Adaptation},
  url = {https://doi.org/10.1162/NECO_a_00262},
  volume = {24},
  year = {2012}
}

@article{10.1162/NECO_a_00263,
  author = {Cabessa, Jérémie and Siegelmann, Hava T.},
  doi = {10.1162/NECO_a_00263},
  eprint = {https://direct.mit.edu/neco/article-pdf/24/4/996/869115/neco_a_00263.pdf},
  issn = {0899-7667},
  journal = {Neural Computation},
  month = {04},
  number = {4},
  openalex = {W2122772951},
  pages = {996-1019},
  title = {The Computational Power of Interactive Recurrent Neural Networks},
  url = {https://doi.org/10.1162/NECO_a_00263},
  volume = {24},
  year = {2012}
}

@article{10.1162/NECO_a_00264,
  author = {Katahira, Kentaro and Okanoya, Kazuo and Okada, Masato},
  doi = {10.1162/NECO_a_00264},
  eprint = {https://direct.mit.edu/neco/article-pdf/24/5/1230/866054/neco_a_00264.pdf},
  issn = {0899-7667},
  journal = {Neural Computation},
  month = {05},
  number = {5},
  openalex = {W2160568950},
  pages = {1230-1270},
  title = {Statistical Mechanics of Reward-Modulated Learning in Decision-Making Networks},
  url = {https://doi.org/10.1162/NECO_a_00264},
  volume = {24},
  year = {2012}
}

@article{10.1162/NECO_a_00265,
  author = {Lin, Hsuan-Tien and Li, Ling},
  doi = {10.1162/NECO_a_00265},
  eprint = {https://direct.mit.edu/neco/article-pdf/24/5/1329/866301/neco_a_00265.pdf},
  issn = {0899-7667},
  journal = {Neural Computation},
  month = {05},
  number = {5},
  openalex = {W2124648328},
  pages = {1329-1367},
  title = {Reduction from Cost-Sensitive Ordinal Ranking to Weighted Binary Classification},
  url = {https://doi.org/10.1162/NECO_a_00265},
  volume = {24},
  year = {2012}
}

@article{10.1162/NECO_a_00266,
  author = {Zhang, Zhiyi},
  doi = {10.1162/NECO_a_00266},
  eprint = {https://direct.mit.edu/neco/article-pdf/24/5/1368/865674/neco_a_00266.pdf},
  issn = {0899-7667},
  journal = {Neural Computation},
  month = {05},
  number = {5},
  openalex = {W2141753389},
  pages = {1368-1389},
  title = {Entropy Estimation in Turing's Perspective},
  url = {https://doi.org/10.1162/NECO_a_00266},
  volume = {24},
  year = {2012}
}

@article{10.1162/NECO_a_00267,
  author = {Leen, Todd K. and Friel, Robert},
  doi = {10.1162/NECO_a_00267},
  eprint = {https://direct.mit.edu/neco/article-pdf/24/5/1109/865355/neco_a_00267.pdf},
  issn = {0899-7667},
  journal = {Neural Computation},
  month = {05},
  number = {5},
  openalex = {W2067330091},
  pages = {1109-1146},
  title = {Stochastic Perturbation Methods for Spike-Timing-Dependent Plasticity},
  url = {https://doi.org/10.1162/NECO_a_00267},
  volume = {24},
  year = {2012}
}

@article{10.1162/NECO_a_00268,
  author = {Teichmann, Michael and Wiltschut, Jan and Hamker, Fred},
  doi = {10.1162/NECO_a_00268},
  eprint = {https://direct.mit.edu/neco/article-pdf/24/5/1271/865482/neco_a_00268.pdf},
  issn = {0899-7667},
  journal = {Neural Computation},
  month = {05},
  number = {5},
  openalex = {W2037782496},
  pages = {1271-1296},
  title = {Learning Invariance from Natural Images Inspired by Observations in the Primary Visual Cortex},
  url = {https://doi.org/10.1162/NECO_a_00268},
  volume = {24},
  year = {2012}
}

@article{10.1162/NECO_a_00269,
  author = {Fung, C. C. Alan and Wong, K. Y. Michael and Wang, He and Wu, Si},
  doi = {10.1162/NECO_a_00269},
  eprint = {https://direct.mit.edu/neco/article-pdf/24/5/1147/866701/neco_a_00269.pdf},
  issn = {0899-7667},
  journal = {Neural Computation},
  month = {05},
  number = {5},
  pages = {1147-1185},
  title = {Dynamical Synapses Enhance Neural Information Processing: Gracefulness, Accuracy, and Mobility},
  url = {https://doi.org/10.1162/NECO_a_00269},
  volume = {24},
  year = {2012}
}

@article{10.1162/NECO_a_00270,
  author = {Ratcliff, Roger and Frank, Michael J.},
  doi = {10.1162/NECO_a_00270},
  eprint = {https://direct.mit.edu/neco/article-pdf/24/5/1186/866035/neco_a_00270.pdf},
  issn = {0899-7667},
  journal = {Neural Computation},
  month = {05},
  number = {5},
  openalex = {W1997904803},
  pages = {1186-1229},
  title = {Reinforcement-Based Decision Making in Corticostriatal Circuits: Mutual Constraints by Neurocomputational and Diffusion Models},
  url = {https://doi.org/10.1162/NECO_a_00270},
  volume = {24},
  year = {2012}
}

@article{10.1162/NECO_a_00271,
  author = {Aoyagi, Miki and Nagata, Kenji},
  doi = {10.1162/NECO_a_00271},
  eprint = {https://direct.mit.edu/neco/article-pdf/24/6/1569/867234/neco_a_00271.pdf},
  issn = {0899-7667},
  journal = {Neural Computation},
  month = {06},
  number = {6},
  openalex = {W2110230349},
  pages = {1569-1610},
  title = {Learning Coefficient of Generalization Error in Bayesian Estimation and Vandermonde Matrix-Type Singularity},
  url = {https://doi.org/10.1162/NECO_a_00271},
  volume = {24},
  year = {2012}
}

@article{10.1162/NECO_a_00277,
  author = {Chinta, Lakshminarayan V. and Tweed, Douglas B.},
  doi = {10.1162/NECO_a_00277},
  eprint = {https://direct.mit.edu/neco/article-pdf/24/6/1487/866853/neco_a_00277.pdf},
  issn = {0899-7667},
  journal = {Neural Computation},
  month = {06},
  number = {6},
  openalex = {W2016840647},
  pages = {1487-1518},
  title = {Adaptive Optimal Control Without Weight Transport},
  url = {https://doi.org/10.1162/NECO_a_00277},
  volume = {24},
  year = {2012}
}

@article{10.1162/NECO_a_00278,
  author = {Rudolph-Lilith, Michelle and Dubois, Mathieu and Destexhe, Alain},
  doi = {10.1162/NECO_a_00278},
  eprint = {https://direct.mit.edu/neco/article-pdf/24/6/1426/866570/neco_a_00278.pdf},
  issn = {0899-7667},
  journal = {Neural Computation},
  month = {06},
  number = {6},
  openalex = {W2024875816},
  pages = {1426-1461},
  title = {Analytical Integrate-and-Fire Neuron Models with Conductance-Based Dynamics and Realistic Postsynaptic Potential Time Course for Event-Driven Simulation Strategies},
  url = {https://doi.org/10.1162/NECO_a_00278},
  volume = {24},
  year = {2012}
}

@article{10.1162/NECO_a_00279,
  author = {Koyama, Shinsuke},
  doi = {10.1162/NECO_a_00279},
  eprint = {https://direct.mit.edu/neco/article-pdf/24/6/1408/866620/neco_a_00279.pdf},
  issn = {0899-7667},
  journal = {Neural Computation},
  month = {06},
  number = {6},
  openalex = {W2571409426},
  pages = {1408-1425},
  title = {On the Relation Between Encoding and Decoding of Neuronal Spikes},
  url = {https://doi.org/10.1162/NECO_a_00279},
  volume = {24},
  year = {2012}
}

@article{10.1162/NECO_a_00280,
  author = {Hass, Joachim and Herrmann, J. Michael},
  doi = {10.1162/NECO_a_00280},
  eprint = {https://direct.mit.edu/neco/article-pdf/24/6/1519/867019/neco_a_00280.pdf},
  issn = {0899-7667},
  journal = {Neural Computation},
  month = {06},
  number = {6},
  openalex = {W1993752682},
  pages = {1519-1552},
  title = {The Neural Representation of Time: An Information-Theoretic Perspective},
  url = {https://doi.org/10.1162/NECO_a_00280},
  volume = {24},
  year = {2012}
}

@article{10.1162/NECO_a_00281,
  author = {Yuan, Ke and Girolami, Mark and Niranjan, Mahesan},
  doi = {10.1162/NECO_a_00281},
  eprint = {https://direct.mit.edu/neco/article-pdf/24/6/1462/867116/neco_a_00281.pdf},
  issn = {0899-7667},
  journal = {Neural Computation},
  month = {06},
  number = {6},
  openalex = {W2035562623},
  pages = {1462-1486},
  title = {Markov Chain Monte Carlo Methods for State-Space Models with Point Process Observations},
  url = {https://doi.org/10.1162/NECO_a_00281},
  volume = {24},
  year = {2012}
}

@article{10.1162/NECO_a_00282,
  author = {Gershman, Samuel J. and Moore, Christopher D. and Todd, Michael T. and Norman, Kenneth A. and Sederberg, Per B.},
  doi = {10.1162/NECO_a_00282},
  eprint = {https://direct.mit.edu/neco/article-pdf/24/6/1553/867176/neco_a_00282.pdf},
  issn = {0899-7667},
  journal = {Neural Computation},
  month = {06},
  number = {6},
  openalex = {W2076546217},
  pages = {1553-1568},
  title = {The Successor Representation and Temporal Context},
  url = {https://doi.org/10.1162/NECO_a_00282},
  volume = {24},
  year = {2012}
}

@article{10.1162/NECO_a_00283,
  author = {Sriperumbudur, Bharath K. and Lanckriet, Gert R. G.},
  doi = {10.1162/NECO_a_00283},
  eprint = {https://direct.mit.edu/neco/article-pdf/24/6/1391/867607/neco_a_00283.pdf},
  issn = {0899-7667},
  journal = {Neural Computation},
  month = {06},
  number = {6},
  pages = {1391-1407},
  title = {A Proof of Convergence of the Concave-Convex Procedure Using Zangwill's Theory},
  url = {https://doi.org/10.1162/NECO_a_00283},
  volume = {24},
  year = {2012}
}

@article{10.1162/NECO_a_00284,
  author = {Miller, David J. and Raghuram, Jayaram and Kesidis, George and Collins, Christopher M.},
  doi = {10.1162/NECO_a_00284},
  eprint = {https://direct.mit.edu/neco/article-pdf/24/7/1926/1064020/neco_a_00284.pdf},
  issn = {0899-7667},
  journal = {Neural Computation},
  month = {07},
  number = {7},
  openalex = {W2117137182},
  pages = {1926-1966},
  title = {Improved Generative Semisupervised Learning Based on Finely Grained Component-Conditional Class Labeling},
  url = {https://doi.org/10.1162/NECO_a_00284},
  volume = {24},
  year = {2012}
}

@article{10.1162/NECO_a_00290,
  author = {Nadh, Kailash and Huyck, Christian},
  doi = {10.1162/NECO_a_00290},
  eprint = {https://direct.mit.edu/neco/article-pdf/24/7/1906/1062269/neco_a_00290.pdf},
  issn = {0899-7667},
  journal = {Neural Computation},
  month = {07},
  number = {7},
  openalex = {W2149883832},
  pages = {1906-1925},
  title = {A Neurocomputational Approach to Prepositional Phrase Attachment Ambiguity Resolution},
  url = {https://doi.org/10.1162/NECO_a_00290},
  volume = {24},
  year = {2012}
}

@article{10.1162/NECO_a_00291,
  author = {Seghouane, Abd-Krim and Amari, Shun-ichi},
  doi = {10.1162/NECO_a_00291},
  eprint = {https://direct.mit.edu/neco/article-pdf/24/7/1722/1062573/neco_a_00291.pdf},
  issn = {0899-7667},
  journal = {Neural Computation},
  month = {07},
  number = {7},
  pages = {1722-1739},
  title = {Identification of Directed Influence: Granger Causality, Kullback-Leibler Divergence, and Complexity},
  url = {https://doi.org/10.1162/NECO_a_00291},
  volume = {24},
  year = {2012}
}

@article{10.1162/NECO_a_00292,
  author = {Yarrow, Stuart and Challis, Edward and Seriès, Peggy},
  doi = {10.1162/NECO_a_00292},
  eprint = {https://direct.mit.edu/neco/article-pdf/24/7/1740/1062958/neco_a_00292.pdf},
  issn = {0899-7667},
  journal = {Neural Computation},
  month = {07},
  number = {7},
  openalex = {W2170334989},
  pages = {1740-1780},
  title = {Fisher and Shannon Information in Finite Neural Populations},
  url = {https://doi.org/10.1162/NECO_a_00292},
  volume = {24},
  year = {2012}
}

@article{10.1162/NECO_a_00293,
  author = {Neftci, Emre Ozgur and Toth, Bryan and Indiveri, Giacomo and Abarbanel, Henry D. I.},
  doi = {10.1162/NECO_a_00293},
  eprint = {https://direct.mit.edu/neco/article-pdf/24/7/1669/1062408/neco_a_00293.pdf},
  issn = {0899-7667},
  journal = {Neural Computation},
  month = {07},
  number = {7},
  pages = {1669-1694},
  title = {Dynamic State and Parameter Estimation Applied to Neuromorphic Systems},
  url = {https://doi.org/10.1162/NECO_a_00293},
  volume = {24},
  year = {2012}
}

@article{10.1162/NECO_a_00294,
  author = {Durant, Szonya and Zanker, Johannes M.},
  doi = {10.1162/NECO_a_00294},
  eprint = {https://direct.mit.edu/neco/article-pdf/24/7/1781/1062292/neco_a_00294.pdf},
  issn = {0899-7667},
  journal = {Neural Computation},
  month = {07},
  number = {7},
  openalex = {W2020699326},
  pages = {1781-1805},
  title = {Variation in the Local Motion Statistics of Real-Life Optic Flow Scenes},
  url = {https://doi.org/10.1162/NECO_a_00294},
  volume = {24},
  year = {2012}
}

@article{10.1162/NECO_a_00295,
  author = {Chalak, Karim and White, Halbert},
  doi = {10.1162/NECO_a_00295},
  eprint = {https://direct.mit.edu/neco/article-pdf/24/7/1611/1065694/neco_a_00295.pdf},
  issn = {0899-7667},
  journal = {Neural Computation},
  month = {07},
  number = {7},
  openalex = {W2143439874},
  pages = {1611-1668},
  title = {Causality, Conditional Independence, and Graphical Separation in Settable Systems},
  url = {https://doi.org/10.1162/NECO_a_00295},
  volume = {24},
  year = {2012}
}

@article{10.1162/NECO_a_00296,
  author = {Zhang, Wenhao and Wu, Si},
  doi = {10.1162/NECO_a_00296},
  eprint = {https://direct.mit.edu/neco/article-pdf/24/7/1695/1063393/neco_a_00296.pdf},
  issn = {0899-7667},
  journal = {Neural Computation},
  month = {07},
  number = {7},
  openalex = {W2170318278},
  pages = {1695-1721},
  title = {Neural Information Processing with Feedback Modulations},
  url = {https://doi.org/10.1162/NECO_a_00296},
  volume = {24},
  year = {2012}
}

@article{10.1162/NECO_a_00297,
  author = {Rodan, Ali and Tiňo, Peter},
  doi = {10.1162/NECO_a_00297},
  eprint = {https://direct.mit.edu/neco/article-pdf/24/7/1822/1063590/neco_a_00297.pdf},
  issn = {0899-7667},
  journal = {Neural Computation},
  month = {07},
  number = {7},
  openalex = {W2125790506},
  pages = {1822-1852},
  title = {Simple Deterministically Constructed Cycle Reservoirs with Regular Jumps},
  url = {https://doi.org/10.1162/NECO_a_00297},
  volume = {24},
  year = {2012}
}

@article{10.1162/NECO_a_00298,
  author = {Seth, Sohan and Príncipe, José C.},
  doi = {10.1162/NECO_a_00298},
  eprint = {https://direct.mit.edu/neco/article-pdf/24/7/1882/1064741/neco_a_00298.pdf},
  issn = {0899-7667},
  journal = {Neural Computation},
  month = {07},
  number = {7},
  openalex = {W2912278095},
  pages = {1882-1905},
  title = {Conditional Association},
  url = {https://doi.org/10.1162/NECO_a_00298},
  volume = {24},
  year = {2012}
}

@article{10.1162/NECO_a_00299,
  author = {Hino, Hideitsu and Reyhani, Nima and Murata, Noboru},
  doi = {10.1162/NECO_a_00299},
  eprint = {https://direct.mit.edu/neco/article-pdf/24/7/1853/1065444/neco_a_00299.pdf},
  issn = {0899-7667},
  journal = {Neural Computation},
  month = {07},
  number = {7},
  openalex = {W2155755485},
  pages = {1853-1881},
  title = {Multiple Kernel Learning with Gaussianity Measures},
  url = {https://doi.org/10.1162/NECO_a_00299},
  volume = {24},
  year = {2012}
}

@article{10.1162/NECO_a_00304,
  author = {Rutishauser, Ueli and Slotine, Jean-Jacques and Douglas, Rodney J.},
  doi = {10.1162/NECO_a_00304},
  eprint = {https://direct.mit.edu/neco/article-pdf/24/8/2033/872050/neco_a_00304.pdf},
  issn = {0899-7667},
  journal = {Neural Computation},
  month = {08},
  number = {8},
  openalex = {W3103288907},
  pages = {2033-2052},
  title = {Competition Through Selective Inhibitory Synchrony},
  url = {https://doi.org/10.1162/NECO_a_00304},
  volume = {24},
  year = {2012}
}

@article{10.1162/NECO_a_00305,
  author = {Stienen, Bernard M. C. and Schindler, Konrad and de Gelder, Beatrice},
  doi = {10.1162/NECO_a_00305},
  eprint = {https://direct.mit.edu/neco/article-pdf/24/7/1806/1063525/neco_a_00305.pdf},
  issn = {0899-7667},
  journal = {Neural Computation},
  month = {07},
  number = {7},
  openalex = {W2120233261},
  pages = {1806-1821},
  title = {A Computational Feedforward Model Predicts Categorization of Masked Emotional Body Language for Longer, but Not for Shorter, Latencies},
  url = {https://doi.org/10.1162/NECO_a_00305},
  volume = {24},
  year = {2012}
}

@article{10.1162/NECO_a_00306,
  author = {Sterne, Philip},
  doi = {10.1162/NECO_a_00306},
  eprint = {https://direct.mit.edu/neco/article-pdf/24/8/2053/871952/neco_a_00306.pdf},
  issn = {0899-7667},
  journal = {Neural Computation},
  month = {08},
  number = {8},
  openalex = {W2029639557},
  pages = {2053-2077},
  title = {Information Recall Using Relative Spike Timing in a Spiking Neural Network},
  url = {https://doi.org/10.1162/NECO_a_00306},
  volume = {24},
  year = {2012}
}

@article{10.1162/NECO_a_00307,
  author = {Kelly, Ryan C. and Kass, Robert E.},
  doi = {10.1162/NECO_a_00307},
  eprint = {https://direct.mit.edu/neco/article-pdf/24/8/2007/872257/neco_a_00307.pdf},
  issn = {0899-7667},
  journal = {Neural Computation},
  month = {08},
  number = {8},
  openalex = {W2013171232},
  pages = {2007-2032},
  title = {A Framework for Evaluating Pairwise and Multiway Synchrony Among Stimulus-Driven Neurons},
  url = {https://doi.org/10.1162/NECO_a_00307},
  volume = {24},
  year = {2012}
}

@article{10.1162/NECO_a_00308,
  author = {Shlizerman, Eli and Holmes, Philip},
  doi = {10.1162/NECO_a_00308},
  eprint = {https://direct.mit.edu/neco/article-pdf/24/8/2078/874300/neco_a_00308.pdf},
  issn = {0899-7667},
  journal = {Neural Computation},
  month = {08},
  number = {8},
  openalex = {W2124372375},
  pages = {2078-2118},
  title = {Neural Dynamics, Bifurcations, and Firing Rates in a Quadratic Integrate-and-Fire Model with a Recovery Variable. I: Deterministic Behavior},
  url = {https://doi.org/10.1162/NECO_a_00308},
  volume = {24},
  year = {2012}
}

@article{10.1162/NECO_a_00309,
  author = {Park, Il Memming and Seth, Sohan and Rao, Murali and Príncipe, José C.},
  doi = {10.1162/NECO_a_00309},
  eprint = {https://direct.mit.edu/neco/article-pdf/24/8/2223/872982/neco_a_00309.pdf},
  issn = {0899-7667},
  journal = {Neural Computation},
  month = {08},
  number = {8},
  openalex = {W2171445446},
  pages = {2223-2250},
  title = {Strictly Positive-Definite Spike Train Kernels for Point-Process Divergences},
  url = {https://doi.org/10.1162/NECO_a_00309},
  volume = {24},
  year = {2012}
}

@article{10.1162/NECO_a_00310,
  author = {Hosoya, Haruo},
  doi = {10.1162/NECO_a_00310},
  eprint = {https://direct.mit.edu/neco/article-pdf/24/8/2119/872681/neco_a_00310.pdf},
  issn = {0899-7667},
  journal = {Neural Computation},
  month = {08},
  number = {8},
  openalex = {W1973015992},
  pages = {2119-2150},
  title = {Multinomial Bayesian Learning for Modeling Classical and Nonclassical Receptive Field Properties},
  url = {https://doi.org/10.1162/NECO_a_00310},
  volume = {24},
  year = {2012}
}

@article{10.1162/NECO_a_00311,
  author = {Salakhutdinov, Ruslan and Hinton, Geoffrey},
  doi = {10.1162/NECO_a_00311},
  eprint = {https://direct.mit.edu/neco/article-pdf/24/8/1967/873357/neco_a_00311.pdf},
  issn = {0899-7667},
  journal = {Neural Computation},
  month = {08},
  number = {8},
  openalex = {W2071709160},
  pages = {1967-2006},
  title = {An Efficient Learning Procedure for Deep Boltzmann Machines},
  url = {https://doi.org/10.1162/NECO_a_00311},
  volume = {24},
  year = {2012}
}

@article{10.1162/NECO_a_00312,
  author = {Denil, Misha and Bazzani, Loris and Larochelle, Hugo and de Freitas, Nando},
  doi = {10.1162/NECO_a_00312},
  eprint = {https://direct.mit.edu/neco/article-pdf/24/8/2151/873846/neco_a_00312.pdf},
  issn = {0899-7667},
  journal = {Neural Computation},
  month = {08},
  number = {8},
  openalex = {W2154071538},
  pages = {2151-2184},
  title = {Learning Where to Attend with Deep Architectures for Image Tracking},
  url = {https://doi.org/10.1162/NECO_a_00312},
  volume = {24},
  year = {2012}
}

@article{10.1162/NECO_a_00313,
  author = {Shim, Yoonsik and Husbands, Phil},
  doi = {10.1162/NECO_a_00313},
  eprint = {https://direct.mit.edu/neco/article-pdf/24/8/2185/873958/neco_a_00313.pdf},
  issn = {0899-7667},
  journal = {Neural Computation},
  month = {08},
  number = {8},
  openalex = {W2043816516},
  pages = {2185-2222},
  title = {Chaotic Exploration and Learning of Locomotion Behaviors},
  url = {https://doi.org/10.1162/NECO_a_00313},
  volume = {24},
  year = {2012}
}

@article{10.1162/NECO_a_00314,
  author = {Mørup, Morten and Schmidt, Mikkel N.},
  doi = {10.1162/NECO_a_00314},
  eprint = {https://direct.mit.edu/neco/article-pdf/24/9/2434/868395/neco_a_00314.pdf},
  issn = {0899-7667},
  journal = {Neural Computation},
  month = {09},
  number = {9},
  openalex = {W1987885244},
  pages = {2434-2456},
  title = {Bayesian Community Detection},
  url = {https://doi.org/10.1162/NECO_a_00314},
  volume = {24},
  year = {2012}
}

@article{10.1162/NECO_a_00319,
  author = {Mathis, Alexander and Herz, Andreas V. M. and Stemmler, Martin},
  doi = {10.1162/NECO_a_00319},
  eprint = {https://direct.mit.edu/neco/article-pdf/24/9/2280/869396/neco_a_00319.pdf},
  issn = {0899-7667},
  journal = {Neural Computation},
  month = {09},
  number = {9},
  openalex = {W2121881115},
  pages = {2280-2317},
  title = {Optimal Population Codes for Space: Grid Cells Outperform Place Cells},
  url = {https://doi.org/10.1162/NECO_a_00319},
  volume = {24},
  year = {2012}
}

@article{10.1162/NECO_a_00320,
  author = {Tai, Farbound and Lin, Hsuan-Tien},
  doi = {10.1162/NECO_a_00320},
  eprint = {https://direct.mit.edu/neco/article-pdf/24/9/2508/868519/neco_a_00320.pdf},
  issn = {0899-7667},
  journal = {Neural Computation},
  month = {09},
  number = {9},
  openalex = {W2027869746},
  pages = {2508-2542},
  title = {Multilabel Classification with Principal Label Space Transformation},
  url = {https://doi.org/10.1162/NECO_a_00320},
  volume = {24},
  year = {2012}
}

@article{10.1162/NECO_a_00321,
  author = {Huerta, Ramón and Vembu, Shankar and Amigó, José M. and Nowotny, Thomas and Elkan, Charles},
  doi = {10.1162/NECO_a_00321},
  eprint = {https://direct.mit.edu/neco/article-pdf/24/9/2473/869694/neco_a_00321.pdf},
  issn = {0899-7667},
  journal = {Neural Computation},
  month = {09},
  number = {9},
  openalex = {W2053377145},
  pages = {2473-2507},
  title = {Inhibition in Multiclass Classification},
  url = {https://doi.org/10.1162/NECO_a_00321},
  volume = {24},
  year = {2012}
}

@article{10.1162/NECO_a_00322,
  author = {Galtier, Mathieu N. and Faugeras, Olivier D. and Bressloff, Paul C.},
  doi = {10.1162/NECO_a_00322},
  eprint = {https://direct.mit.edu/neco/article-pdf/24/9/2346/870586/neco_a_00322.pdf},
  issn = {0899-7667},
  journal = {Neural Computation},
  month = {09},
  number = {9},
  openalex = {W2038749976},
  pages = {2346-2383},
  title = {Hebbian Learning of Recurrent Connections: A Geometrical Perspective},
  url = {https://doi.org/10.1162/NECO_a_00322},
  volume = {24},
  year = {2012}
}

@article{10.1162/NECO_a_00323,
  author = {Koutsou, Achilleas and Christodoulou, Chris and Bugmann, Guido and Kanev, Jacob},
  doi = {10.1162/NECO_a_00323},
  eprint = {https://direct.mit.edu/neco/article-pdf/24/9/2318/868949/neco_a_00323.pdf},
  issn = {0899-7667},
  journal = {Neural Computation},
  month = {09},
  number = {9},
  openalex = {W1996149829},
  pages = {2318-2345},
  title = {Distinguishing the Causes of Firing with the Membrane Potential Slope},
  url = {https://doi.org/10.1162/NECO_a_00323},
  volume = {24},
  year = {2012}
}

@article{10.1162/NECO_a_00324,
  author = {Toyoizumi, Taro},
  doi = {10.1162/NECO_a_00324},
  eprint = {https://direct.mit.edu/neco/article-pdf/24/10/2678/875302/neco_a_00324.pdf},
  issn = {0899-7667},
  journal = {Neural Computation},
  month = {10},
  number = {10},
  openalex = {W3103309946},
  pages = {2678-2699},
  title = {Nearly Extensive Sequential Memory Lifetime Achieved by Coupled Nonlinear Neurons},
  url = {https://doi.org/10.1162/NECO_a_00324},
  volume = {24},
  year = {2012}
}

@article{10.1162/NECO_a_00325,
  author = {Ahn, Jong-Hoon and Kim, In Young},
  doi = {10.1162/NECO_a_00325},
  eprint = {https://direct.mit.edu/neco/article-pdf/24/9/2457/870271/neco_a_00325.pdf},
  issn = {0899-7667},
  journal = {Neural Computation},
  month = {09},
  number = {9},
  openalex = {W2036622174},
  pages = {2457-2472},
  title = {Learning the Dynamics of Objects by Optimal Functional Interpolation},
  url = {https://doi.org/10.1162/NECO_a_00325},
  volume = {24},
  year = {2012}
}

@article{10.1162/NECO_a_00330,
  author = {Eickenberg, Michael and Rowekamp, Ryan J. and Kouh, Minjoon and Sharpee, Tatyana O.},
  doi = {10.1162/NECO_a_00330},
  eprint = {https://direct.mit.edu/neco/article-pdf/24/9/2384/871720/neco_a_00330.pdf},
  issn = {0899-7667},
  journal = {Neural Computation},
  month = {09},
  number = {9},
  openalex = {W2124956368},
  pages = {2384-2421},
  title = {Characterizing Responses of Translation-Invariant Neurons to Natural Stimuli: Maximally Informative Invariant Dimensions},
  url = {https://doi.org/10.1162/NECO_a_00330},
  volume = {24},
  year = {2012}
}

@article{10.1162/NECO_a_00331,
  author = {Gilson, Matthieu and Bürck, Moritz and Burkitt, Anthony N. and van Hemmen, J. Leo},
  doi = {10.1162/NECO_a_00331},
  eprint = {https://direct.mit.edu/neco/article-pdf/24/9/2251/871426/neco_a_00331.pdf},
  issn = {0899-7667},
  journal = {Neural Computation},
  month = {09},
  number = {9},
  openalex = {W1995037311},
  pages = {2251-2279},
  title = {Frequency Selectivity Emerging from Spike-Timing-Dependent Plasticity},
  url = {https://doi.org/10.1162/NECO_a_00331},
  volume = {24},
  year = {2012}
}

@article{10.1162/NECO_a_00332,
  author = {Perrinet, Laurent U. and Masson, Guillaume S.},
  doi = {10.1162/NECO_a_00332},
  eprint = {https://direct.mit.edu/neco/article-pdf/24/10/2726/875244/neco_a_00332.pdf},
  issn = {0899-7667},
  journal = {Neural Computation},
  month = {10},
  number = {10},
  openalex = {W3103043140},
  pages = {2726-2750},
  title = {Motion-Based Prediction Is Sufficient to Solve the Aperture Problem},
  url = {https://doi.org/10.1162/NECO_a_00332},
  volume = {24},
  year = {2012}
}

@article{10.1162/NECO_a_00333,
  author = {Hunt, Jonathan J. and Ibbotson, Michael and Goodhill, Geoffrey J.},
  doi = {10.1162/NECO_a_00333},
  eprint = {https://direct.mit.edu/neco/article-pdf/24/9/2422/870261/neco_a_00333.pdf},
  issn = {0899-7667},
  journal = {Neural Computation},
  month = {09},
  number = {9},
  openalex = {W1965504167},
  pages = {2422-2433},
  title = {Sparse Coding on the Spot: Spontaneous Retinal Waves Suffice for Orientation Selectivity},
  url = {https://doi.org/10.1162/NECO_a_00333},
  volume = {24},
  year = {2012}
}

@article{10.1162/NECO_a_00334,
  author = {Pipa, Gordon and Chen, Zhe and Neuenschwander, Sergio and Lima, Bruss and Brown, Emery N.},
  doi = {10.1162/NECO_a_00334},
  eprint = {https://direct.mit.edu/neco/article-pdf/24/10/2543/875823/neco_a_00334.pdf},
  issn = {0899-7667},
  journal = {Neural Computation},
  month = {10},
  number = {10},
  openalex = {W2166955266},
  pages = {2543-2578},
  title = {Mapping of Visual Receptive Fields by Tomographic Reconstruction},
  url = {https://doi.org/10.1162/NECO_a_00334},
  volume = {24},
  year = {2012}
}

@article{10.1162/NECO_a_00335,
  author = {Elliott, Terry and Lagogiannis, Konstantinos},
  doi = {10.1162/NECO_a_00335},
  eprint = {https://direct.mit.edu/neco/article-pdf/24/10/2604/876527/neco_a_00335.pdf},
  issn = {0899-7667},
  journal = {Neural Computation},
  month = {10},
  number = {10},
  openalex = {W2158513690},
  pages = {2604-2654},
  title = {The Rise and Fall of Memory in a Model of Synaptic Integration},
  url = {https://doi.org/10.1162/NECO_a_00335},
  volume = {24},
  year = {2012}
}

@article{10.1162/NECO_a_00336,
  author = {Takenouchi, Takashi and Komori, Osamu and Eguchi, Shinto},
  doi = {10.1162/NECO_a_00336},
  eprint = {https://direct.mit.edu/neco/article-pdf/24/10/2789/875516/neco_a_00336.pdf},
  issn = {0899-7667},
  journal = {Neural Computation},
  month = {10},
  number = {10},
  openalex = {W2056716237},
  pages = {2789-2824},
  title = {An Extension of the Receiver Operating Characteristic Curve and AUC-Optimal Classification},
  url = {https://doi.org/10.1162/NECO_a_00336},
  volume = {24},
  year = {2012}
}

@article{10.1162/NECO_a_00341,
  author = {Tanaka, Takuma and Aoyagi, Toshio and Kaneko, Takeshi},
  doi = {10.1162/NECO_a_00341},
  eprint = {https://direct.mit.edu/neco/article-pdf/24/10/2700/875437/neco_a_00341.pdf},
  issn = {0899-7667},
  journal = {Neural Computation},
  month = {10},
  number = {10},
  openalex = {W2122298105},
  pages = {2700-2725},
  title = {Replicating Receptive Fields of Simple and Complex Cells in Primary Visual Cortex in a Neuronal Network Model with Temporal and Population Sparseness and Reliability},
  url = {https://doi.org/10.1162/NECO_a_00341},
  volume = {24},
  year = {2012}
}

@article{10.1162/NECO_a_00342,
  author = {Laparra, Valero and Jiménez, Sandra and Camps-Valls, Gustavo and Malo, Jesús},
  doi = {10.1162/NECO_a_00342},
  eprint = {https://direct.mit.edu/neco/article-pdf/24/10/2751/875397/neco_a_00342.pdf},
  issn = {0899-7667},
  journal = {Neural Computation},
  month = {10},
  number = {10},
  openalex = {W3098585936},
  pages = {2751-2788},
  title = {Nonlinearities and Adaptation of Color Vision from Sequential Principal Curves Analysis},
  url = {https://doi.org/10.1162/NECO_a_00342},
  volume = {24},
  year = {2012}
}

@article{10.1162/NECO_a_00343,
  author = {Azhar, Feraz and Anderson, William S.},
  doi = {10.1162/NECO_a_00343},
  eprint = {https://direct.mit.edu/neco/article-pdf/24/10/2655/876246/neco_a_00343.pdf},
  issn = {0899-7667},
  journal = {Neural Computation},
  month = {10},
  number = {10},
  openalex = {W2067099529},
  pages = {2655-2677},
  title = {Predicting Single-Neuron Activity in Locally Connected Networks},
  url = {https://doi.org/10.1162/NECO_a_00343},
  volume = {24},
  year = {2012}
}

@article{10.1162/NECO_a_00344,
  author = {Kompella, Varun Raj and Luciw, Matthew and Schmidhuber, Jürgen},
  doi = {10.1162/NECO_a_00344},
  eprint = {https://direct.mit.edu/neco/article-pdf/24/11/2994/870110/neco_a_00344.pdf},
  issn = {0899-7667},
  journal = {Neural Computation},
  month = {11},
  number = {11},
  openalex = {W2038101149},
  pages = {2994-3024},
  title = {Incremental Slow Feature Analysis: Adaptive Low-Complexity Slow Feature Updating from High-Dimensional Input Streams},
  url = {https://doi.org/10.1162/NECO_a_00344},
  volume = {24},
  year = {2012}
}

@article{10.1162/NECO_a_00345,
  author = {Lee, Tyler P. and Buonomano, Dean V.},
  doi = {10.1162/NECO_a_00345},
  eprint = {https://direct.mit.edu/neco/article-pdf/24/10/2579/875803/neco_a_00345.pdf},
  issn = {0899-7667},
  journal = {Neural Computation},
  month = {10},
  number = {10},
  openalex = {W1986790148},
  pages = {2579-2603},
  title = {Unsupervised Formation of Vocalization-Sensitive Neurons: A Cortical Model Based on Short-Term and Homeostatic Plasticity},
  url = {https://doi.org/10.1162/NECO_a_00345},
  volume = {24},
  year = {2012}
}

@article{10.1162/NECO_a_00346,
  author = {Taillefumier, Thibaud and Touboul, Jonathan and Magnasco, Marcelo},
  doi = {10.1162/NECO_a_00346},
  eprint = {https://direct.mit.edu/neco/article-pdf/24/12/3145/1058951/neco_a_00346.pdf},
  issn = {0899-7667},
  journal = {Neural Computation},
  month = {12},
  number = {12},
  openalex = {W2114586355},
  pages = {3145-3180},
  title = {Exact Event-Driven Implementation for Recurrent Networks of Stochastic Perfect Integrate-and-Fire Neurons},
  url = {https://doi.org/10.1162/NECO_a_00346},
  volume = {24},
  year = {2012}
}

@article{10.1162/NECO_a_00347,
  author = {Browning, N. Andrew},
  doi = {10.1162/NECO_a_00347},
  eprint = {https://direct.mit.edu/neco/article-pdf/24/11/2946/870076/neco_a_00347.pdf},
  issn = {0899-7667},
  journal = {Neural Computation},
  month = {11},
  number = {11},
  openalex = {W2108890793},
  pages = {2946-2963},
  title = {A Neural Circuit for Robust Time-to-Contact Estimation Based on Primate MST},
  url = {https://doi.org/10.1162/NECO_a_00347},
  volume = {24},
  year = {2012}
}

@article{10.1162/NECO_a_00348,
  author = {Llera, A. and Gómez, V. and Kappen, H. J.},
  doi = {10.1162/NECO_a_00348},
  eprint = {https://direct.mit.edu/neco/article-pdf/24/11/2900/870185/neco_a_00348.pdf},
  issn = {0899-7667},
  journal = {Neural Computation},
  month = {11},
  number = {11},
  openalex = {W2155825908},
  pages = {2900-2923},
  title = {Adaptive Classification on Brain-Computer Interfaces Using Reinforcement Signals},
  url = {https://doi.org/10.1162/NECO_a_00348},
  volume = {24},
  year = {2012}
}

@article{10.1162/NECO_a_00353,
  author = {Hu, Tao and Genkin, Alexander and Chklovskii, Dmitri B.},
  doi = {10.1162/NECO_a_00353},
  eprint = {https://direct.mit.edu/neco/article-pdf/24/11/2852/870341/neco_a_00353.pdf},
  issn = {0899-7667},
  journal = {Neural Computation},
  month = {11},
  number = {11},
  openalex = {W2005918037},
  pages = {2852-2872},
  title = {A Network of Spiking Neurons for Computing Sparse Representations in an Energy-Efficient Way},
  url = {https://doi.org/10.1162/NECO_a_00353},
  volume = {24},
  year = {2012}
}

@article{10.1162/NECO_a_00354,
  author = {Mendes, Eduardo F. and Jiang, Wenxin},
  doi = {10.1162/NECO_a_00354},
  eprint = {https://direct.mit.edu/neco/article-pdf/24/11/3025/871220/neco_a_00354.pdf},
  issn = {0899-7667},
  journal = {Neural Computation},
  month = {11},
  number = {11},
  openalex = {W2061155774},
  pages = {3025-3051},
  title = {On Convergence Rates of Mixtures of Polynomial Experts},
  url = {https://doi.org/10.1162/NECO_a_00354},
  volume = {24},
  year = {2012}
}

@article{10.1162/NECO_a_00355,
  author = {Vahdat, Shahabeddin and Maneshi, Mona and Grova, Christophe and Gotman, Jean and Milner, Theodore E.},
  doi = {10.1162/NECO_a_00355},
  eprint = {https://direct.mit.edu/neco/article-pdf/24/11/3052/870901/neco_a_00355.pdf},
  issn = {0899-7667},
  journal = {Neural Computation},
  month = {11},
  number = {11},
  openalex = {W2112297528},
  pages = {3052-3090},
  title = {Shared and Specific Independent Components Analysis for Between-Group Comparison},
  url = {https://doi.org/10.1162/NECO_a_00355},
  volume = {24},
  year = {2012}
}

@article{10.1162/NECO_a_00356,
  author = {Hoshino, Osamu},
  doi = {10.1162/NECO_a_00356},
  eprint = {https://direct.mit.edu/neco/article-pdf/24/11/2964/870528/neco_a_00356.pdf},
  issn = {0899-7667},
  journal = {Neural Computation},
  month = {11},
  number = {11},
  openalex = {W1998250983},
  pages = {2964-2993},
  title = {Regulation of Ambient GABA Levels by Neuron-Glia Signaling for Reliable Perception of Multisensory Events},
  url = {https://doi.org/10.1162/NECO_a_00356},
  volume = {24},
  year = {2012}
}

@article{10.1162/NECO_a_00357,
  author = {Valiant, Leslie G.},
  doi = {10.1162/NECO_a_00357},
  eprint = {https://direct.mit.edu/neco/article-pdf/24/11/2873/870510/neco_a_00357.pdf},
  issn = {0899-7667},
  journal = {Neural Computation},
  month = {11},
  number = {11},
  openalex = {W2126557446},
  pages = {2873-2899},
  title = {The Hippocampus as a Stable Memory Allocator for Cortex},
  url = {https://doi.org/10.1162/NECO_a_00357},
  volume = {24},
  year = {2012}
}

@article{10.1162/NECO_a_00358,
  author = {Fouad, Shereen and Tino, Peter},
  doi = {10.1162/NECO_a_00358},
  eprint = {https://direct.mit.edu/neco/article-pdf/24/11/2825/871138/neco_a_00358.pdf},
  issn = {0899-7667},
  journal = {Neural Computation},
  month = {11},
  number = {11},
  openalex = {W2035820761},
  pages = {2825-2851},
  title = {Adaptive Metric Learning Vector Quantization for Ordinal Classification},
  url = {https://doi.org/10.1162/NECO_a_00358},
  volume = {24},
  year = {2012}
}

@article{10.1162/NECO_a_00359,
  author = {Benedetti, Elisa and Budinich, Marco},
  doi = {10.1162/NECO_a_00359},
  eprint = {https://direct.mit.edu/neco/article-pdf/24/11/3091/871462/neco_a_00359.pdf},
  issn = {0899-7667},
  journal = {Neural Computation},
  month = {11},
  number = {11},
  openalex = {W2913553647},
  pages = {3091-3110},
  title = {Neural Relax},
  url = {https://doi.org/10.1162/NECO_a_00359},
  volume = {24},
  year = {2012}
}

@article{10.1162/NECO_a_00360,
  author = {Lepora, Nathan F. and Gurney, Kevin N.},
  doi = {10.1162/NECO_a_00360},
  eprint = {https://direct.mit.edu/neco/article-pdf/24/11/2924/871196/neco_a_00360.pdf},
  issn = {0899-7667},
  journal = {Neural Computation},
  month = {11},
  number = {11},
  openalex = {W2044669108},
  pages = {2924-2945},
  title = {The Basal Ganglia Optimize Decision Making over General Perceptual Hypotheses},
  url = {https://doi.org/10.1162/NECO_a_00360},
  volume = {24},
  year = {2012}
}

@article{10.1162/NECO_a_00365,
  author = {Ben-Yosef, Guy and Ben-Shahar, Ohad},
  doi = {10.1162/NECO_a_00365},
  eprint = {https://direct.mit.edu/neco/article-pdf/24/12/3277/1059140/neco_a_00365.pdf},
  issn = {0899-7667},
  journal = {Neural Computation},
  month = {12},
  number = {12},
  openalex = {W2014790542},
  pages = {3277-3316},
  title = {Tangent Bundle Curve Completion with Locally Connected Parallel Networks},
  url = {https://doi.org/10.1162/NECO_a_00365},
  volume = {24},
  year = {2012}
}

@article{10.1162/NECO_a_00366,
  author = {Schoen, Alan and Salehiomran, Ali and Larkum, Matthew E. and Cook, Erik P.},
  doi = {10.1162/NECO_a_00366},
  eprint = {https://direct.mit.edu/neco/article-pdf/24/12/3126/1058904/neco_a_00366.pdf},
  issn = {0899-7667},
  journal = {Neural Computation},
  month = {12},
  number = {12},
  openalex = {W1986144098},
  pages = {3126-3144},
  title = {A Compartmental Model of Linear Resonance and Signal Transfer in Dendrites},
  url = {https://doi.org/10.1162/NECO_a_00366},
  volume = {24},
  year = {2012}
}

@article{10.1162/NECO_a_00367,
  author = {Nie, Yimin and Tatsuno, Masami},
  doi = {10.1162/NECO_a_00367},
  eprint = {https://direct.mit.edu/neco/article-pdf/24/12/3213/1059336/neco_a_00367.pdf},
  issn = {0899-7667},
  journal = {Neural Computation},
  month = {12},
  number = {12},
  openalex = {W2100646696},
  pages = {3213-3245},
  title = {Information-Geometric Measures for Estimation of Connection Weight Under Correlated Inputs},
  url = {https://doi.org/10.1162/NECO_a_00367},
  volume = {24},
  year = {2012}
}

@article{10.1162/NECO_a_00368,
  author = {Zhang, Guoqiang and Heusdens, Richard},
  doi = {10.1162/NECO_a_00368},
  eprint = {https://direct.mit.edu/neco/article-pdf/24/12/3340/1060158/neco_a_00368.pdf},
  issn = {0899-7667},
  journal = {Neural Computation},
  month = {12},
  number = {12},
  openalex = {W2110464940},
  pages = {3340-3370},
  title = {Linear Coordinate-Descent Message Passing for Quadratic Optimization},
  url = {https://doi.org/10.1162/NECO_a_00368},
  volume = {24},
  year = {2012}
}

@article{10.1162/NECO_a_00369,
  author = {Liu, Guangcan and Yan, Shuicheng},
  doi = {10.1162/NECO_a_00369},
  eprint = {https://direct.mit.edu/neco/article-pdf/24/12/3371/1059778/neco_a_00369.pdf},
  issn = {0899-7667},
  journal = {Neural Computation},
  month = {12},
  number = {12},
  openalex = {W2013854956},
  pages = {3371-3394},
  title = {Active Subspace: Toward Scalable Low-Rank Learning},
  url = {https://doi.org/10.1162/NECO_a_00369},
  volume = {24},
  year = {2012}
}

@article{10.1162/NECO_a_00370,
  author = {Ermentrout, G. Bard and Glass, Leon and Oldeman, Bart E.},
  doi = {10.1162/NECO_a_00370},
  eprint = {https://direct.mit.edu/neco/article-pdf/24/12/3111/1059630/neco_a_00370.pdf},
  issn = {0899-7667},
  journal = {Neural Computation},
  month = {12},
  number = {12},
  openalex = {W2105534223},
  pages = {3111-3125},
  title = {The Shape of Phase-Resetting Curves in Oscillators with a Saddle Node on an Invariant Circle Bifurcation},
  url = {https://doi.org/10.1162/NECO_a_00370},
  volume = {24},
  year = {2012}
}

@article{10.1162/NECO_a_00371,
  author = {Kang, Kukjin and Amari, Shun-ichi},
  doi = {10.1162/NECO_a_00371},
  eprint = {https://direct.mit.edu/neco/article-pdf/24/12/3191/1061444/neco_a_00371.pdf},
  issn = {0899-7667},
  journal = {Neural Computation},
  month = {12},
  number = {12},
  pages = {3191-3212},
  title = {Self-Consistent Learning of the Environment},
  url = {https://doi.org/10.1162/NECO_a_00371},
  volume = {24},
  year = {2012}
}

@article{10.1162/NECO_a_00372,
  author = {Charles, Adam S. and Garrigues, Pierre and Rozell, Christopher J.},
  doi = {10.1162/NECO_a_00372},
  eprint = {https://direct.mit.edu/neco/article-pdf/24/12/3317/1060896/neco_a_00372.pdf},
  issn = {0899-7667},
  journal = {Neural Computation},
  month = {12},
  number = {12},
  openalex = {W2107306109},
  pages = {3317-3339},
  title = {A Common Network Architecture Efficiently Implements a Variety of Sparsity-Based Inference Problems},
  url = {https://doi.org/10.1162/NECO_a_00372},
  volume = {24},
  year = {2012}
}

@article{10.1162/NECO_a_00373,
  author = {Patel, Ameera X. and Murphy, Naomi and Burdakov, Denis},
  doi = {10.1162/NECO_a_00373},
  eprint = {https://direct.mit.edu/neco/article-pdf/24/12/3181/1059594/neco_a_00373.pdf},
  issn = {0899-7667},
  journal = {Neural Computation},
  month = {12},
  number = {12},
  openalex = {W2111575427},
  pages = {3181-3190},
  title = {Tuning Low-Voltage-Activated A-Current for Silent Gain Modulation},
  url = {https://doi.org/10.1162/NECO_a_00373},
  volume = {24},
  year = {2012}
}

@article{10.1162/NECO_a_00374,
  author = {Strauss, Tobias and Wustlich, Welf and Labahn, Roger},
  doi = {10.1162/NECO_a_00374},
  eprint = {https://direct.mit.edu/neco/article-pdf/24/12/3246/1061960/neco_a_00374.pdf},
  issn = {0899-7667},
  journal = {Neural Computation},
  month = {12},
  number = {12},
  openalex = {W2102385858},
  pages = {3246-3276},
  title = {Design Strategies for Weight Matrices of Echo State Networks},
  url = {https://doi.org/10.1162/NECO_a_00374},
  volume = {24},
  year = {2012}
}

@article{10.1162/NECO_c_00276,
  author = {},
  doi = {10.1162/NECO_c_00276},
  eprint = {https://direct.mit.edu/neco/article-pdf/24/2/576/2002267/neco_c_00276.pdf},
  issn = {0899-7667},
  journal = {Neural Computation},
  month = {02},
  number = {2},
  pages = {576-576},
  title = {Erratum (“Feature selection in simple neurons: how coding depends on spiking dynamics” by Michael Famulare and Adrienne Fairhall, Neural Computation, February 2012, Vol. 22, No. 3: 581–598)},
  url = {https://doi.org/10.1162/NECO_c_00276},
  volume = {24},
  year = {2012}
}

@article{10.1162/NECO_c_00279,
  author = {Cajigas, Iahn and Srinivasan, Lakshminarayan},
  doi = {10.1162/NECO_c_00279},
  eprint = {https://direct.mit.edu/neco/article-pdf/24/4/1106/2002274/neco_c_00279.pdf},
  issn = {0899-7667},
  journal = {Neural Computation},
  month = {04},
  number = {4},
  openalex = {W4249791268},
  pages = {1106-1107},
  title = {Erratum (“A State-Space Analysis for Reconstruction of Goal-Directed Movements Using Neural Signals” Neural Computation, Volume 18, Number 10, pp. 2465–2494)},
  url = {https://doi.org/10.1162/NECO_c_00279},
  volume = {24},
  year = {2012}
}
