@article{10.1162/NECO_a_00792,
  author = {Namboodiri, Vijay Mohan K. and Mihalas, Stefan and Hussain Shuler, Marshall G.},
  doi = {10.1162/NECO_a_00792},
  eprint = {https://direct.mit.edu/neco/article-pdf/28/1/89/958206/neco_a_00792.pdf},
  issn = {0899-7667},
  journal = {Neural Computation},
  month = {01},
  number = {1},
  openalex = {W2175966828},
  pages = {89-117},
  title = {Analytical Calculation of Errors in Time and Value Perception Due to a Subjective Time Accumulator: A Mechanistic Model and the Generation of Weber’s Law},
  url = {https://doi.org/10.1162/NECO_a_00792},
  volume = {28},
  year = {2016}
}

@article{10.1162/NECO_a_00793,
  author = {Gómez, David and Rojas, Alfonso},
  doi = {10.1162/NECO_a_00793},
  eprint = {https://direct.mit.edu/neco/article-pdf/28/1/216/958189/neco_a_00793.pdf},
  issn = {0899-7667},
  journal = {Neural Computation},
  month = {01},
  number = {1},
  openalex = {W2175511759},
  pages = {216-228},
  title = {An Empirical Overview of the No Free Lunch Theorem and Its Effect on Real-World Machine Learning Classification},
  url = {https://doi.org/10.1162/NECO_a_00793},
  volume = {28},
  year = {2016}
}

@article{10.1162/NECO_a_00794,
  author = {Tong, Hongzhi},
  doi = {10.1162/NECO_a_00794},
  eprint = {https://direct.mit.edu/neco/article-pdf/28/1/71/958880/neco_a_00794.pdf},
  issn = {0899-7667},
  journal = {Neural Computation},
  month = {01},
  number = {1},
  openalex = {W2177503208},
  pages = {71-88},
  title = {A Note on Support Vector Machines with Polynomial Kernels},
  url = {https://doi.org/10.1162/NECO_a_00794},
  volume = {28},
  year = {2016}
}

@article{10.1162/NECO_a_00795,
  author = {Knoblauch, Andreas},
  doi = {10.1162/NECO_a_00795},
  eprint = {https://direct.mit.edu/neco/article-pdf/28/1/118/962424/neco_a_00795.pdf},
  issn = {0899-7667},
  journal = {Neural Computation},
  month = {01},
  number = {1},
  openalex = {W2180007725},
  pages = {118-186},
  title = {Efficient Associative Computation with Discrete Synapses},
  url = {https://doi.org/10.1162/NECO_a_00795},
  volume = {28},
  year = {2016}
}

@article{10.1162/NECO_a_00796,
  author = {Korattikara, Anoop and Chen, Yutian and Welling, Max},
  doi = {10.1162/NECO_a_00796},
  eprint = {https://direct.mit.edu/neco/article-pdf/28/1/45/958393/neco_a_00796.pdf},
  issn = {0899-7667},
  journal = {Neural Computation},
  month = {01},
  number = {1},
  openalex = {W2177950380},
  pages = {45-70},
  title = {Sequential Tests for Large-Scale Learning},
  url = {https://doi.org/10.1162/NECO_a_00796},
  volume = {28},
  year = {2016}
}

@article{10.1162/NECO_a_00797,
  author = {Xi, Qiang},
  doi = {10.1162/NECO_a_00797},
  eprint = {https://direct.mit.edu/neco/article-pdf/28/1/229/960154/neco_a_00797.pdf},
  issn = {0899-7667},
  journal = {Neural Computation},
  month = {01},
  number = {1},
  openalex = {W2177963159},
  pages = {229-255},
  title = {Global Exponential Stability of Cohen-Grossberg Neural Networks with Piecewise Constant Argument of Generalized Type and Impulses},
  url = {https://doi.org/10.1162/NECO_a_00797},
  volume = {28},
  year = {2016}
}

@article{10.1162/NECO_a_00798,
  author = {Rădulescu, Anca},
  doi = {10.1162/NECO_a_00798},
  eprint = {https://direct.mit.edu/neco/article-pdf/28/1/1/960494/neco_a_00798.pdf},
  issn = {0899-7667},
  journal = {Neural Computation},
  month = {01},
  number = {1},
  openalex = {W1640481266},
  pages = {1-44},
  title = {Neural Network Spectral Robustness under Perturbations of the Underlying Graph},
  url = {https://doi.org/10.1162/NECO_a_00798},
  volume = {28},
  year = {2016}
}

@article{10.1162/NECO_a_00799,
  author = {Hoshino, Osamu and Zheng, Meihong and Watanabe, Kazuo},
  doi = {10.1162/NECO_a_00799},
  eprint = {https://direct.mit.edu/neco/article-pdf/28/1/187/959627/neco_a_00799.pdf},
  issn = {0899-7667},
  journal = {Neural Computation},
  month = {01},
  number = {1},
  openalex = {W2172413293},
  pages = {187-215},
  title = {Reduction of Trial-to-Trial Perceptual Variability by Intracortical Tonic Inhibition},
  url = {https://doi.org/10.1162/NECO_a_00799},
  volume = {28},
  year = {2016}
}

@article{10.1162/NECO_a_00801,
  author = {Chandar, Sarath and Khapra, Mitesh M. and Larochelle, Hugo and Ravindran, Balaraman},
  doi = {10.1162/NECO_a_00801},
  eprint = {https://direct.mit.edu/neco/article-pdf/28/2/257/954888/neco_a_00801.pdf},
  issn = {0899-7667},
  journal = {Neural Computation},
  month = {02},
  number = {2},
  openalex = {W771469340},
  pages = {257-285},
  title = {Correlational Neural Networks},
  url = {https://doi.org/10.1162/NECO_a_00801},
  volume = {28},
  year = {2016}
}

@article{10.1162/NECO_a_00802,
  author = {Vvedensky, Victor L. and Prokofyev, Andrey O.},
  doi = {10.1162/NECO_a_00802},
  eprint = {https://direct.mit.edu/neco/article-pdf/28/2/286/954469/neco_a_00802.pdf},
  issn = {0899-7667},
  journal = {Neural Computation},
  month = {02},
  number = {2},
  openalex = {W2217537109},
  pages = {286-304},
  title = {Timing of Cortical Events Preceding Voluntary Movement},
  url = {https://doi.org/10.1162/NECO_a_00802},
  volume = {28},
  year = {2016}
}

@article{10.1162/NECO_a_00803,
  author = {Westö, Johan and May, Patrick J. C. and Tiitinen, Hannu},
  doi = {10.1162/NECO_a_00803},
  eprint = {https://direct.mit.edu/neco/article-pdf/28/2/327/954477/neco_a_00803.pdf},
  issn = {0899-7667},
  journal = {Neural Computation},
  month = {02},
  number = {2},
  pages = {327-353},
  title = {Memory Stacking in Hierarchical Networks},
  url = {https://doi.org/10.1162/NECO_a_00803},
  volume = {28},
  year = {2016}
}

@article{10.1162/NECO_a_00804,
  author = {Wei, Xue-Xin and Stocker, Alan A.},
  doi = {10.1162/NECO_a_00804},
  eprint = {https://direct.mit.edu/neco/article-pdf/28/2/305/955081/neco_a_00804.pdf},
  issn = {0899-7667},
  journal = {Neural Computation},
  month = {02},
  number = {2},
  openalex = {W2203957096},
  pages = {305-326},
  title = {Mutual Information, Fisher Information, and Efficient Coding},
  url = {https://doi.org/10.1162/NECO_a_00804},
  volume = {28},
  year = {2016}
}

@article{10.1162/NECO_a_00805,
  author = {Valera, Isabel and Ruiz, Francisco J. R. and Olmos, Pablo M. and Blanco, Carlos and Perez-Cruz, Fernando},
  doi = {10.1162/NECO_a_00805},
  eprint = {https://direct.mit.edu/neco/article-pdf/28/2/354/955506/neco_a_00805.pdf},
  issn = {0899-7667},
  journal = {Neural Computation},
  month = {02},
  number = {2},
  openalex = {W2209565246},
  pages = {354-381},
  title = {Infinite Continuous Feature Model for Psychiatric Comorbidity Analysis},
  url = {https://doi.org/10.1162/NECO_a_00805},
  volume = {28},
  year = {2016}
}

@article{10.1162/NECO_a_00806,
  author = {Kanagawa, Motonobu and Nishiyama, Yu and Gretton, Arthur and Fukumizu, Kenji},
  doi = {10.1162/NECO_a_00806},
  eprint = {https://direct.mit.edu/neco/article-pdf/28/2/382/956324/neco_a_00806.pdf},
  issn = {0899-7667},
  journal = {Neural Computation},
  month = {02},
  number = {2},
  openalex = {W1810147435},
  pages = {382-444},
  title = {Filtering with State-Observation Examples via Kernel Monte Carlo Filter},
  url = {https://doi.org/10.1162/NECO_a_00806},
  volume = {28},
  year = {2016}
}

@article{10.1162/NECO_a_00808,
  author = {Ma, Yao and Zhao, Tingting and Hatano, Kohei and Sugiyama, Masashi},
  doi = {10.1162/NECO_a_00808},
  eprint = {https://direct.mit.edu/neco/article-pdf/28/3/563/959334/neco_a_00808.pdf},
  issn = {0899-7667},
  journal = {Neural Computation},
  month = {03},
  number = {3},
  openalex = {W2225522132},
  pages = {563-593},
  title = {An Online Policy Gradient Algorithm for Markov Decision Processes with Continuous States and Actions},
  url = {https://doi.org/10.1162/NECO_a_00808},
  volume = {28},
  year = {2016}
}

@article{10.1162/NECO_a_00809,
  author = {LaMont, Colin H. and Wiggins, Paul A.},
  doi = {10.1162/NECO_a_00809},
  eprint = {https://direct.mit.edu/neco/article-pdf/28/3/594/958693/neco_a_00809.pdf},
  issn = {0899-7667},
  journal = {Neural Computation},
  month = {03},
  number = {3},
  openalex = {W2208604909},
  pages = {594-612},
  title = {The Development of an Information Criterion for Change-Point Analysis},
  url = {https://doi.org/10.1162/NECO_a_00809},
  volume = {28},
  year = {2016}
}

@article{10.1162/NECO_a_00810,
  author = {Hyvärinen, Aapo and Hirayama, Jun-ichiro and Kiviniemi, Vesa and Kawanabe, Motoaki},
  doi = {10.1162/NECO_a_00810},
  eprint = {https://direct.mit.edu/neco/article-pdf/28/3/445/959835/neco_a_00810.pdf},
  issn = {0899-7667},
  journal = {Neural Computation},
  month = {03},
  number = {3},
  openalex = {W2230451985},
  pages = {445-484},
  title = {Orthogonal Connectivity Factorization: Interpretable Decomposition of Variability in Correlation Matrices},
  url = {https://doi.org/10.1162/NECO_a_00810},
  volume = {28},
  year = {2016}
}

@article{10.1162/NECO_a_00811,
  author = {Weinberg, Seth H.},
  doi = {10.1162/NECO_a_00811},
  eprint = {https://direct.mit.edu/neco/article-pdf/28/3/493/960631/neco_a_00811.pdf},
  issn = {0899-7667},
  journal = {Neural Computation},
  month = {03},
  number = {3},
  pages = {493-524},
  title = {Microdomain [Ca2+] Fluctuations Alter Temporal Dynamics in Models of Ca2+-Dependent Signaling Cascades and Synaptic Vesicle Release},
  url = {https://doi.org/10.1162/NECO_a_00811},
  volume = {28},
  year = {2016}
}

@article{10.1162/NECO_a_00812,
  author = {Feng, Yunlong and Lv, Shao-Gao and Hang, Hanyuan and Suykens, Johan A. K.},
  doi = {10.1162/NECO_a_00812},
  eprint = {https://direct.mit.edu/neco/article-pdf/28/3/525/961736/neco_a_00812.pdf},
  issn = {0899-7667},
  journal = {Neural Computation},
  month = {03},
  number = {3},
  openalex = {W2224892042},
  pages = {525-562},
  title = {Kernelized Elastic Net Regularization: Generalization Bounds, and Sparse Recovery},
  url = {https://doi.org/10.1162/NECO_a_00812},
  volume = {28},
  year = {2016}
}

@article{10.1162/NECO_a_00813,
  author = {Nguyen, Hien D. and Wood, Ian A.},
  doi = {10.1162/NECO_a_00813},
  eprint = {https://direct.mit.edu/neco/article-pdf/28/3/485/958958/neco_a_00813.pdf},
  issn = {0899-7667},
  journal = {Neural Computation},
  month = {03},
  number = {3},
  pages = {485-492},
  title = {A Block Successive Lower-Bound Maximization Algorithm for the Maximum Pseudo-Likelihood Estimation of Fully Visible Boltzmann Machines},
  url = {https://doi.org/10.1162/NECO_a_00813},
  volume = {28},
  year = {2016}
}

@article{10.1162/NECO_a_00818,
  author = {Wei, Wei and Wang, Xiao-Jing},
  doi = {10.1162/NECO_a_00818},
  eprint = {https://direct.mit.edu/neco/article-pdf/28/4/652/963736/neco_a_00818.pdf},
  issn = {0899-7667},
  journal = {Neural Computation},
  month = {04},
  number = {4},
  openalex = {W2287349059},
  pages = {652-666},
  title = {Downstream Effect of Ramping Neuronal Activity through Synapses with Short-Term Plasticity},
  url = {https://doi.org/10.1162/NECO_a_00818},
  volume = {28},
  year = {2016}
}

@article{10.1162/NECO_a_00820,
  author = {Liu, Furui and Chan, Laiwan},
  doi = {10.1162/NECO_a_00820},
  eprint = {https://direct.mit.edu/neco/article-pdf/28/5/801/968943/neco_a_00820.pdf},
  issn = {0899-7667},
  journal = {Neural Computation},
  month = {05},
  number = {5},
  openalex = {W3124338716},
  pages = {801-814},
  title = {Causal Inference on Discrete Data via Estimating Distance Correlations},
  url = {https://doi.org/10.1162/NECO_a_00820},
  volume = {28},
  year = {2016}
}

@article{10.1162/NECO_a_00822,
  author = {Romeo, August and Supèr, Hans},
  doi = {10.1162/NECO_a_00822},
  eprint = {https://direct.mit.edu/neco/article-pdf/28/4/629/964284/neco_a_00822.pdf},
  issn = {0899-7667},
  journal = {Neural Computation},
  month = {04},
  number = {4},
  openalex = {W2278362841},
  pages = {629-651},
  title = {Feature-Based Attention by Lateral Spike Synchronization},
  url = {https://doi.org/10.1162/NECO_a_00822},
  volume = {28},
  year = {2016}
}

@article{10.1162/NECO_a_00823,
  author = {Lee, Jeong Yoon and Oh, Youngmin and Kim, Sung Shin and Scheidt, Robert A. and Schweighofer, Nicolas},
  doi = {10.1162/NECO_a_00823},
  eprint = {https://direct.mit.edu/neco/article-pdf/28/4/667/963913/neco_a_00823.pdf},
  issn = {0899-7667},
  journal = {Neural Computation},
  month = {04},
  number = {4},
  openalex = {W2282178656},
  pages = {667-685},
  title = {Optimal Schedules in Multitask Motor Learning},
  url = {https://doi.org/10.1162/NECO_a_00823},
  volume = {28},
  year = {2016}
}

@article{10.1162/NECO_a_00824,
  author = {Tygert, Mark and Bruna, Joan and Chintala, Soumith and LeCun, Yann and Piantino, Serkan and Szlam, Arthur},
  doi = {10.1162/NECO_a_00824},
  eprint = {https://direct.mit.edu/neco/article-pdf/28/5/815/968279/neco_a_00824.pdf},
  issn = {0899-7667},
  journal = {Neural Computation},
  month = {05},
  number = {5},
  openalex = {W2229484904},
  pages = {815-825},
  title = {A Mathematical Motivation for Complex-Valued Convolutional Networks},
  url = {https://doi.org/10.1162/NECO_a_00824},
  volume = {28},
  year = {2016}
}

@article{10.1162/NECO_a_00826,
  author = {Agerskov, Claus},
  doi = {10.1162/NECO_a_00826},
  eprint = {https://direct.mit.edu/neco/article-pdf/28/4/613/964005/neco_a_00826.pdf},
  issn = {0899-7667},
  journal = {Neural Computation},
  month = {04},
  number = {4},
  openalex = {W2281389001},
  pages = {613-628},
  title = {Vector Symbolic Spiking Neural Network Model of Hippocampal Subarea CA1 Novelty Detection Functionality},
  url = {https://doi.org/10.1162/NECO_a_00826},
  volume = {28},
  year = {2016}
}

@article{10.1162/NECO_a_00829,
  author = {Banerjee, Arunava},
  doi = {10.1162/NECO_a_00829},
  eprint = {https://direct.mit.edu/neco/article-pdf/28/5/826/969174/neco_a_00829.pdf},
  issn = {0899-7667},
  journal = {Neural Computation},
  month = {05},
  number = {5},
  openalex = {W2293092608},
  pages = {826-848},
  title = {Learning Precise Spike Train–to–Spike Train Transformations in Multilayer Feedforward Neuronal Networks},
  url = {https://doi.org/10.1162/NECO_a_00829},
  volume = {28},
  year = {2016}
}

@article{10.1162/NECO_a_00838,
  author = {Hamedi, Mahyar and Salleh, Sh-Hussain and Noor, Alias Mohd},
  doi = {10.1162/NECO_a_00838},
  eprint = {https://direct.mit.edu/neco/article-pdf/28/6/999/965164/neco_a_00838.pdf},
  issn = {0899-7667},
  journal = {Neural Computation},
  month = {06},
  number = {6},
  openalex = {W2346353886},
  pages = {999-1041},
  title = {Electroencephalographic Motor Imagery Brain Connectivity Analysis for BCI: A Review},
  url = {https://doi.org/10.1162/NECO_a_00838},
  volume = {28},
  year = {2016}
}

@article{10.1162/NECO_a_00839,
  author = {Albert, Mélisande and Bouret, Yann and Fromont, Magalie and Reynaud-Bouret, Patricia},
  doi = {10.1162/NECO_a_00839},
  eprint = {https://direct.mit.edu/neco/article-pdf/28/11/2352/1068468/neco_a_00839.pdf},
  issn = {0899-7667},
  journal = {Neural Computation},
  month = {11},
  number = {11},
  openalex = {W2542649104},
  pages = {2352-2392},
  title = {Surrogate Data Methods Based on a Shuffling of the Trials for Synchrony Detection: The Centering Issue},
  url = {https://doi.org/10.1162/NECO_a_00839},
  volume = {28},
  year = {2016}
}

@article{10.1162/NECO_a_00840,
  author = {Dabaghian, Y.},
  doi = {10.1162/NECO_a_00840},
  eprint = {https://direct.mit.edu/neco/article-pdf/28/6/1051/965974/neco_a_00840.pdf},
  issn = {0899-7667},
  journal = {Neural Computation},
  month = {06},
  number = {6},
  openalex = {W2347094030},
  pages = {1051-1071},
  title = {Maintaining Consistency of Spatial Information in the Hippocampal Network: A Combinatorial Geometry Model},
  url = {https://doi.org/10.1162/NECO_a_00840},
  volume = {28},
  year = {2016}
}

@article{10.1162/NECO_a_00841,
  author = {Chvátal, Vašek and Goldsmith, Mark and Yang, Nan},
  doi = {10.1162/NECO_a_00841},
  eprint = {https://direct.mit.edu/neco/article-pdf/28/6/1042/967268/neco_a_00841.pdf},
  issn = {0899-7667},
  journal = {Neural Computation},
  month = {06},
  number = {6},
  openalex = {W2291831758},
  pages = {1042-1050},
  title = {McCulloch-Pitts Brains and Pseudorandom Functions},
  url = {https://doi.org/10.1162/NECO_a_00841},
  volume = {28},
  year = {2016}
}

@article{10.1162/NECO_a_00843,
  author = {Hosoya, Haruo and Hyvärinen, Aapo},
  doi = {10.1162/NECO_a_00843},
  eprint = {https://direct.mit.edu/neco/article-pdf/28/7/1249/972521/neco_a_00843.pdf},
  issn = {0899-7667},
  journal = {Neural Computation},
  month = {07},
  number = {7},
  openalex = {W2379789024},
  pages = {1249-1264},
  title = {Learning Visual Spatial Pooling by Strong PCA Dimension Reduction},
  url = {https://doi.org/10.1162/NECO_a_00843},
  volume = {28},
  year = {2016}
}

@article{10.1162/NECO_a_00848,
  author = {Côté, Marc-Alexandre and Larochelle, Hugo},
  doi = {10.1162/NECO_a_00848},
  eprint = {https://direct.mit.edu/neco/article-pdf/28/7/1265/972577/neco_a_00848.pdf},
  issn = {0899-7667},
  journal = {Neural Computation},
  month = {07},
  number = {7},
  openalex = {W1745681373},
  pages = {1265-1288},
  title = {An Infinite Restricted Boltzmann Machine},
  url = {https://doi.org/10.1162/NECO_a_00848},
  volume = {28},
  year = {2016}
}

@article{10.1162/NECO_a_00849,
  author = {Guliyev, Namig J. and Ismailov, Vugar E.},
  doi = {10.1162/NECO_a_00849},
  eprint = {https://direct.mit.edu/neco/article-pdf/28/7/1289/974567/neco_a_00849.pdf},
  issn = {0899-7667},
  journal = {Neural Computation},
  month = {07},
  number = {7},
  openalex = {W3099056690},
  pages = {1289-1304},
  title = {A Single Hidden Layer Feedforward Network with Only One Neuron in the Hidden Layer Can Approximate Any Univariate Function},
  url = {https://doi.org/10.1162/NECO_a_00849},
  volume = {28},
  year = {2016}
}

@article{10.1162/NECO_a_00851,
  author = {Huang, Yanping and Rao, Rajesh P. N.},
  doi = {10.1162/NECO_a_00851},
  eprint = {https://direct.mit.edu/neco/article-pdf/28/8/1503/976564/neco_a_00851.pdf},
  issn = {0899-7667},
  journal = {Neural Computation},
  month = {08},
  number = {8},
  openalex = {W2466244790},
  pages = {1503-1526},
  title = {Bayesian Inference and Online Learning in Poisson Neuronal Networks},
  url = {https://doi.org/10.1162/NECO_a_00851},
  volume = {28},
  year = {2016}
}

@article{10.1162/NECO_a_00852,
  author = {Frady, E. Paxon and Kapoor, Ashish and Horvitz, Eric and Kristan Jr., William B.},
  doi = {10.1162/NECO_a_00852},
  eprint = {https://direct.mit.edu/neco/article-pdf/28/8/1453/975450/neco_a_00852.pdf},
  issn = {0899-7667},
  journal = {Neural Computation},
  month = {08},
  number = {8},
  openalex = {W2470989556},
  pages = {1453-1497},
  title = {Scalable Semisupervised Functional Neurocartography Reveals Canonical Neurons in Behavioral Networks},
  url = {https://doi.org/10.1162/NECO_a_00852},
  volume = {28},
  year = {2016}
}

@article{10.1162/NECO_a_00859,
  author = {Voss, Henning U.},
  doi = {10.1162/NECO_a_00859},
  eprint = {https://direct.mit.edu/neco/article-pdf/28/8/1498/976523/neco_a_00859.pdf},
  issn = {0899-7667},
  journal = {Neural Computation},
  month = {08},
  number = {8},
  openalex = {W2260181491},
  pages = {1498-1502},
  title = {The Leaky Integrator with Recurrent Inhibition as a Predictor},
  url = {https://doi.org/10.1162/NECO_a_00859},
  volume = {28},
  year = {2016}
}

@article{10.1162/NECO_a_00863,
  author = {Friston, Karl and Herreros, Ivan},
  doi = {10.1162/NECO_a_00863},
  eprint = {https://direct.mit.edu/neco/article-pdf/28/9/1812/977827/neco_a_00863.pdf},
  issn = {0899-7667},
  journal = {Neural Computation},
  month = {09},
  number = {9},
  openalex = {W2465003222},
  pages = {1812-1839},
  title = {Active Inference and Learning in the Cerebellum},
  url = {https://doi.org/10.1162/NECO_a_00863},
  volume = {28},
  year = {2016}
}

@article{10.1162/NECO_a_00864,
  author = {Hangya, Balázs and Sanders, Joshua I. and Kepecs, Adam},
  doi = {10.1162/NECO_a_00864},
  eprint = {https://direct.mit.edu/neco/article-pdf/28/9/1840/977858/neco_a_00864.pdf},
  issn = {0899-7667},
  journal = {Neural Computation},
  month = {09},
  number = {9},
  openalex = {W2465126939},
  pages = {1840-1858},
  title = {A Mathematical Framework for Statistical Decision Confidence},
  url = {https://doi.org/10.1162/NECO_a_00864},
  volume = {28},
  year = {2016}
}

@article{10.1162/NECO_a_00871,
  author = {Frank, Lawrence R. and Galinsky, Vitaly L.},
  doi = {10.1162/NECO_a_00871},
  eprint = {https://direct.mit.edu/neco/article-pdf/28/9/1769/977969/neco_a_00871.pdf},
  issn = {0899-7667},
  journal = {Neural Computation},
  month = {09},
  number = {9},
  openalex = {W2465121741},
  pages = {1769-1811},
  title = {Dynamic Multiscale Modes of Resting State Brain Activity Detected by Entropy Field Decomposition},
  url = {https://doi.org/10.1162/NECO_a_00871},
  volume = {28},
  year = {2016}
}

@article{10.1162/NECO_a_00874,
  author = {Etesami, Jalal and Kiyavash, Negar and Coleman, Todd},
  doi = {10.1162/NECO_a_00874},
  eprint = {https://direct.mit.edu/neco/article-pdf/28/9/1723/980398/neco_a_00874.pdf},
  issn = {0899-7667},
  journal = {Neural Computation},
  month = {09},
  number = {9},
  openalex = {W2464116876},
  pages = {1723-1768},
  title = {Learning Minimal Latent Directed Information Polytrees},
  url = {https://doi.org/10.1162/NECO_a_00874},
  volume = {28},
  year = {2016}
}

@article{10.1162/NECO_a_00876,
  author = {Lytton, William W. and Seidenstein, Alexandra H. and Dura-Bernal, Salvador and McDougal, Robert A. and Schürmann, Felix and Hines, Michael L.},
  doi = {10.1162/NECO_a_00876},
  eprint = {https://direct.mit.edu/neco/article-pdf/28/10/2063/970671/neco_a_00876.pdf},
  issn = {0899-7667},
  journal = {Neural Computation},
  month = {10},
  number = {10},
  openalex = {W2517844054},
  pages = {2063-2090},
  title = {Simulation Neurotechnologies for Advancing Brain Research: Parallelizing Large Networks in NEURON},
  url = {https://doi.org/10.1162/NECO_a_00876},
  volume = {28},
  year = {2016}
}

@article{10.1162/NECO_a_00878,
  author = {Liang, Xiao},
  doi = {10.1162/NECO_a_00878},
  eprint = {https://direct.mit.edu/neco/article-pdf/28/10/2045/970405/neco_a_00878.pdf},
  issn = {0899-7667},
  journal = {Neural Computation},
  month = {10},
  number = {10},
  pages = {2045-2062},
  title = {A Note on Divergences},
  url = {https://doi.org/10.1162/NECO_a_00878},
  volume = {28},
  year = {2016}
}

@article{10.1162/NECO_a_00882,
  author = {Martí, Daniel and Rigotti, Mattia and Seok, Mingoo and Fusi, Stefano},
  doi = {10.1162/NECO_a_00882},
  eprint = {https://direct.mit.edu/neco/article-pdf/28/10/2011/971878/neco_a_00882.pdf},
  issn = {0899-7667},
  journal = {Neural Computation},
  month = {10},
  number = {10},
  openalex = {W820180683},
  pages = {2011-2044},
  title = {Energy-Efficient Neuromorphic Classifiers},
  url = {https://doi.org/10.1162/NECO_a_00882},
  volume = {28},
  year = {2016}
}

@article{10.1162/NECO_a_00883,
  author = {Robinson, Brian S. and Berger, Theodore W. and Song, Dong},
  doi = {10.1162/NECO_a_00883},
  eprint = {https://direct.mit.edu/neco/article-pdf/28/11/2320/1068162/neco_a_00883.pdf},
  issn = {0899-7667},
  journal = {Neural Computation},
  month = {11},
  number = {11},
  openalex = {W2516068978},
  pages = {2320-2351},
  title = {Identification of Stable Spike-Timing-Dependent Plasticity from Spiking Activity with Generalized Multilinear Modeling},
  url = {https://doi.org/10.1162/NECO_a_00883},
  volume = {28},
  year = {2016}
}

@article{10.1162/NECO_a_00890,
  author = {Pagan, Marino and Simoncelli, Eero P. and Rust, Nicole C.},
  doi = {10.1162/NECO_a_00890},
  eprint = {https://direct.mit.edu/neco/article-pdf/28/11/2291/1067391/neco_a_00890.pdf},
  issn = {0899-7667},
  journal = {Neural Computation},
  month = {11},
  number = {11},
  openalex = {W2519492449},
  pages = {2291-2319},
  title = {Neural Quadratic Discriminant Analysis: Nonlinear Decoding with V1-Like Computation},
  url = {https://doi.org/10.1162/NECO_a_00890},
  volume = {28},
  year = {2016}
}

@article{10.1162/NECO_a_00891,
  author = {Shankar, Karthik H. and Singh, Inder and Howard, Marc W.},
  doi = {10.1162/NECO_a_00891},
  eprint = {https://direct.mit.edu/neco/article-pdf/28/12/2594/987046/neco_a_00891.pdf},
  issn = {0899-7667},
  journal = {Neural Computation},
  month = {12},
  number = {12},
  openalex = {W3101539900},
  pages = {2594-2627},
  title = {Neural Mechanism to Simulate a Scale-Invariant Future},
  url = {https://doi.org/10.1162/NECO_a_00891},
  volume = {28},
  year = {2016}
}

@article{10.1162/NECO_a_00892,
  author = {Nguyen, Hien D. and Lloyd-Jones, Luke R. and McLachlan, Geoffrey J.},
  doi = {10.1162/NECO_a_00892},
  eprint = {https://direct.mit.edu/neco/article-pdf/28/12/2585/986699/neco_a_00892.pdf},
  issn = {0899-7667},
  journal = {Neural Computation},
  month = {12},
  number = {12},
  openalex = {W2270588982},
  pages = {2585-2593},
  title = {A Universal Approximation Theorem for Mixture-of-Experts Models},
  url = {https://doi.org/10.1162/NECO_a_00892},
  volume = {28},
  year = {2016}
}

@article{10.1162/NECO_a_00903,
  author = {da Fonseca, María and Samengo, Inés},
  doi = {10.1162/NECO_a_00903},
  eprint = {https://direct.mit.edu/neco/article-pdf/28/12/2628/994904/neco_a_00903.pdf},
  issn = {0899-7667},
  journal = {Neural Computation},
  month = {12},
  number = {12},
  openalex = {W2538037731},
  pages = {2628-2655},
  title = {Derivation of Human Chromatic Discrimination Ability from an Information-Theoretical Notion of Distance in Color Space},
  url = {https://doi.org/10.1162/NECO_a_00903},
  volume = {28},
  year = {2016}
}
