@article{10.1162/NECO_a_00902,
  author = {Yoo, Yongseok and Kim, Woori},
  doi = {10.1162/NECO_a_00902},
  eprint = {https://direct.mit.edu/neco/article-pdf/29/3/716/995530/neco_a_00902.pdf},
  issn = {0899-7667},
  journal = {Neural Computation},
  month = {03},
  number = {3},
  openalex = {W2535137494},
  pages = {716-734},
  title = {On Decoding Grid Cell Population Codes Using Approximate Belief Propagation},
  url = {https://doi.org/10.1162/NECO_a_00902},
  volume = {29},
  year = {2017}
}

@article{10.1162/NECO_a_00904,
  author = {MacInnes, W. Joseph},
  doi = {10.1162/NECO_a_00904},
  eprint = {https://direct.mit.edu/neco/article-pdf/29/3/804/995393/neco_a_00904.pdf},
  issn = {0899-7667},
  journal = {Neural Computation},
  month = {03},
  number = {3},
  openalex = {W2532884685},
  pages = {804-824},
  title = {Multiple Diffusion Models to Compare Saccadic and Manual Responses for Inhibition of Return},
  url = {https://doi.org/10.1162/NECO_a_00904},
  volume = {29},
  year = {2017}
}

@article{10.1162/NECO_a_00905,
  author = {Severa, William and Parekh, Ojas and James, Conrad D. and Aimone, James B.},
  doi = {10.1162/NECO_a_00905},
  eprint = {https://direct.mit.edu/neco/article-pdf/29/1/94/984284/neco_a_00905.pdf},
  issn = {0899-7667},
  journal = {Neural Computation},
  month = {01},
  number = {1},
  openalex = {W2535549606},
  pages = {94-117},
  title = {A Combinatorial Model for Dentate Gyrus Sparse Coding},
  url = {https://doi.org/10.1162/NECO_a_00905},
  volume = {29},
  year = {2017}
}

@article{10.1162/NECO_a_00908,
  author = {Burwick, Thomas and Bouras, Alexandros},
  doi = {10.1162/NECO_a_00908},
  eprint = {https://direct.mit.edu/neco/article-pdf/29/3/643/997990/neco_a_00908.pdf},
  issn = {0899-7667},
  journal = {Neural Computation},
  month = {03},
  number = {3},
  openalex = {W2533783999},
  pages = {643-678},
  title = {Selective Interareal Synchronization through Gamma Frequency Differences and Slower-Rhythm Gamma Phase Reset},
  url = {https://doi.org/10.1162/NECO_a_00908},
  volume = {29},
  year = {2017}
}

@article{10.1162/NECO_a_00910,
  author = {O’Donnell, Cian and Gonçalves, J. Tiago and Whiteley, Nick and Portera-Cailliau, Carlos and Sejnowski, Terrence J.},
  doi = {10.1162/NECO_a_00910},
  eprint = {https://direct.mit.edu/neco/article-pdf/29/1/50/984945/neco_a_00910.pdf},
  issn = {0899-7667},
  journal = {Neural Computation},
  month = {01},
  number = {1},
  openalex = {W2953156637},
  pages = {50-93},
  title = {The Population Tracking Model: A Simple, Scalable Statistical Model for Neural Population Data},
  url = {https://doi.org/10.1162/NECO_a_00910},
  volume = {29},
  year = {2017}
}

@article{10.1162/NECO_a_00912,
  author = {Friston, Karl and FitzGerald, Thomas and Rigoli, Francesco and Schwartenbeck, Philipp and Pezzulo, Giovanni},
  doi = {10.1162/NECO_a_00912},
  eprint = {https://direct.mit.edu/neco/article-pdf/29/1/1/984132/neco_a_00912.pdf},
  issn = {0899-7667},
  journal = {Neural Computation},
  month = {01},
  number = {1},
  openalex = {W2552810632},
  pages = {1-49},
  title = {Active Inference: A Process Theory},
  url = {https://doi.org/10.1162/NECO_a_00912},
  volume = {29},
  year = {2017}
}

@article{10.1162/NECO_a_00914,
  author = {Wang, Yu and Ghumare, Eshwar and Vandenberghe, Rik and Dupont, Patrick},
  doi = {10.1162/NECO_a_00914},
  eprint = {https://direct.mit.edu/neco/article-pdf/29/2/313/2015404/neco_a_00914.pdf},
  issn = {0899-7667},
  journal = {Neural Computation},
  month = {02},
  number = {2},
  pages = {313-331},
  title = {Comparison of Different Generalizations of Clustering Coefficient and Local Efficiency for Weighted Undirected Graphs},
  url = {https://doi.org/10.1162/NECO_a_00914},
  volume = {29},
  year = {2017}
}

@article{10.1162/NECO_a_00916,
  author = {Matsuda, Takeru and Komaki, Fumiyasu},
  doi = {10.1162/NECO_a_00916},
  eprint = {https://direct.mit.edu/neco/article-pdf/29/2/332/990634/neco_a_00916.pdf},
  issn = {0899-7667},
  journal = {Neural Computation},
  month = {02},
  number = {2},
  openalex = {W2550390782},
  pages = {332-367},
  title = {Time Series Decomposition into Oscillation Components and Phase Estimation},
  url = {https://doi.org/10.1162/NECO_a_00916},
  volume = {29},
  year = {2017}
}

@article{10.1162/NECO_a_00924,
  author = {Navlakha, Saket},
  doi = {10.1162/NECO_a_00924},
  eprint = {https://direct.mit.edu/neco/article-pdf/29/2/287/990447/neco_a_00924.pdf},
  issn = {0899-7667},
  journal = {Neural Computation},
  month = {02},
  number = {2},
  openalex = {W2564509587},
  pages = {287-312},
  title = {Learning the Structural Vocabulary of a Network},
  url = {https://doi.org/10.1162/NECO_a_00924},
  volume = {29},
  year = {2017}
}

@article{10.1162/NECO_a_00927,
  author = {Platkiewicz, Jonathan and Stark, Eran and Amarasingham, Asohan},
  doi = {10.1162/NECO_a_00927},
  eprint = {https://direct.mit.edu/neco/article-pdf/29/3/783/996439/neco_a_00927.pdf},
  issn = {0899-7667},
  journal = {Neural Computation},
  month = {03},
  number = {3},
  openalex = {W4210394971},
  pages = {783-803},
  title = {Spike-Centered Jitter Can Mistake Temporal Structure},
  url = {https://doi.org/10.1162/NECO_a_00927},
  volume = {29},
  year = {2017}
}

@article{10.1162/NECO_a_00928,
  author = {Ororbia II, Alexander G. and Kifer, Daniel and Giles, C. Lee},
  doi = {10.1162/NECO_a_00928},
  eprint = {https://direct.mit.edu/neco/article-pdf/29/4/867/1008378/neco_a_00928.pdf},
  issn = {0899-7667},
  journal = {Neural Computation},
  month = {04},
  number = {4},
  openalex = {W2573774505},
  pages = {867-887},
  title = {Unifying Adversarial Training Algorithms with Data Gradient Regularization},
  url = {https://doi.org/10.1162/NECO_a_00928},
  volume = {29},
  year = {2017}
}

@article{10.1162/NECO_a_00929,
  author = {Samadi, Arash and Lillicrap, Timothy P. and Tweed, Douglas B.},
  doi = {10.1162/NECO_a_00929},
  eprint = {https://direct.mit.edu/neco/article-pdf/29/3/578/995764/neco_a_00929.pdf},
  issn = {0899-7667},
  journal = {Neural Computation},
  month = {03},
  number = {3},
  openalex = {W2579313944},
  pages = {578-602},
  title = {Deep Learning with Dynamic Spiking Neurons and Fixed Feedback Weights},
  url = {https://doi.org/10.1162/NECO_a_00929},
  volume = {29},
  year = {2017}
}

@article{10.1162/NECO_a_00930,
  author = {Lei, Yunwen and Zhou, Ding-Xuan},
  doi = {10.1162/NECO_a_00930},
  eprint = {https://direct.mit.edu/neco/article-pdf/29/3/825/1001455/neco_a_00930.pdf},
  issn = {0899-7667},
  journal = {Neural Computation},
  month = {03},
  number = {3},
  openalex = {W2578544862},
  pages = {825-860},
  title = {Analysis of Online Composite Mirror Descent Algorithm},
  url = {https://doi.org/10.1162/NECO_a_00930},
  volume = {29},
  year = {2017}
}

@article{10.1162/NECO_a_00931,
  author = {Conaway, Nolan and Kurtz, Kenneth J.},
  doi = {10.1162/NECO_a_00931},
  eprint = {https://direct.mit.edu/neco/article-pdf/29/3/861/995495/neco_a_00931.pdf},
  issn = {0899-7667},
  journal = {Neural Computation},
  month = {03},
  number = {3},
  openalex = {W2576051547},
  pages = {861-866},
  title = {Solving Nonlinearly Separable Classifications in a Single-Layer Neural Network},
  url = {https://doi.org/10.1162/NECO_a_00931},
  volume = {29},
  year = {2017}
}

@article{10.1162/NECO_a_00932,
  author = {Tekin, Ramazan and Tagluk, Mehmet Emin},
  doi = {10.1162/NECO_a_00932},
  eprint = {https://direct.mit.edu/neco/article-pdf/29/3/679/1000048/neco_a_00932.pdf},
  issn = {0899-7667},
  journal = {Neural Computation},
  month = {03},
  number = {3},
  openalex = {W2572659394},
  pages = {679-715},
  title = {Effects of Small-World Rewiring Probability and Noisy Synaptic Conductivity on Slow Waves: Cortical Network},
  url = {https://doi.org/10.1162/NECO_a_00932},
  volume = {29},
  year = {2017}
}

@article{10.1162/NECO_a_00934,
  author = {Bengio, Yoshua and Mesnard, Thomas and Fischer, Asja and Zhang, Saizheng and Wu, Yuhuai},
  doi = {10.1162/NECO_a_00934},
  eprint = {https://direct.mit.edu/neco/article-pdf/29/3/555/997170/neco_a_00934.pdf},
  issn = {0899-7667},
  journal = {Neural Computation},
  month = {03},
  number = {3},
  openalex = {W2578935686},
  pages = {555-577},
  title = {STDP-Compatible Approximation of Backpropagation in an Energy-Based Model},
  url = {https://doi.org/10.1162/NECO_a_00934},
  volume = {29},
  year = {2017}
}

@article{10.1162/NECO_a_00935,
  author = {Ursino, Mauro and Cuppini, Cristiano and Magosso, Elisa},
  doi = {10.1162/NECO_a_00935},
  eprint = {https://direct.mit.edu/neco/article-pdf/29/3/735/999089/neco_a_00935.pdf},
  issn = {0899-7667},
  journal = {Neural Computation},
  month = {03},
  number = {3},
  openalex = {W2573038364},
  pages = {735-782},
  title = {Multisensory Bayesian Inference Depends on Synapse Maturation during Training: Theoretical Analysis and Neural Modeling Implementation},
  url = {https://doi.org/10.1162/NECO_a_00935},
  volume = {29},
  year = {2017}
}

@article{10.1162/NECO_a_00936,
  author = {Das, Anup and Sampson, Aaron L. and Lainscsek, Claudia and Muller, Lyle and Lin, Wutu and Doyle, John C. and Cash, Sydney S. and Halgren, Eric and Sejnowski, Terrence J.},
  doi = {10.1162/NECO_a_00936},
  eprint = {https://direct.mit.edu/neco/article-pdf/29/3/603/997693/neco_a_00936.pdf},
  issn = {0899-7667},
  journal = {Neural Computation},
  month = {03},
  number = {3},
  openalex = {W2575497268},
  pages = {603-642},
  title = {Interpretation of the Precision Matrix and Its Application in Estimating Sparse Brain Connectivity during Sleep Spindles from Human Electrocorticography Recordings},
  url = {https://doi.org/10.1162/NECO_a_00936},
  volume = {29},
  year = {2017}
}

@article{10.1162/NECO_a_00941,
  author = {Manjunath, G.},
  doi = {10.1162/NECO_a_00941},
  eprint = {https://direct.mit.edu/neco/article-pdf/29/4/937/1005606/neco_a_00941.pdf},
  issn = {0899-7667},
  journal = {Neural Computation},
  month = {04},
  number = {4},
  openalex = {W2557479776},
  pages = {937-967},
  title = {Evolving Network Model That Almost Regenerates Epileptic Data},
  url = {https://doi.org/10.1162/NECO_a_00941},
  volume = {29},
  year = {2017}
}

@article{10.1162/NECO_a_00942,
  author = {Touboul, Jonathan and Romagnoni, Alberto and Schwartz, Robert},
  doi = {10.1162/NECO_a_00942},
  eprint = {https://direct.mit.edu/neco/article-pdf/29/4/897/1004985/neco_a_00942.pdf},
  issn = {0899-7667},
  journal = {Neural Computation},
  month = {04},
  number = {4},
  openalex = {W2586208389},
  pages = {897-936},
  title = {On the Dynamical Interplay of Positive and Negative Affects},
  url = {https://doi.org/10.1162/NECO_a_00942},
  volume = {29},
  year = {2017}
}

@article{10.1162/NECO_a_00943,
  author = {Kouh, Minjoon},
  doi = {10.1162/NECO_a_00943},
  eprint = {https://direct.mit.edu/neco/article-pdf/29/4/888/1004197/neco_a_00943.pdf},
  issn = {0899-7667},
  journal = {Neural Computation},
  month = {04},
  number = {4},
  openalex = {W2587347710},
  pages = {888-896},
  title = {Information Maximization Explains the Sparseness of Presynaptic Neural Response},
  url = {https://doi.org/10.1162/NECO_a_00943},
  volume = {29},
  year = {2017}
}

@article{10.1162/NECO_a_00945,
  author = {Suen, Jonathan Y. and Navlakha, Saket},
  doi = {10.1162/NECO_a_00945},
  eprint = {https://direct.mit.edu/neco/article-pdf/29/5/1204/996112/neco_a_00945.pdf},
  issn = {0899-7667},
  journal = {Neural Computation},
  month = {05},
  number = {5},
  openalex = {W3102930051},
  pages = {1204-1228},
  title = {Using Inspiration from Synaptic Plasticity Rules to Optimize Traffic Flow in Distributed Engineered Networks},
  url = {https://doi.org/10.1162/NECO_a_00945},
  volume = {29},
  year = {2017}
}

@article{10.1162/NECO_a_00947,
  author = {Ran, Zhi-Yong and Hu, Bao-Gang},
  doi = {10.1162/NECO_a_00947},
  eprint = {https://direct.mit.edu/neco/article-pdf/29/5/1151/1000623/neco_a_00947.pdf},
  issn = {0899-7667},
  journal = {Neural Computation},
  month = {05},
  number = {5},
  openalex = {W2587359270},
  pages = {1151-1203},
  title = {Parameter Identifiability in Statistical Machine Learning: A Review},
  url = {https://doi.org/10.1162/NECO_a_00947},
  volume = {29},
  year = {2017}
}

@article{10.1162/NECO_a_00949,
  author = {Whittington, James C. R. and Bogacz, Rafal},
  doi = {10.1162/NECO_a_00949},
  eprint = {https://direct.mit.edu/neco/article-pdf/29/5/1229/2015080/neco_a_00949.pdf},
  issn = {0899-7667},
  journal = {Neural Computation},
  month = {05},
  number = {5},
  openalex = {W2604086949},
  pages = {1229-1262},
  title = {An Approximation of the Error Backpropagation Algorithm in a Predictive Coding Network with Local Hebbian Synaptic Plasticity},
  url = {https://doi.org/10.1162/NECO_a_00949},
  volume = {29},
  year = {2017}
}

@article{10.1162/NECO_a_00950,
  author = {Zhao, Xiaowei and Nie, Feiping and Wang, Sen and Guo, Jun and Xu, Pengfei and Chen, Xiaojiang},
  doi = {10.1162/NECO_a_00950},
  eprint = {https://direct.mit.edu/neco/article-pdf/29/5/1352/997413/neco_a_00950.pdf},
  issn = {0899-7667},
  journal = {Neural Computation},
  month = {05},
  number = {5},
  openalex = {W2601469732},
  pages = {1352-1374},
  title = {Unsupervised 2D Dimensionality Reduction with Adaptive Structure Learning},
  url = {https://doi.org/10.1162/NECO_a_00950},
  volume = {29},
  year = {2017}
}

@article{10.1162/NECO_a_00951,
  author = {Ubaru, Shashanka and Saad, Yousef and Seghouane, Abd-Krim},
  doi = {10.1162/NECO_a_00951},
  eprint = {https://direct.mit.edu/neco/article-pdf/29/5/1317/998692/neco_a_00951.pdf},
  issn = {0899-7667},
  journal = {Neural Computation},
  month = {05},
  number = {5},
  openalex = {W2511396348},
  pages = {1317-1351},
  title = {Fast Estimation of Approximate Matrix Ranks Using Spectral Densities},
  url = {https://doi.org/10.1162/NECO_a_00951},
  volume = {29},
  year = {2017}
}

@article{10.1162/NECO_a_00952,
  author = {Itoh, Miho and Leleu, Timothée},
  doi = {10.1162/NECO_a_00952},
  eprint = {https://direct.mit.edu/neco/article-pdf/29/5/1263/999561/neco_a_00952.pdf},
  issn = {0899-7667},
  journal = {Neural Computation},
  month = {05},
  number = {5},
  openalex = {W2602610290},
  pages = {1263-1292},
  title = {Modulation of Context-Dependent Spatiotemporal Patterns within Packets of Spiking Activity},
  url = {https://doi.org/10.1162/NECO_a_00952},
  volume = {29},
  year = {2017}
}

@article{10.1162/NECO_a_00953,
  author = {Zhao, Yuan and Park, Il Memming},
  doi = {10.1162/NECO_a_00953},
  eprint = {https://direct.mit.edu/neco/article-pdf/29/5/1293/998490/neco_a_00953.pdf},
  issn = {0899-7667},
  journal = {Neural Computation},
  month = {05},
  number = {5},
  openalex = {W3102454059},
  pages = {1293-1316},
  title = {Variational Latent Gaussian Process for Recovering Single-Trial Dynamics from Population Spike Trains},
  url = {https://doi.org/10.1162/NECO_a_00953},
  volume = {29},
  year = {2017}
}

@article{10.1162/NECO_a_00954,
  author = {Gauy, Marcelo Matheus and Meier, Florian and Steger, Angelika},
  doi = {10.1162/NECO_a_00954},
  eprint = {https://direct.mit.edu/neco/article-pdf/29/5/1375/1003262/neco_a_00954.pdf},
  issn = {0899-7667},
  journal = {Neural Computation},
  month = {05},
  number = {5},
  openalex = {W2600778099},
  pages = {1375-1405},
  title = {Multiassociative Memory: Recurrent Synapses Increase Storage Capacity},
  url = {https://doi.org/10.1162/NECO_a_00954},
  volume = {29},
  year = {2017}
}

@article{10.1162/NECO_a_00955,
  author = {Galinsky, Vitaly L. and Frank, Lawrence R.},
  doi = {10.1162/NECO_a_00955},
  eprint = {https://direct.mit.edu/neco/article-pdf/29/6/1441/1005842/neco_a_00955.pdf},
  issn = {0899-7667},
  journal = {Neural Computation},
  month = {06},
  number = {6},
  openalex = {W2601201702},
  pages = {1441-1467},
  title = {A Unified Theory of Neuro-MRI Data Shows Scale-Free Nature of Connectivity Modes},
  url = {https://doi.org/10.1162/NECO_a_00955},
  volume = {29},
  year = {2017}
}

@article{10.1162/NECO_a_00956,
  author = {Elliott, Terry},
  doi = {10.1162/NECO_a_00956},
  eprint = {https://direct.mit.edu/neco/article-pdf/29/6/1468/1011639/neco_a_00956.pdf},
  issn = {0899-7667},
  journal = {Neural Computation},
  month = {06},
  number = {6},
  openalex = {W2603203852},
  pages = {1468-1527},
  title = {Mean First Passage Memory Lifetimes by Reducing Complex Synapses to Simple Synapses},
  url = {https://doi.org/10.1162/NECO_a_00956},
  volume = {29},
  year = {2017}
}

@article{10.1162/NECO_a_00958,
  author = {Fujiwara, Shuhei and Takeda, Akiko and Kanamori, Takafumi},
  doi = {10.1162/NECO_a_00958},
  eprint = {https://direct.mit.edu/neco/article-pdf/29/5/1406/1002168/neco_a_00958.pdf},
  issn = {0899-7667},
  journal = {Neural Computation},
  month = {05},
  number = {5},
  openalex = {W2603825910},
  pages = {1406-1438},
  title = {DC Algorithm for Extended Robust Support Vector Machine},
  url = {https://doi.org/10.1162/NECO_a_00958},
  volume = {29},
  year = {2017}
}

@article{10.1162/NECO_a_00962,
  author = {Salmasi, Mehrdad and Stemmler, Martin and Glasauer, Stefan and Loebel, Alex},
  doi = {10.1162/NECO_a_00962},
  eprint = {https://direct.mit.edu/neco/article-pdf/29/6/1528/1006699/neco_a_00962.pdf},
  issn = {0899-7667},
  journal = {Neural Computation},
  month = {06},
  number = {6},
  openalex = {W2606783693},
  pages = {1528-1560},
  title = {Information Rate Analysis of a Synaptic Release Site Using a Two-State Model of Short-Term Depression},
  url = {https://doi.org/10.1162/NECO_a_00962},
  volume = {29},
  year = {2017}
}

@article{10.1162/NECO_a_00967,
  author = {Gong, Tieliang and Xu, Zongben and Chen, Hong},
  doi = {10.1162/NECO_a_00967},
  eprint = {https://direct.mit.edu/neco/article-pdf/29/7/1879/1012477/neco_a_00967.pdf},
  issn = {0899-7667},
  journal = {Neural Computation},
  month = {07},
  number = {7},
  openalex = {W2606087881},
  pages = {1879-1901},
  title = {Generalization Analysis of Fredholm Kernel Regularized Classifiers},
  url = {https://doi.org/10.1162/NECO_a_00967},
  volume = {29},
  year = {2017}
}

@article{10.1162/NECO_a_00969,
  author = {Hino, Hideitsu and Fujiki, Jun and Akaho, Shotaro and Murata, Noboru},
  doi = {10.1162/NECO_a_00969},
  eprint = {https://direct.mit.edu/neco/article-pdf/29/7/1838/1013463/neco_a_00969.pdf},
  issn = {0899-7667},
  journal = {Neural Computation},
  month = {07},
  number = {7},
  openalex = {W2606998021},
  pages = {1838-1878},
  title = {Local Intrinsic Dimension Estimation by Generalized Linear Modeling},
  url = {https://doi.org/10.1162/NECO_a_00969},
  volume = {29},
  year = {2017}
}

@article{10.1162/NECO_a_00970,
  author = {He, Dengchao and Zhang, Hongjun and Hao, Wenning and Zhang, Rui and Cheng, Kai},
  doi = {10.1162/NECO_a_00970},
  eprint = {https://direct.mit.edu/neco/article-pdf/29/7/1964/1010946/neco_a_00970.pdf},
  issn = {0899-7667},
  journal = {Neural Computation},
  month = {07},
  number = {7},
  openalex = {W2605634448},
  pages = {1964-1985},
  title = {A Customized Attention-Based Long Short-Term Memory Network for Distant Supervised Relation Extraction},
  url = {https://doi.org/10.1162/NECO_a_00970},
  volume = {29},
  year = {2017}
}

@article{10.1162/NECO_a_00972,
  author = {Narasimhan, Harikrishna and Agarwal, Shivani},
  doi = {10.1162/NECO_a_00972},
  eprint = {https://direct.mit.edu/neco/article-pdf/29/7/1919/1014314/neco_a_00972.pdf},
  issn = {0899-7667},
  journal = {Neural Computation},
  month = {07},
  number = {7},
  openalex = {W2962828272},
  pages = {1919-1963},
  title = {Support Vector Algorithms for Optimizing the Partial Area under the ROC Curve},
  url = {https://doi.org/10.1162/NECO_a_00972},
  volume = {29},
  year = {2017}
}

@article{10.1162/NECO_a_00973,
  author = {Cheng, De and Nie, Feiping and Sun, Jiande and Gong, Yihong},
  doi = {10.1162/NECO_a_00973},
  eprint = {https://direct.mit.edu/neco/article-pdf/29/7/1902/1011203/neco_a_00973.pdf},
  issn = {0899-7667},
  journal = {Neural Computation},
  month = {07},
  number = {7},
  openalex = {W2616959213},
  pages = {1902-1918},
  title = {A Weight-Adaptive Laplacian Embedding for Graph-Based Clustering},
  url = {https://doi.org/10.1162/NECO_a_00973},
  volume = {29},
  year = {2017}
}

@article{10.1162/NECO_a_00974,
  author = {Koshka, Yaroslav and Perera, Dilina and Hall, Spencer and Novotny, M. A.},
  doi = {10.1162/NECO_a_00974},
  eprint = {https://direct.mit.edu/neco/article-pdf/29/7/1815/1011050/neco_a_00974.pdf},
  issn = {0899-7667},
  journal = {Neural Computation},
  month = {07},
  number = {7},
  openalex = {W2620374287},
  pages = {1815-1837},
  title = {Determination of the Lowest-Energy States for the Model Distribution of Trained Restricted Boltzmann Machines Using a 1000 Qubit D-Wave 2X Quantum Computer},
  url = {https://doi.org/10.1162/NECO_a_00974},
  volume = {29},
  year = {2017}
}

@article{10.1162/NECO_a_00975,
  author = {Puggioni, Paolo and Jelitai, Marta and Duguid, Ian and van Rossum, Mark C.W.},
  doi = {10.1162/NECO_a_00975},
  eprint = {https://direct.mit.edu/neco/article-pdf/29/7/1745/1011447/neco_a_00975.pdf},
  issn = {0899-7667},
  journal = {Neural Computation},
  month = {07},
  number = {7},
  openalex = {W2618889355},
  pages = {1745-1768},
  title = {Extraction of Synaptic Input Properties in Vivo},
  url = {https://doi.org/10.1162/NECO_a_00975},
  volume = {29},
  year = {2017}
}

@article{10.1162/NECO_a_00977,
  author = {Chang, Yan-Shuo and Nie, Feiping and Wang, Ming-Yu},
  doi = {10.1162/NECO_a_00977},
  eprint = {https://direct.mit.edu/neco/article-pdf/29/7/1986/1013909/neco_a_00977.pdf},
  issn = {0899-7667},
  journal = {Neural Computation},
  month = {07},
  number = {7},
  pages = {1986-2003},
  title = {Multiview Feature Analysis via Structured Sparsity and Shared Subspace Discovery},
  url = {https://doi.org/10.1162/NECO_a_00977},
  volume = {29},
  year = {2017}
}

@article{10.1162/NECO_a_00978,
  author = {Dodla, Ramana and Wilson, Charles J.},
  doi = {10.1162/NECO_a_00978},
  eprint = {https://direct.mit.edu/neco/article-pdf/29/7/1769/1015180/neco_a_00978.pdf},
  issn = {0899-7667},
  journal = {Neural Computation},
  month = {07},
  number = {7},
  openalex = {W2617505501},
  pages = {1769-1814},
  title = {Effect of Phase Response Curve Shape and Synaptic Driving Force on Synchronization of Coupled Neuronal Oscillators},
  url = {https://doi.org/10.1162/NECO_a_00978},
  volume = {29},
  year = {2017}
}

@article{10.1162/NECO_a_00979,
  author = {Lainscsek, Claudia and Muller, Lyle E. and Sampson, Aaron L. and Sejnowski, Terrence J.},
  doi = {10.1162/NECO_a_00979},
  eprint = {https://direct.mit.edu/neco/article-pdf/29/7/2004/1014159/neco_a_00979.pdf},
  issn = {0899-7667},
  journal = {Neural Computation},
  month = {07},
  number = {7},
  openalex = {W2619644306},
  pages = {2004-2020},
  title = {Analytical Derivation of Nonlinear Spectral Effects and 1/f Scaling Artifact in Signal Processing of Real-World Data},
  url = {https://doi.org/10.1162/NECO_a_00979},
  volume = {29},
  year = {2017}
}

@article{10.1162/neco_a_00981,
  author = {Matsuda, Takeru and Komaki, Fumiyasu},
  doi = {10.1162/neco_a_00981},
  eprint = {https://direct.mit.edu/neco/article-pdf/29/8/2055/1016126/neco_a_00981.pdf},
  issn = {0899-7667},
  journal = {Neural Computation},
  month = {08},
  number = {8},
  openalex = {W2617363064},
  pages = {2055-2075},
  title = {Multivariate Time Series Decomposition into Oscillation Components},
  url = {https://doi.org/10.1162/neco_a_00981},
  volume = {29},
  year = {2017}
}

@article{10.1162/neco_a_00983,
  author = {Oprisan, Sorinel A.},
  doi = {10.1162/neco_a_00983},
  eprint = {https://direct.mit.edu/neco/article-pdf/29/8/2030/1016566/neco_a_00983.pdf},
  issn = {0899-7667},
  journal = {Neural Computation},
  month = {08},
  number = {8},
  openalex = {W2618840726},
  pages = {2030-2054},
  title = {Predicting the Existence and Stability of Phase-Locked Mode in Neural Networks Using Generalized Phase-Resetting Curve},
  url = {https://doi.org/10.1162/neco_a_00983},
  volume = {29},
  year = {2017}
}

@article{10.1162/neco_a_00987,
  author = {Korndörfer, Clemens and Ullner, Ekkehard and García-Ojalvo, Jordi and Pipa, Gordon},
  doi = {10.1162/neco_a_00987},
  eprint = {https://direct.mit.edu/neco/article-pdf/29/9/2491/1017116/neco_a_00987.pdf},
  issn = {0899-7667},
  journal = {Neural Computation},
  month = {09},
  number = {9},
  openalex = {W3101496474},
  pages = {2491-2510},
  title = {Cortical Spike Synchrony as a Measure of Input Familiarity},
  url = {https://doi.org/10.1162/neco_a_00987},
  volume = {29},
  year = {2017}
}

@article{10.1162/neco_a_00988,
  author = {Softky, William and Benford, Criscillia},
  doi = {10.1162/neco_a_00988},
  eprint = {https://direct.mit.edu/neco/article-pdf/29/9/2293/1017000/neco_a_00988.pdf},
  issn = {0899-7667},
  journal = {Neural Computation},
  month = {09},
  number = {9},
  openalex = {W3098602563},
  pages = {2293-2351},
  title = {Sensory Metrics of Neuromechanical Trust},
  url = {https://doi.org/10.1162/neco_a_00988},
  volume = {29},
  year = {2017}
}

@article{10.1162/neco_a_00989,
  author = {Cazé, Romain D. and Jarvis, Sarah and Foust, Amanda J. and Schultz, Simon R.},
  doi = {10.1162/neco_a_00989},
  eprint = {https://direct.mit.edu/neco/article-pdf/29/9/2511/1016949/neco_a_00989.pdf},
  issn = {0899-7667},
  journal = {Neural Computation},
  month = {09},
  number = {9},
  openalex = {W2952939271},
  pages = {2511-2527},
  title = {Dendrites Enable a Robust Mechanism for Neuronal Stimulus Selectivity},
  url = {https://doi.org/10.1162/neco_a_00989},
  volume = {29},
  year = {2017}
}

@article{10.1162/neco_a_00990,
  author = {Rawat, Waseem and Wang, Zenghui},
  doi = {10.1162/neco_a_00990},
  eprint = {https://direct.mit.edu/neco/article-pdf/29/9/2352/1017965/neco_a_00990.pdf},
  issn = {0899-7667},
  journal = {Neural Computation},
  month = {09},
  number = {9},
  openalex = {W2622826443},
  pages = {2352-2449},
  title = {Deep Convolutional Neural Networks for Image Classification: A Comprehensive Review},
  url = {https://doi.org/10.1162/neco_a_00990},
  volume = {29},
  year = {2017}
}

@article{10.1162/neco_a_00991,
  author = {Sokoloski, Sacha},
  doi = {10.1162/neco_a_00991},
  eprint = {https://direct.mit.edu/neco/article-pdf/29/9/2450/1019140/neco_a_00991.pdf},
  issn = {0899-7667},
  journal = {Neural Computation},
  month = {09},
  number = {9},
  openalex = {W2554076768},
  pages = {2450-2490},
  title = {Implementing a Bayes Filter in a Neural Circuit: The Case of Unknown Stimulus Dynamics},
  url = {https://doi.org/10.1162/neco_a_00991},
  volume = {29},
  year = {2017}
}

@article{10.1162/neco_a_00992,
  author = {Orellana, Josue and Rodu, Jordan and Kass, Robert E.},
  doi = {10.1162/neco_a_00992},
  eprint = {https://direct.mit.edu/neco/article-pdf/29/8/2021/1016465/neco_a_00992.pdf},
  issn = {0899-7667},
  journal = {Neural Computation},
  month = {08},
  number = {8},
  openalex = {W2622861363},
  pages = {2021-2029},
  title = {Population Vectors Can Provide Near Optimal Integration of Information},
  url = {https://doi.org/10.1162/neco_a_00992},
  volume = {29},
  year = {2017}
}

@article{10.1162/neco_a_00993,
  author = {Liu, Sensen and Ching, ShiNung},
  doi = {10.1162/neco_a_00993},
  eprint = {https://direct.mit.edu/neco/article-pdf/29/9/2528/1017788/neco_a_00993.pdf},
  issn = {0899-7667},
  journal = {Neural Computation},
  month = {09},
  number = {9},
  openalex = {W2621712756},
  pages = {2528-2552},
  title = {Recurrent Information Optimization with Local, Metaplastic Synaptic Dynamics},
  url = {https://doi.org/10.1162/neco_a_00993},
  volume = {29},
  year = {2017}
}

@article{10.1162/neco_a_00995,
  author = {Shang, Ronghua and Liu, Chiyang and Meng, Yang and Jiao, Licheng and Stolkin, Rustam},
  doi = {10.1162/neco_a_00995},
  eprint = {https://direct.mit.edu/neco/article-pdf/29/9/2553/1018458/neco_a_00995.pdf},
  issn = {0899-7667},
  journal = {Neural Computation},
  month = {09},
  number = {9},
  pages = {2553-2579},
  title = {Nonnegative Matrix Factorization with Rank Regularization and Hard Constraint},
  url = {https://doi.org/10.1162/neco_a_00995},
  volume = {29},
  year = {2017}
}

@article{10.1162/neco_a_00998,
  author = {Recanatesi, Stefano and Katkov, Mikhail and Tsodyks, Misha},
  doi = {10.1162/neco_a_00998},
  eprint = {https://direct.mit.edu/neco/article-pdf/29/10/2684/1021246/neco_a_00998.pdf},
  issn = {0899-7667},
  journal = {Neural Computation},
  month = {10},
  number = {10},
  openalex = {W2743518561},
  pages = {2684-2711},
  title = {Memory States and Transitions between Them in Attractor Neural Networks},
  url = {https://doi.org/10.1162/neco_a_00998},
  volume = {29},
  year = {2017}
}

@article{10.1162/neco_a_00999,
  author = {Friston, Karl J. and Lin, Marco and Frith, Christopher D. and Pezzulo, Giovanni and Hobson, J. Allan and Ondobaka, Sasha},
  doi = {10.1162/neco_a_00999},
  eprint = {https://direct.mit.edu/neco/article-pdf/29/10/2633/1020758/neco_a_00999.pdf},
  issn = {0899-7667},
  journal = {Neural Computation},
  month = {10},
  number = {10},
  pages = {2633-2683},
  title = {Active Inference, Curiosity and Insight},
  url = {https://doi.org/10.1162/neco_a_00999},
  volume = {29},
  year = {2017}
}

@article{10.1162/neco_a_01005,
  author = {Piet, Alex T. and Erlich, Jeffrey C. and Kopec, Charles D. and Brody, Carlos D.},
  doi = {10.1162/neco_a_01005},
  eprint = {https://direct.mit.edu/neco/article-pdf/29/11/2861/1022003/neco_a_01005.pdf},
  issn = {0899-7667},
  journal = {Neural Computation},
  month = {11},
  number = {11},
  openalex = {W2744569425},
  pages = {2861-2886},
  title = {Rat Prefrontal Cortex Inactivations during Decision Making Are Explained by Bistable Attractor Dynamics},
  url = {https://doi.org/10.1162/neco_a_01005},
  volume = {29},
  year = {2017}
}

@article{10.1162/neco_a_01006,
  author = {Sasaki, Hiroaki and Gutmann, Michael U. and Shouno, Hayaru and Hyvärinen, Aapo},
  doi = {10.1162/neco_a_01006},
  eprint = {https://direct.mit.edu/neco/article-pdf/29/11/2887/1025177/neco_a_01006.pdf},
  issn = {0899-7667},
  journal = {Neural Computation},
  month = {11},
  number = {11},
  openalex = {W2963075323},
  pages = {2887-2924},
  title = {Simultaneous Estimation of Nongaussian Components and Their Correlation Structure},
  url = {https://doi.org/10.1162/neco_a_01006},
  volume = {29},
  year = {2017}
}

@article{10.1162/neco_a_01007,
  author = {Pehlevan, Cengiz and Mohan, Sreyas and Chklovskii, Dmitri B.},
  doi = {10.1162/neco_a_01007},
  eprint = {https://direct.mit.edu/neco/article-pdf/29/11/2925/1022288/neco_a_01007.pdf},
  issn = {0899-7667},
  journal = {Neural Computation},
  month = {11},
  number = {11},
  openalex = {W2620603814},
  pages = {2925-2954},
  title = {Blind Nonnegative Source Separation Using Biological Neural Networks},
  url = {https://doi.org/10.1162/neco_a_01007},
  volume = {29},
  year = {2017}
}

@article{10.1162/neco_a_01008,
  author = {Lin, Tiger W. and Das, Anup and Krishnan, Giri P. and Bazhenov, Maxim and Sejnowski, Terrence J.},
  doi = {10.1162/neco_a_01008},
  eprint = {https://direct.mit.edu/neco/article-pdf/29/10/2581/1024534/neco_a_01008.pdf},
  issn = {0899-7667},
  journal = {Neural Computation},
  month = {10},
  number = {10},
  openalex = {W2964160609},
  pages = {2581-2632},
  title = {Differential Covariance: A New Class of Methods to Estimate Sparse Connectivity from Neural Recordings},
  url = {https://doi.org/10.1162/neco_a_01008},
  volume = {29},
  year = {2017}
}

@article{10.1162/neco_a_01009,
  author = {Lainscsek, Claudia and Weyhenmeyer, Jonathan and Cash, Sydney S. and Sejnowski, Terrence J.},
  doi = {10.1162/neco_a_01009},
  eprint = {https://direct.mit.edu/neco/article-pdf/29/12/3181/1026314/neco_a_01009.pdf},
  issn = {0899-7667},
  journal = {Neural Computation},
  month = {12},
  number = {12},
  openalex = {W2743174578},
  pages = {3181-3218},
  title = {Delay Differential Analysis of Seizures in Multichannel Electrocorticography Data},
  url = {https://doi.org/10.1162/neco_a_01009},
  volume = {29},
  year = {2017}
}

@article{10.1162/neco_a_01011,
  author = {Loback, Adrianna and Prentice, Jason and Ioffe, Mark and Berry II, Michael},
  doi = {10.1162/neco_a_01011},
  eprint = {https://direct.mit.edu/neco/article-pdf/29/12/3119/1029047/neco_a_01011.pdf},
  issn = {0899-7667},
  journal = {Neural Computation},
  month = {12},
  number = {12},
  openalex = {W2598842828},
  pages = {3119-3180},
  title = {Noise-Robust Modes of the Retinal Population Code Have the Geometry of “Ridges” and Correspond to Neuronal Communities},
  url = {https://doi.org/10.1162/neco_a_01011},
  volume = {29},
  year = {2017}
}

@article{10.1162/neco_a_01016,
  author = {Elliott, Terry},
  doi = {10.1162/neco_a_01016},
  eprint = {https://direct.mit.edu/neco/article-pdf/29/12/3219/1030569/neco_a_01016.pdf},
  issn = {0899-7667},
  journal = {Neural Computation},
  month = {12},
  number = {12},
  openalex = {W2760398475},
  pages = {3219-3259},
  title = {First Passage Time Memory Lifetimes for Simple, Multistate Synapses},
  url = {https://doi.org/10.1162/neco_a_01016},
  volume = {29},
  year = {2017}
}

@article{10.1162/NECO_e_00960,
  author = {Liang, Xiao},
  doi = {10.1162/NECO_e_00960},
  eprint = {https://direct.mit.edu/neco/article-pdf/29/5/1439/2002280/neco_e_00960.pdf},
  issn = {0899-7667},
  journal = {Neural Computation},
  month = {05},
  number = {5},
  openalex = {W2600277616},
  pages = {1439-1439},
  title = {Erratum to “A Note on Divergences”},
  url = {https://doi.org/10.1162/NECO_e_00960},
  volume = {29},
  year = {2017}
}
