@article{10.1162/neco_a_01333,
  author = {Iwamoto, Masami and Kato, Daichi},
  doi = {10.1162/neco_a_01333},
  eprint = {https://direct.mit.edu/neco/article-pdf/33/1/129/1865609/neco_a_01333.pdf},
  issn = {0899-7667},
  journal = {Neural Computation},
  month = {01},
  number = {1},
  openalex = {W3094602391},
  pages = {129-156},
  title = {Efficient Actor-Critic Reinforcement Learning With Embodiment of Muscle Tone for Posture Stabilization of the Human Arm},
  url = {https://doi.org/10.1162/neco_a_01333},
  volume = {33},
  year = {2021}
}

@article{10.1162/neco_a_01334,
  author = {Feng, Yunlong},
  doi = {10.1162/neco_a_01334},
  eprint = {https://direct.mit.edu/neco/article-pdf/33/1/157/1865555/neco_a_01334.pdf},
  issn = {0899-7667},
  journal = {Neural Computation},
  month = {01},
  number = {1},
  openalex = {W3094592182},
  pages = {157-173},
  title = {New Insights Into Learning With Correntropy-Based Regression},
  url = {https://doi.org/10.1162/neco_a_01334},
  volume = {33},
  year = {2021}
}

@article{10.1162/neco_a_01335,
  author = {Kao, Yu-Wei and Chen, Hung-Hsuan},
  doi = {10.1162/neco_a_01335},
  eprint = {https://direct.mit.edu/neco/article-pdf/33/1/174/1865567/neco_a_01335.pdf},
  issn = {0899-7667},
  journal = {Neural Computation},
  month = {01},
  number = {1},
  openalex = {W3094048326},
  pages = {174-193},
  title = {Associated Learning: Decomposing End-to-End Backpropagation Based on Autoencoders and Target Propagation},
  url = {https://doi.org/10.1162/neco_a_01335},
  volume = {33},
  year = {2021}
}

@article{10.1162/neco_a_01336,
  author = {Saul, Lawrence K.},
  doi = {10.1162/neco_a_01336},
  eprint = {https://direct.mit.edu/neco/article-pdf/33/1/194/1865589/neco_a_01336.pdf},
  issn = {0899-7667},
  journal = {Neural Computation},
  month = {01},
  number = {1},
  openalex = {W3093497922},
  pages = {194-226},
  title = {An EM Algorithm for Capsule Regression},
  url = {https://doi.org/10.1162/neco_a_01336},
  volume = {33},
  year = {2021}
}

@article{10.1162/neco_a_01337,
  author = {Sakai, Tomoya and Niu, Gang and Sugiyama, Masashi},
  doi = {10.1162/neco_a_01337},
  eprint = {https://direct.mit.edu/neco/article-pdf/33/1/244/1865628/neco_a_01337.pdf},
  issn = {0899-7667},
  journal = {Neural Computation},
  month = {01},
  number = {1},
  openalex = {W3094078618},
  pages = {244-268},
  title = {Information-Theoretic Representation Learning for Positive-Unlabeled Classification},
  url = {https://doi.org/10.1162/neco_a_01337},
  volume = {33},
  year = {2021}
}

@article{10.1162/neco_a_01338,
  author = {Stöckel, Andreas and Eliasmith, Chris},
  doi = {10.1162/neco_a_01338},
  eprint = {https://direct.mit.edu/neco/article-pdf/33/1/96/1865650/neco_a_01338.pdf},
  issn = {0899-7667},
  journal = {Neural Computation},
  month = {12},
  number = {1},
  openalex = {W3094403118},
  pages = {96-128},
  title = {Passive Nonlinear Dendritic Interactions as a Computational Resource in Spiking Neural Networks},
  url = {https://doi.org/10.1162/neco_a_01338},
  volume = {33},
  year = {2021}
}

@article{10.1162/neco_a_01339,
  author = {Kruijne, Wouter and Bohte, Sander M. and Roelfsema, Pieter R. and Olivers, Christian N. L.},
  doi = {10.1162/neco_a_01339},
  eprint = {https://direct.mit.edu/neco/article-pdf/33/1/1/1865663/neco_a_01339.pdf},
  issn = {0899-7667},
  journal = {Neural Computation},
  month = {12},
  number = {1},
  openalex = {W3094107873},
  pages = {1-40},
  title = {Flexible Working Memory Through Selective Gating and Attentional Tagging},
  url = {https://doi.org/10.1162/neco_a_01339},
  volume = {33},
  year = {2021}
}

@article{10.1162/neco_a_01341,
  author = {Hesp, Casper and Smith, Ryan and Parr, Thomas and Allen, Micah and Friston, Karl J. and Ramstead, Maxwell J. D.},
  doi = {10.1162/neco_a_01341},
  eprint = {https://direct.mit.edu/neco/article-pdf/33/2/398/1896849/neco_a_01341.pdf},
  issn = {0899-7667},
  journal = {Neural Computation},
  month = {02},
  number = {2},
  openalex = {W3108742966},
  pages = {398-446},
  title = {Deeply Felt Affect: The Emergence of Valence in Deep Active Inference},
  url = {https://doi.org/10.1162/neco_a_01341},
  volume = {33},
  year = {2021}
}

@article{10.1162/neco_a_01342,
  author = {Górski, Tomasz and Depannemaecker, Damien and Destexhe, Alain},
  doi = {10.1162/neco_a_01342},
  eprint = {https://direct.mit.edu/neco/article-pdf/33/1/41/1865685/neco_a_01342.pdf},
  issn = {0899-7667},
  journal = {Neural Computation},
  month = {01},
  number = {1},
  openalex = {W3109760662},
  pages = {41-66},
  title = {Conductance-Based Adaptive Exponential Integrate-and-Fire Model},
  url = {https://doi.org/10.1162/neco_a_01342},
  volume = {33},
  year = {2021}
}

@article{10.1162/neco_a_01343,
  author = {Gabrieli, David and Schumm, Samantha N. and Vigilante, Nicholas F. and Meaney, David F.},
  doi = {10.1162/neco_a_01343},
  eprint = {https://direct.mit.edu/neco/article-pdf/33/1/67/1865674/neco_a_01343.pdf},
  issn = {0899-7667},
  journal = {Neural Computation},
  month = {01},
  number = {1},
  openalex = {W3107773165},
  pages = {67-95},
  title = {NMDA Receptor Alterations After Mild Traumatic Brain Injury Induce Deficits in Memory Acquisition and Recall},
  url = {https://doi.org/10.1162/neco_a_01343},
  volume = {33},
  year = {2021}
}

@article{10.1162/neco_a_01344,
  author = {Suresh, R. and Manivannan, A.},
  doi = {10.1162/neco_a_01344},
  eprint = {https://direct.mit.edu/neco/article-pdf/33/1/227/1865683/neco_a_01344.pdf},
  issn = {0899-7667},
  journal = {Neural Computation},
  month = {01},
  number = {1},
  openalex = {W3107799394},
  pages = {227-243},
  title = {Robust Stability Analysis of Delayed Stochastic Neural Networks via Wirtinger-Based Integral Inequality},
  url = {https://doi.org/10.1162/neco_a_01344},
  volume = {33},
  year = {2021}
}

@article{10.1162/neco_a_01345,
  author = {Jin, Dequan and Qin, Ziyan and Yang, Murong and Chen, Penghe},
  doi = {10.1162/neco_a_01345},
  eprint = {https://direct.mit.edu/neco/article-pdf/33/2/528/1896838/neco_a_01345.pdf},
  issn = {0899-7667},
  journal = {Neural Computation},
  month = {02},
  number = {2},
  openalex = {W3108301990},
  pages = {528-551},
  title = {A Novel Neural Model With Lateral Interaction for Learning Tasks},
  url = {https://doi.org/10.1162/neco_a_01345},
  volume = {33},
  year = {2021}
}

@article{10.1162/neco_a_01346,
  author = {Mofrad, Asieh Abolpou and Yazidi, Anis and Mofrad, Samaneh Abolpour and Hammer, Hugo L. and Arntzen, Erik},
  doi = {10.1162/neco_a_01346},
  eprint = {https://direct.mit.edu/neco/article-pdf/33/2/483/1896861/neco_a_01346.pdf},
  issn = {0899-7667},
  journal = {Neural Computation},
  month = {02},
  number = {2},
  openalex = {W3109097349},
  pages = {483-527},
  title = {Enhanced Equivalence Projective Simulation: A Framework for Modeling Formation of Stimulus Equivalence Classes},
  url = {https://doi.org/10.1162/neco_a_01346},
  volume = {33},
  year = {2021}
}

@article{10.1162/neco_a_01347,
  author = {Nesse, William H. and Maler, Leonard and Longtin, André},
  doi = {10.1162/neco_a_01347},
  eprint = {https://direct.mit.edu/neco/article-pdf/33/2/341/1896829/neco_a_01347.pdf},
  issn = {0899-7667},
  journal = {Neural Computation},
  month = {02},
  number = {2},
  openalex = {W3108384311},
  pages = {341-375},
  title = {Enhanced Signal Detection by Adaptive Decorrelation of Interspike Intervals},
  url = {https://doi.org/10.1162/neco_a_01347},
  volume = {33},
  year = {2021}
}

@article{10.1162/neco_a_01349,
  author = {Roads, Brett D. and Mozer, Michael C.},
  doi = {10.1162/neco_a_01349},
  eprint = {https://direct.mit.edu/neco/article-pdf/33/2/376/1896801/neco_a_01349.pdf},
  issn = {0899-7667},
  journal = {Neural Computation},
  month = {02},
  number = {2},
  openalex = {W3118792293},
  pages = {376-397},
  title = {Predicting the Ease of Human Category Learning Using Radial Basis Function Networks},
  url = {https://doi.org/10.1162/neco_a_01349},
  volume = {33},
  year = {2021}
}

@article{10.1162/neco_a_01350,
  author = {Kobayashi, Masaki},
  doi = {10.1162/neco_a_01350},
  eprint = {https://direct.mit.edu/neco/article-pdf/33/2/552/1896796/neco_a_01350.pdf},
  issn = {0899-7667},
  journal = {Neural Computation},
  month = {02},
  number = {2},
  openalex = {W3118873377},
  pages = {552-562},
  title = {Stability Conditions of Bicomplex-Valued Hopfield Neural Networks},
  url = {https://doi.org/10.1162/neco_a_01350},
  volume = {33},
  year = {2021}
}

@article{10.1162/neco_a_01351,
  author = {Friston, Karl and Da Costa, Lancelot and Hafner, Danijar and Hesp, Casper and Parr, Thomas},
  doi = {10.1162/neco_a_01351},
  eprint = {https://direct.mit.edu/neco/article-pdf/33/3/713/1889421/neco_a_01351.pdf},
  issn = {0899-7667},
  journal = {Neural Computation},
  month = {03},
  number = {3},
  openalex = {W3033196763},
  pages = {713-763},
  title = {Sophisticated Inference},
  url = {https://doi.org/10.1162/neco_a_01351},
  volume = {33},
  year = {2021}
}

@article{10.1162/neco_a_01352,
  author = {Liakoni, Vasiliki and Modirshanechi, Alireza and Gerstner, Wulfram and Brea, Johanni},
  doi = {10.1162/neco_a_01352},
  eprint = {https://direct.mit.edu/neco/article-pdf/33/2/269/1896808/neco_a_01352.pdf},
  issn = {0899-7667},
  journal = {Neural Computation},
  month = {02},
  number = {2},
  openalex = {W3118979875},
  pages = {269-340},
  title = {Learning in Volatile Environments With the Bayes Factor Surprise},
  url = {https://doi.org/10.1162/neco_a_01352},
  volume = {33},
  year = {2021}
}

@article{10.1162/neco_a_01353,
  author = {Van Pottelbergh, Tomas and Drion, Guillaume and Sepulchre, Rodolphe},
  doi = {10.1162/neco_a_01353},
  eprint = {https://direct.mit.edu/neco/article-pdf/33/3/563/1889405/neco_a_01353.pdf},
  issn = {0899-7667},
  journal = {Neural Computation},
  month = {03},
  number = {3},
  openalex = {W3118891173},
  pages = {563-589},
  title = {From Biophysical to Integrate-and-Fire Modeling},
  url = {https://doi.org/10.1162/neco_a_01353},
  volume = {33},
  year = {2021}
}

@article{10.1162/neco_a_01354,
  author = {Millidge, Beren and Tschantz, Alexander and Buckley, Christopher L.},
  doi = {10.1162/neco_a_01354},
  eprint = {https://direct.mit.edu/neco/article-pdf/33/2/447/1896836/neco_a_01354.pdf},
  issn = {0899-7667},
  journal = {Neural Computation},
  month = {02},
  number = {2},
  openalex = {W3118752252},
  pages = {447-482},
  title = {Whence the Expected Free Energy?},
  url = {https://doi.org/10.1162/neco_a_01354},
  volume = {33},
  year = {2021}
}

@article{10.1162/neco_a_01355,
  author = {Wendling, Kyle P. and Ly, Cheng},
  doi = {10.1162/neco_a_01355},
  eprint = {https://direct.mit.edu/neco/article-pdf/33/3/764/1889431/neco_a_01355.pdf},
  issn = {0899-7667},
  journal = {Neural Computation},
  month = {03},
  number = {3},
  openalex = {W3120393204},
  pages = {764-801},
  title = {Statistical Analysis of Decoding Performances of Diverse Populations of Neurons},
  url = {https://doi.org/10.1162/neco_a_01355},
  volume = {33},
  year = {2021}
}

@article{10.1162/neco_a_01356,
  author = {Harris, Ethan and Mihai, Daniela and Hare, Jonathon},
  doi = {10.1162/neco_a_01356},
  eprint = {https://direct.mit.edu/neco/article-pdf/33/4/858/1902316/neco_a_01356.pdf},
  issn = {0899-7667},
  journal = {Neural Computation},
  month = {03},
  number = {4},
  openalex = {W3118817812},
  pages = {858-898},
  title = {How Convolutional Neural Network Architecture Biases Learned Opponency and Color Tuning},
  url = {https://doi.org/10.1162/neco_a_01356},
  volume = {33},
  year = {2021}
}

@article{10.1162/neco_a_01357,
  author = {Sajid, Noor and Ball, Philip J. and Parr, Thomas and Friston, Karl J.},
  doi = {10.1162/neco_a_01357},
  eprint = {https://direct.mit.edu/neco/article-pdf/33/3/674/1889396/neco_a_01357.pdf},
  issn = {0899-7667},
  journal = {Neural Computation},
  month = {03},
  number = {3},
  openalex = {W3118769118},
  pages = {674-712},
  title = {Active Inference: Demystified and Compared},
  url = {https://doi.org/10.1162/neco_a_01357},
  volume = {33},
  year = {2021}
}

@article{10.1162/neco_a_01359,
  author = {Paul, William and Wang, I-Jeng and Alajaji, Fady and Burlina, Philippe},
  doi = {10.1162/neco_a_01359},
  eprint = {https://direct.mit.edu/neco/article-pdf/33/3/802/1889446/neco_a_01359.pdf},
  issn = {0899-7667},
  journal = {Neural Computation},
  month = {03},
  number = {3},
  openalex = {W3123939790},
  pages = {802-826},
  title = {Unsupervised Discovery, Control, and Disentanglement of Semantic Attributes With Applications to Anomaly Detection},
  url = {https://doi.org/10.1162/neco_a_01359},
  volume = {33},
  year = {2021}
}

@article{10.1162/neco_a_01360,
  author = {Boffi, Nicholas M. and Slotine, Jean-Jacques E.},
  doi = {10.1162/neco_a_01360},
  eprint = {https://direct.mit.edu/neco/article-pdf/33/3/590/1889460/neco_a_01360.pdf},
  issn = {0899-7667},
  journal = {Neural Computation},
  month = {03},
  number = {3},
  openalex = {W3126078688},
  pages = {590-673},
  title = {Implicit Regularization and Momentum Algorithms in Nonlinearly Parameterized Adaptive Control and Prediction},
  url = {https://doi.org/10.1162/neco_a_01360},
  volume = {33},
  year = {2021}
}

@article{10.1162/neco_a_01361,
  author = {Barak, Omri and Romani, Sandro},
  doi = {10.1162/neco_a_01361},
  eprint = {https://direct.mit.edu/neco/article-pdf/33/3/827/1889452/neco_a_01361.pdf},
  issn = {0899-7667},
  journal = {Neural Computation},
  month = {03},
  number = {3},
  openalex = {W3124108684},
  pages = {827-852},
  title = {Mapping Low-Dimensional Dynamics to High-Dimensional Neural Activity: A Derivation of the Ring Model From the Neural Engineering Framework},
  url = {https://doi.org/10.1162/neco_a_01361},
  volume = {33},
  year = {2021}
}

@article{10.1162/neco_a_01362,
  author = {Williams, Christopher K. I.},
  doi = {10.1162/neco_a_01362},
  eprint = {https://direct.mit.edu/neco/article-pdf/33/4/853/1908890/neco_a_01362.pdf},
  issn = {0899-7667},
  journal = {Neural Computation},
  month = {04},
  number = {4},
  openalex = {W3124078042},
  pages = {853-857},
  title = {The Effect of Class Imbalance on Precision-Recall Curves},
  url = {https://doi.org/10.1162/neco_a_01362},
  volume = {33},
  year = {2021}
}

@article{10.1162/neco_a_01363,
  author = {Tuckute, Greta and Hansen, Sofie Therese and Kjaer, Troels Wesenberg and Hansen, Lars Kai},
  doi = {10.1162/neco_a_01363},
  eprint = {https://direct.mit.edu/neco/article-pdf/33/4/967/1902305/neco_a_01363.pdf},
  issn = {0899-7667},
  journal = {Neural Computation},
  month = {03},
  number = {4},
  pages = {967-1004},
  title = {Real-Time Decoding of Attentional States Using Closed-Loop EEG Neurofeedback},
  url = {https://doi.org/10.1162/neco_a_01363},
  volume = {33},
  year = {2021}
}

@article{10.1162/neco_a_01364,
  author = {Shen, Zuowei and Yang, Haizhao and Zhang, Shijun},
  doi = {10.1162/neco_a_01364},
  eprint = {https://direct.mit.edu/neco/article-pdf/33/4/1005/1902284/neco_a_01364.pdf},
  issn = {0899-7667},
  journal = {Neural Computation},
  month = {03},
  number = {4},
  pages = {1005-1036},
  title = {Deep Network With Approximation Error Being Reciprocal of Width to Power of Square Root of Depth},
  url = {https://doi.org/10.1162/neco_a_01364},
  volume = {33},
  year = {2021}
}

@article{10.1162/neco_a_01365,
  author = {Yasuda, Muneki and Uchizawa, Kei},
  doi = {10.1162/neco_a_01365},
  eprint = {https://direct.mit.edu/neco/article-pdf/33/4/1037/1902369/neco_a_01365.pdf},
  issn = {0899-7667},
  journal = {Neural Computation},
  month = {03},
  number = {4},
  openalex = {W3124055008},
  pages = {1037-1062},
  title = {A Generalization of Spatial Monte Carlo Integration},
  url = {https://doi.org/10.1162/neco_a_01365},
  volume = {33},
  year = {2021}
}

@article{10.1162/neco_a_01367,
  author = {Zenke, Friedemann and Vogels, Tim P.},
  doi = {10.1162/neco_a_01367},
  eprint = {https://direct.mit.edu/neco/article-pdf/33/4/899/1902294/neco_a_01367.pdf},
  issn = {0899-7667},
  journal = {Neural Computation},
  month = {03},
  number = {4},
  openalex = {W3124478039},
  pages = {899-925},
  title = {The Remarkable Robustness of Surrogate Gradient Learning for Instilling Complex Function in Spiking Neural Networks},
  url = {https://doi.org/10.1162/neco_a_01367},
  volume = {33},
  year = {2021}
}

@article{10.1162/neco_a_01369,
  author = {Domhof, Justin W. M. and Tiesinga, Paul H. E.},
  doi = {10.1162/neco_a_01369},
  eprint = {https://direct.mit.edu/neco/article-pdf/33/4/926/1902335/neco_a_01369.pdf},
  issn = {0899-7667},
  journal = {Neural Computation},
  month = {03},
  number = {4},
  pages = {926-966},
  title = {Flexible Frequency Switching in Adult Mouse Visual Cortex Is Mediated by Competition Between Parvalbumin and Somatostatin Expressing Interneurons},
  url = {https://doi.org/10.1162/neco_a_01369},
  volume = {33},
  year = {2021}
}

@article{10.1162/neco_a_01371,
  author = {Weistuch, Corey and Mujica-Parodi, Lilianne R. and Dill, Ken},
  doi = {10.1162/neco_a_01371},
  eprint = {https://direct.mit.edu/neco/article-pdf/33/5/1145/1908999/neco_a_01371.pdf},
  issn = {0899-7667},
  journal = {Neural Computation},
  month = {04},
  number = {5},
  pages = {1145-1163},
  title = {The Refractory Period Matters: Unifying Mechanisms of Macroscopic Brain Waves},
  url = {https://doi.org/10.1162/neco_a_01371},
  volume = {33},
  year = {2021}
}

@article{10.1162/neco_a_01372,
  author = {Singh, Rishabh and Principe, Jose C.},
  doi = {10.1162/neco_a_01372},
  eprint = {https://direct.mit.edu/neco/article-pdf/33/5/1164/1909045/neco_a_01372.pdf},
  issn = {0899-7667},
  journal = {Neural Computation},
  month = {04},
  number = {5},
  openalex = {W3107347510},
  pages = {1164-1198},
  title = {Toward a Kernel-Based Uncertainty Decomposition Framework for Data and Models},
  url = {https://doi.org/10.1162/neco_a_01372},
  volume = {33},
  year = {2021}
}

@article{10.1162/neco_a_01378,
  author = {Isomura, Takuya and Toyoizumi, Taro},
  doi = {10.1162/neco_a_01378},
  eprint = {https://direct.mit.edu/neco/article-pdf/33/6/1433/1916364/neco_a_01378.pdf},
  issn = {0899-7667},
  journal = {Neural Computation},
  month = {05},
  number = {6},
  openalex = {W3152632243},
  pages = {1433-1468},
  title = {On the Achievability of Blind Source Separation for High-Dimensional Nonlinear Source Mixtures},
  url = {https://doi.org/10.1162/neco_a_01378},
  volume = {33},
  year = {2021}
}

@article{10.1162/neco_a_01379,
  author = {Kim, Christopher M. and Chow, Carson C.},
  doi = {10.1162/neco_a_01379},
  eprint = {https://direct.mit.edu/neco/article-pdf/33/5/1199/1908990/neco_a_01379.pdf},
  issn = {0899-7667},
  journal = {Neural Computation},
  month = {04},
  number = {5},
  openalex = {W3156661050},
  pages = {1199-1233},
  title = {Training Spiking Neural Networks in the Strong Coupling Regime},
  url = {https://doi.org/10.1162/neco_a_01379},
  volume = {33},
  year = {2021}
}

@article{10.1162/neco_a_01387,
  author = {Rauber, Paulo and Ummadisingu, Avinash and Mutz, Filipe and Schmidhuber, Jürgen},
  doi = {10.1162/neco_a_01387},
  eprint = {https://direct.mit.edu/neco/article-pdf/33/6/1498/1919516/neco_a_01387.pdf},
  issn = {0899-7667},
  journal = {Neural Computation},
  month = {05},
  number = {6},
  openalex = {W3158799570},
  pages = {1498-1553},
  title = {Reinforcement Learning in Sparse-Reward Environments With Hindsight Policy Gradients},
  url = {https://doi.org/10.1162/neco_a_01387},
  volume = {33},
  year = {2021}
}

@article{10.1162/neco_a_01388,
  author = {Frye, Charles G. and Simon, James and Wadia, Neha S. and Ligeralde, Andrew and DeWeese, Michael R. and Bouchard, Kristofer E.},
  doi = {10.1162/neco_a_01388},
  eprint = {https://direct.mit.edu/neco/article-pdf/33/6/1469/1916370/neco_a_01388.pdf},
  issn = {0899-7667},
  journal = {Neural Computation},
  month = {05},
  number = {6},
  openalex = {W3159746799},
  pages = {1469-1497},
  title = {Critical Point-Finding Methods Reveal Gradient-Flat Regions of Deep Network Losses},
  url = {https://doi.org/10.1162/neco_a_01388},
  volume = {33},
  year = {2021}
}

@article{10.1162/neco_a_01389,
  author = {Safavi, Shervin and Logothetis, Nikos K. and Besserve, Michel},
  doi = {10.1162/neco_a_01389},
  eprint = {https://direct.mit.edu/neco/article-pdf/33/7/1751/1961328/neco_a_01389.pdf},
  issn = {0899-7667},
  journal = {Neural Computation},
  month = {06},
  number = {7},
  openalex = {W3157180173},
  pages = {1751-1817},
  title = {From Univariate to Multivariate Coupling Between Continuous Signals and Point Processes: A Mathematical Framework},
  url = {https://doi.org/10.1162/neco_a_01389},
  volume = {33},
  year = {2021}
}

@article{10.1162/neco_a_01391,
  author = {Bi, Wang and Yang, Chen and XueLian, Li and JunFu, Chen},
  doi = {10.1162/neco_a_01391},
  eprint = {https://direct.mit.edu/neco/article-pdf/33/7/1818/1966852/neco_a_01391.pdf},
  issn = {0899-7667},
  journal = {Neural Computation},
  month = {06},
  number = {7},
  pages = {1818-1852},
  title = {Lifelong Classification in Open World With Limited Storage Requirements},
  url = {https://doi.org/10.1162/neco_a_01391},
  volume = {33},
  year = {2021}
}

@article{10.1162/neco_a_01392,
  author = {Watanabe, Chihiro and Kameoka, Hirokazu},
  doi = {10.1162/neco_a_01392},
  eprint = {https://direct.mit.edu/neco/article-pdf/33/7/1853/1925429/neco_a_01392.pdf},
  issn = {0899-7667},
  journal = {Neural Computation},
  month = {06},
  number = {7},
  openalex = {W3087633523},
  pages = {1853-1885},
  title = {X-DC: Explainable Deep Clustering Based on Learnable Spectrogram Templates},
  url = {https://doi.org/10.1162/neco_a_01392},
  volume = {33},
  year = {2021}
}

@article{10.1162/neco_a_01393,
  author = {Zhang, Wenrui and Li, Peng},
  doi = {10.1162/neco_a_01393},
  eprint = {https://direct.mit.edu/neco/article-pdf/33/7/1886/1925335/neco_a_01393.pdf},
  issn = {0899-7667},
  journal = {Neural Computation},
  month = {06},
  number = {7},
  openalex = {W3159965433},
  pages = {1886-1913},
  title = {Skip-Connected Self-Recurrent Spiking Neural Networks With Joint Intrinsic Parameter and Synaptic Weight Training},
  url = {https://doi.org/10.1162/neco_a_01393},
  volume = {33},
  year = {2021}
}

@article{10.1162/neco_a_01394,
  author = {Alotaibi, Noura and Maharatna, Koushik},
  doi = {10.1162/neco_a_01394},
  eprint = {https://direct.mit.edu/neco/article-pdf/33/7/1914/1925415/neco_a_01394.pdf},
  issn = {0899-7667},
  journal = {Neural Computation},
  month = {06},
  number = {7},
  openalex = {W3157329503},
  pages = {1914-1941},
  title = {Classification of Autism Spectrum Disorder From EEG-Based Functional Brain Connectivity Analysis},
  url = {https://doi.org/10.1162/neco_a_01394},
  volume = {33},
  year = {2021}
}

@article{10.1162/neco_a_01395,
  author = {Kim, Young Joon and Brackbill, Nora and Batty, Eleanor and Lee, JinHyung and Mitelut, Catalin and Tong, William and Chichilnisky, E. J. and Paninski, Liam},
  doi = {10.1162/neco_a_01395},
  eprint = {https://direct.mit.edu/neco/article-pdf/33/7/1719/1925355/neco_a_01395.pdf},
  issn = {0899-7667},
  journal = {Neural Computation},
  month = {06},
  number = {7},
  openalex = {W3157324122},
  pages = {1719-1750},
  title = {Nonlinear Decoding of Natural Images From Large-Scale Primate Retinal Ganglion Recordings},
  url = {https://doi.org/10.1162/neco_a_01395},
  volume = {33},
  year = {2021}
}

@article{10.1162/neco_a_01398,
  author = {Kwessi, E. A. and Edwards, L. J.},
  doi = {10.1162/neco_a_01398},
  eprint = {https://direct.mit.edu/neco/article-pdf/33/7/1942/1925394/neco_a_01398.pdf},
  issn = {0899-7667},
  journal = {Neural Computation},
  month = {06},
  number = {7},
  pages = {1942-1969},
  title = {Analysis of EEG Data Using Complex Geometric Structurization},
  url = {https://doi.org/10.1162/neco_a_01398},
  volume = {33},
  year = {2021}
}

@article{10.1162/neco_a_01399,
  author = {Vuillaume, Roman and Lorenzo, Jhunlyn and Binczak, Stéphane and Jacquir, Sabir},
  doi = {10.1162/neco_a_01399},
  eprint = {https://direct.mit.edu/neco/article-pdf/33/7/1970/1925344/neco_a_01399.pdf},
  issn = {0899-7667},
  journal = {Neural Computation},
  month = {06},
  number = {7},
  openalex = {W3171320265},
  pages = {1970-1992},
  title = {A Computational Study on Synaptic Plasticity Regulation and Information Processing in Neuron-Astrocyte Networks},
  url = {https://doi.org/10.1162/neco_a_01399},
  volume = {33},
  year = {2021}
}

@article{10.1162/neco_a_01400,
  author = {Romaro, Cecilia and Najman, Fernando Araujo and Lytton, William W. and Roque, Antonio C. and Dura-Bernal, Salvador},
  doi = {10.1162/neco_a_01400},
  eprint = {https://direct.mit.edu/neco/article-pdf/33/7/1993/1956685/neco_a_01400.pdf},
  issn = {0899-7667},
  journal = {Neural Computation},
  month = {06},
  number = {7},
  openalex = {W3169323027},
  pages = {1993-2032},
  title = {NetPyNE Implementation and Scaling of the Potjans-Diesmann Cortical Microcircuit Model},
  url = {https://doi.org/10.1162/neco_a_01400},
  volume = {33},
  year = {2021}
}

@article{10.1162/neco_a_01401,
  author = {Abrevaya, Germán and Dumas, Guillaume and Aravkin, Aleksandr Y. and Zheng, Peng and Gagnon-Audet, Jean-Christophe and Kozloski, James and Polosecki, Pablo and Lajoie, Guillaume and Cox, David and Dawson, Silvina Ponce and Cecchi, Guillermo and Rish, Irina},
  doi = {10.1162/neco_a_01401},
  eprint = {https://direct.mit.edu/neco/article-pdf/33/8/2087/1930932/neco_a_01401.pdf},
  issn = {0899-7667},
  journal = {Neural Computation},
  month = {07},
  number = {8},
  openalex = {W3169680613},
  pages = {2087-2127},
  title = {Learning Brain Dynamics With Coupled Low-Dimensional Nonlinear Oscillators and Deep Recurrent Networks},
  url = {https://doi.org/10.1162/neco_a_01401},
  volume = {33},
  year = {2021}
}

@article{10.1162/neco_a_01404,
  author = {Houben, Akke Mats},
  doi = {10.1162/neco_a_01404},
  eprint = {https://direct.mit.edu/neco/article-pdf/33/8/2068/1930859/neco_a_01404.pdf},
  issn = {0899-7667},
  journal = {Neural Computation},
  month = {07},
  number = {8},
  openalex = {W3087084370},
  pages = {2068-2086},
  title = {Frequency Selectivity of Neural Circuits With Heterogeneous Discrete Transmission Delays},
  url = {https://doi.org/10.1162/neco_a_01404},
  volume = {33},
  year = {2021}
}

@article{10.1162/neco_a_01409,
  author = {Li, Yinghao and Kim, Robert and Sejnowski, Terrence J.},
  doi = {10.1162/neco_a_01409},
  eprint = {https://direct.mit.edu/neco/article-pdf/33/12/3264/1971998/neco_a_01409.pdf},
  issn = {0899-7667},
  journal = {Neural Computation},
  month = {11},
  number = {12},
  openalex = {W3210812774},
  pages = {3264-3287},
  title = {Learning the Synaptic and Intrinsic Membrane Dynamics Underlying Working Memory in Spiking Neural Network Models},
  url = {https://doi.org/10.1162/neco_a_01409},
  volume = {33},
  year = {2021}
}

@article{10.1162/neco_a_01410,
  author = {Voelker, Aaron R. and Blouw, Peter and Choo, Xuan and Dumont, Nicole Sandra-Yaffa and Stewart, Terrence C. and Eliasmith, Chris},
  doi = {10.1162/neco_a_01410},
  eprint = {https://direct.mit.edu/neco/article-pdf/33/8/2033/1930867/neco_a_01410.pdf},
  issn = {0899-7667},
  journal = {Neural Computation},
  month = {07},
  number = {8},
  openalex = {W3173761280},
  pages = {2033-2067},
  title = {Simulating and Predicting Dynamical Systems With Spatial Semantic Pointers},
  url = {https://doi.org/10.1162/neco_a_01410},
  volume = {33},
  year = {2021}
}

@article{10.1162/neco_a_01412,
  author = {Queiẞer, Jeffrey Frederic and Jung, Minju and Matsumoto, Takazumi and Tani, Jun},
  doi = {10.1162/neco_a_01412},
  eprint = {https://direct.mit.edu/neco/article-pdf/33/9/2353/1978093/neco_a_01412.pdf},
  issn = {0899-7667},
  journal = {Neural Computation},
  month = {08},
  number = {9},
  pages = {2353-2407},
  title = {Emergence of Content-Agnostic Information Processing by a Robot Using Active Inference, Visual Attention, Working Memory, and Planning},
  url = {https://doi.org/10.1162/neco_a_01412},
  volume = {33},
  year = {2021}
}

@article{10.1162/neco_a_01413,
  author = {Villalobos, Kimberly and Štih, Vilim and Ahmadinejad, Amineh and Sundaram, Shobhita and Dozier, Jamell and Francl, Andrew and Azevedo, Frederico and Sasaki, Tomotake and Boix, Xavier},
  doi = {10.1162/neco_a_01413},
  eprint = {https://direct.mit.edu/neco/article-pdf/33/9/2511/1958091/neco_a_01413.pdf},
  issn = {0899-7667},
  journal = {Neural Computation},
  month = {08},
  number = {9},
  openalex = {W3004736626},
  pages = {2511-2549},
  title = {Do Neural Networks for Segmentation Understand Insideness?},
  url = {https://doi.org/10.1162/neco_a_01413},
  volume = {33},
  year = {2021}
}

@article{10.1162/neco_a_01414,
  author = {Lipshutz, David and Bahroun, Yanis and Golkar, Siavash and Sengupta, Anirvan M. and Chklovskii, Dmitri B.},
  doi = {10.1162/neco_a_01414},
  eprint = {https://direct.mit.edu/neco/article-pdf/33/9/2309/1978152/neco_a_01414.pdf},
  issn = {0899-7667},
  journal = {Neural Computation},
  month = {08},
  number = {9},
  openalex = {W3176269288},
  pages = {2309-2352},
  title = {A Biologically Plausible Neural Network for Multichannel Canonical Correlation Analysis},
  url = {https://doi.org/10.1162/neco_a_01414},
  volume = {33},
  year = {2021}
}

@article{10.1162/neco_a_01415,
  author = {Ojeda, Alejandro and Kreutz-Delgado, Kenneth and Mishra, Jyoti},
  doi = {10.1162/neco_a_01415},
  eprint = {https://direct.mit.edu/neco/article-pdf/33/9/2408/1978141/neco_a_01415.pdf},
  issn = {0899-7667},
  journal = {Neural Computation},
  month = {08},
  number = {9},
  openalex = {W3175532506},
  pages = {2408-2438},
  title = {Bridging M/EEG Source Imaging and Independent Component Analysis Frameworks Using Biologically Inspired Sparsity Priors},
  url = {https://doi.org/10.1162/neco_a_01415},
  volume = {33},
  year = {2021}
}

@article{10.1162/neco_a_01416,
  author = {Bhatia, Himesh and Paul, William and Alajaji, Fady and Gharesifard, Bahman and Burlina, Philippe},
  doi = {10.1162/neco_a_01416},
  eprint = {https://direct.mit.edu/neco/article-pdf/33/9/2473/1978131/neco_a_01416.pdf},
  issn = {0899-7667},
  journal = {Neural Computation},
  month = {08},
  number = {9},
  openalex = {W3177408143},
  pages = {2473-2510},
  title = {Least kth-Order and Rényi Generative Adversarial Networks},
  url = {https://doi.org/10.1162/neco_a_01416},
  volume = {33},
  year = {2021}
}

@article{10.1162/neco_a_01417,
  author = {Mofrad, Asieh Abolpour and Mofrad, Samaneh Abolpour and Yazidi, Anis and Parker, Matthew Geoffrey},
  doi = {10.1162/neco_a_01417},
  eprint = {https://direct.mit.edu/neco/article-pdf/33/9/2550/1978112/neco_a_01417.pdf},
  issn = {0899-7667},
  journal = {Neural Computation},
  month = {08},
  number = {9},
  pages = {2550-2577},
  title = {On Neural Associative Memory Structures: Storage and Retrieval of Sequences in a Chain of Tournaments},
  url = {https://doi.org/10.1162/neco_a_01417},
  volume = {33},
  year = {2021}
}

@article{10.1162/neco_a_01418,
  author = {Rajakumar, Alfred and Rinzel, John and Chen, Zhe S.},
  doi = {10.1162/neco_a_01418},
  eprint = {https://direct.mit.edu/neco/article-pdf/33/10/2603/1963389/neco_a_01418.pdf},
  issn = {0899-7667},
  journal = {Neural Computation},
  month = {09},
  number = {10},
  pages = {2603-2645},
  title = {Stimulus-Driven and Spontaneous Dynamics in Excitatory-Inhibitory Recurrent Neural Networks for Sequence Representation},
  url = {https://doi.org/10.1162/neco_a_01418},
  volume = {33},
  year = {2021}
}

@article{10.1162/neco_a_01420,
  author = {Bulso, Nicola and Roudi, Yasser},
  doi = {10.1162/neco_a_01420},
  eprint = {https://direct.mit.edu/neco/article-pdf/33/10/2646/1963307/neco_a_01420.pdf},
  issn = {0899-7667},
  journal = {Neural Computation},
  month = {09},
  number = {10},
  openalex = {W3185791989},
  pages = {2646-2681},
  title = {Restricted Boltzmann Machines as Models of Interacting Variables},
  url = {https://doi.org/10.1162/neco_a_01420},
  volume = {33},
  year = {2021}
}

@article{10.1162/neco_a_01421,
  author = {da Fonseca, María and Samengo, Inés},
  doi = {10.1162/neco_a_01421},
  eprint = {https://direct.mit.edu/neco/article-pdf/33/9/2578/1957992/neco_a_01421.pdf},
  issn = {0899-7667},
  journal = {Neural Computation},
  month = {08},
  number = {9},
  openalex = {W3040241922},
  pages = {2578-2601},
  title = {Statistical Properties of Color Matching Functions},
  url = {https://doi.org/10.1162/neco_a_01421},
  volume = {33},
  year = {2021}
}

@article{10.1162/neco_a_01422,
  author = {Champion, Théophile and Grześ, Marek and Bowman, Howard},
  doi = {10.1162/neco_a_01422},
  eprint = {https://direct.mit.edu/neco/article-pdf/33/10/2762/1963368/neco_a_01422.pdf},
  issn = {0899-7667},
  journal = {Neural Computation},
  month = {09},
  number = {10},
  openalex = {W3185904793},
  pages = {2762-2826},
  title = {Realizing Active Inference in Variational Message Passing: The Outcome-Blind Certainty Seeker},
  url = {https://doi.org/10.1162/neco_a_01422},
  volume = {33},
  year = {2021}
}

@article{10.1162/neco_a_01423,
  author = {Jiang, Runhao and Zhang, Jie and Yan, Rui and Tang, Huajin},
  doi = {10.1162/neco_a_01423},
  eprint = {https://direct.mit.edu/neco/article-pdf/33/9/2439/1958011/neco_a_01423.pdf},
  issn = {0899-7667},
  journal = {Neural Computation},
  month = {08},
  number = {9},
  openalex = {W3183512610},
  pages = {2439-2472},
  title = {Few-Shot Learning in Spiking Neural Networks by Multi-Timescale Optimization},
  url = {https://doi.org/10.1162/neco_a_01423},
  volume = {33},
  year = {2021}
}

@article{10.1162/neco_a_01424,
  author = {Gerum, Richard C. and Schilling, Achim},
  doi = {10.1162/neco_a_01424},
  eprint = {https://direct.mit.edu/neco/article-pdf/33/10/2827/1963343/neco_a_01424.pdf},
  issn = {0899-7667},
  journal = {Neural Computation},
  month = {09},
  number = {10},
  openalex = {W3185149102},
  pages = {2827-2852},
  title = {Integration of Leaky-Integrate-and-Fire Neurons in Standard Machine Learning Architectures to Generate Hybrid Networks: A Surrogate Gradient Approach},
  url = {https://doi.org/10.1162/neco_a_01424},
  volume = {33},
  year = {2021}
}

@article{10.1162/neco_a_01425,
  author = {Yoshikawa, Kohei and Kawano, Shuichi},
  doi = {10.1162/neco_a_01425},
  eprint = {https://direct.mit.edu/neco/article-pdf/33/10/2853/1982256/neco_a_01425.pdf},
  issn = {0899-7667},
  journal = {Neural Computation},
  month = {09},
  number = {10},
  openalex = {W3083382809},
  pages = {2853-2880},
  title = {Multilinear Common Component Analysis via Kronecker Product Representation},
  url = {https://doi.org/10.1162/neco_a_01425},
  volume = {33},
  year = {2021}
}

@article{10.1162/neco_a_01426,
  author = {Wei, Ganchao and Stevenson, Ian H.},
  doi = {10.1162/neco_a_01426},
  eprint = {https://direct.mit.edu/neco/article-pdf/33/10/2682/1963332/neco_a_01426.pdf},
  issn = {0899-7667},
  journal = {Neural Computation},
  month = {09},
  number = {10},
  openalex = {W3183821833},
  pages = {2682-2709},
  title = {Tracking Fast and Slow Changes in Synaptic Weights From Simultaneously Observed Pre- and Postsynaptic Spiking},
  url = {https://doi.org/10.1162/neco_a_01426},
  volume = {33},
  year = {2021}
}

@article{10.1162/neco_a_01427,
  author = {van de Laar, Thijs and Şenöz, İsmail and Özçelikkale, Ayça and Wymeersch, Henk},
  doi = {10.1162/neco_a_01427},
  eprint = {https://direct.mit.edu/neco/article-pdf/33/10/2710/1963501/neco_a_01427.pdf},
  issn = {0899-7667},
  journal = {Neural Computation},
  month = {09},
  number = {10},
  openalex = {W3132290407},
  pages = {2710-2735},
  title = {Chance-Constrained Active Inference},
  url = {https://doi.org/10.1162/neco_a_01427},
  volume = {33},
  year = {2021}
}

@article{10.1162/neco_a_01428,
  author = {Güler, Marifi},
  doi = {10.1162/neco_a_01428},
  eprint = {https://direct.mit.edu/neco/article-pdf/33/10/2736/1963320/neco_a_01428.pdf},
  issn = {0899-7667},
  journal = {Neural Computation},
  month = {09},
  number = {10},
  openalex = {W3186280829},
  pages = {2736-2761},
  title = {Multibranch Formal Neuron: An Internally Nonlinear Learning Unit},
  url = {https://doi.org/10.1162/neco_a_01428},
  volume = {33},
  year = {2021}
}

@article{10.1162/neco_a_01431,
  author = {Zhang, Shao-Qun and Zhou, Zhi-Hua},
  doi = {10.1162/neco_a_01431},
  eprint = {https://direct.mit.edu/neco/article-pdf/33/11/2951/1966588/neco_a_01431.pdf},
  issn = {0899-7667},
  journal = {Neural Computation},
  month = {10},
  number = {11},
  openalex = {W3196843064},
  pages = {2951-2970},
  title = {Flexible Transmitter Network},
  url = {https://doi.org/10.1162/neco_a_01431},
  volume = {33},
  year = {2021}
}

@article{10.1162/neco_a_01433,
  author = {Hayes, Tyler L. and Krishnan, Giri P. and Bazhenov, Maxim and Siegelmann, Hava T. and Sejnowski, Terrence J. and Kanan, Christopher},
  doi = {10.1162/neco_a_01433},
  eprint = {https://direct.mit.edu/neco/article-pdf/33/11/2908/1966599/neco_a_01433.pdf},
  issn = {0899-7667},
  journal = {Neural Computation},
  month = {10},
  number = {11},
  openalex = {W3198317271},
  pages = {2908-2950},
  title = {Replay in Deep Learning: Current Approaches and Missing Biological Elements},
  url = {https://doi.org/10.1162/neco_a_01433},
  volume = {33},
  year = {2021}
}

@article{10.1162/neco_a_01434,
  author = {Sainburg, Tim and McInnes, Leland and Gentner, Timothy Q.},
  doi = {10.1162/neco_a_01434},
  eprint = {https://direct.mit.edu/neco/article-pdf/33/11/2881/1966656/neco_a_01434.pdf},
  issn = {0899-7667},
  journal = {Neural Computation},
  month = {10},
  number = {11},
  openalex = {W3197209004},
  pages = {2881-2907},
  title = {Parametric UMAP Embeddings for Representation and Semisupervised Learning},
  url = {https://doi.org/10.1162/neco_a_01434},
  volume = {33},
  year = {2021}
}

@article{10.1162/neco_a_01439,
  author = {Shen, Yang and Wang, Julia and Navlakha, Saket},
  doi = {10.1162/neco_a_01439},
  eprint = {https://direct.mit.edu/neco/article-pdf/33/12/3179/1971993/neco_a_01439.pdf},
  issn = {0899-7667},
  journal = {Neural Computation},
  month = {11},
  number = {12},
  openalex = {W3196345835},
  pages = {3179-3203},
  title = {A Correspondence Between Normalization Strategies in Artificial and Biological Neural Networks},
  url = {https://doi.org/10.1162/neco_a_01439},
  volume = {33},
  year = {2021}
}

@article{10.1162/neco_a_01441,
  author = {Filom, Khashayar and Farhoodi, Roozbeh and Kording, Konrad Paul},
  doi = {10.1162/neco_a_01441},
  eprint = {https://direct.mit.edu/neco/article-pdf/33/12/3204/1974334/neco_a_01441.pdf},
  issn = {0899-7667},
  journal = {Neural Computation},
  month = {11},
  number = {12},
  pages = {3204-3263},
  title = {On PDE Characterization of Smooth Hierarchical Functions Computed by Neural Networks},
  url = {https://doi.org/10.1162/neco_a_01441},
  volume = {33},
  year = {2021}
}

@article{10.1162/neco_a_01442,
  author = {Iwazaki, Shogo and Inatsu, Yu and Takeuchi, Ichiro},
  doi = {10.1162/neco_a_01442},
  eprint = {https://direct.mit.edu/neco/article-pdf/33/12/3413/1978177/neco_a_01442.pdf},
  issn = {0899-7667},
  journal = {Neural Computation},
  month = {11},
  number = {12},
  pages = {3413-3466},
  title = {Bayesian Quadrature Optimization for Probability Threshold Robustness Measure},
  url = {https://doi.org/10.1162/neco_a_01442},
  volume = {33},
  year = {2021}
}

@article{10.1162/neco_a_01443,
  author = {Brogin, João Angelo Ferres and Faber, Jean and Bueno, Douglas Domingues},
  doi = {10.1162/neco_a_01443},
  eprint = {https://direct.mit.edu/neco/article-pdf/33/12/3288/1972026/neco_a_01443.pdf},
  issn = {0899-7667},
  journal = {Neural Computation},
  month = {11},
  number = {12},
  pages = {3288-3333},
  title = {Burster Reconstruction Considering Unmeasurable Variables in the Epileptor Model},
  url = {https://doi.org/10.1162/neco_a_01443},
  volume = {33},
  year = {2021}
}

@article{10.1162/neco_a_01444,
  author = {Aenugu, Sneha and Huber, David E.},
  doi = {10.1162/neco_a_01444},
  eprint = {https://direct.mit.edu/neco/article-pdf/33/12/3351/1971989/neco_a_01444.pdf},
  issn = {0899-7667},
  journal = {Neural Computation},
  month = {11},
  number = {12},
  openalex = {W3208349613},
  pages = {3351-3360},
  title = {Asymmetric Weights and Retrieval Practice in an Autoassociative Neural Network Model of Paired-Associate Learning},
  url = {https://doi.org/10.1162/neco_a_01444},
  volume = {33},
  year = {2021}
}

@article{10.1162/neco_a_01445,
  author = {Tsuchiya, Taira and Charoenphakdee, Nontawat and Sato, Issei and Sugiyama, Masashi},
  doi = {10.1162/neco_a_01445},
  eprint = {https://direct.mit.edu/neco/article-pdf/33/12/3361/1972015/neco_a_01445.pdf},
  issn = {0899-7667},
  journal = {Neural Computation},
  month = {11},
  number = {12},
  openalex = {W3209091292},
  pages = {3361-3412},
  title = {Semisupervised Ordinal Regression Based on Empirical Risk Minimization},
  url = {https://doi.org/10.1162/neco_a_01445},
  volume = {33},
  year = {2021}
}

@article{10.1162/neco_a_01446,
  author = {Sa-Couto, Luis and Wichert, Andreas},
  doi = {10.1162/neco_a_01446},
  eprint = {https://direct.mit.edu/neco/article-pdf/33/12/3334/1972005/neco_a_01446.pdf},
  issn = {0899-7667},
  journal = {Neural Computation},
  month = {11},
  number = {12},
  openalex = {W3210734657},
  pages = {3334-3350},
  title = {Simple Convolutional-Based Models: Are They Learning the Task or the Data?},
  url = {https://doi.org/10.1162/neco_a_01446},
  volume = {33},
  year = {2021}
}
