@article{10.1162/neco_a_01518,
  author = {Lippmann, Richard},
  doi = {10.1162/neco_a_01518},
  eprint = {https://direct.mit.edu/neco/article-pdf/35/3/287/2071846/neco_a_01518.pdf},
  issn = {0899-7667},
  journal = {Neural Computation},
  month = {02},
  number = {3},
  openalex = {W4300447648},
  pages = {287-308},
  title = {Understanding and Applying Deep Learning},
  url = {https://doi.org/10.1162/neco_a_01518},
  volume = {35},
  year = {2023}
}

@article{10.1162/neco_a_01521,
  author = {Damasio, Antonio and Damasio, Hanna},
  doi = {10.1162/neco_a_01521},
  eprint = {https://direct.mit.edu/neco/article-pdf/35/3/277/2071828/neco_a_01521.pdf},
  issn = {0899-7667},
  journal = {Neural Computation},
  month = {02},
  number = {3},
  openalex = {W4288069465},
  pages = {277-286},
  title = {Feelings Are the Source of Consciousness},
  url = {https://doi.org/10.1162/neco_a_01521},
  volume = {35},
  year = {2023}
}

@article{10.1162/neco_a_01542,
  author = {He, Zhengqi and Toyoizumi, Taro},
  doi = {10.1162/neco_a_01542},
  eprint = {https://direct.mit.edu/neco/article-pdf/35/1/38/2075440/neco_a_01542.pdf},
  issn = {0899-7667},
  journal = {Neural Computation},
  month = {01},
  number = {1},
  openalex = {W4309861831},
  pages = {38-57},
  title = {Progressive Interpretation Synthesis: Interpreting Task Solving by Quantifying Previously Used and Unused Information},
  url = {https://doi.org/10.1162/neco_a_01542},
  volume = {35},
  year = {2023}
}

@article{10.1162/neco_a_01546,
  author = {Mikulasch, Fabian A. and Rudelt, Lucas and Priesemann, Viola},
  doi = {10.1162/neco_a_01546},
  eprint = {https://direct.mit.edu/neco/article-pdf/35/1/27/2075417/neco_a_01546.pdf},
  issn = {0899-7667},
  journal = {Neural Computation},
  month = {01},
  number = {1},
  openalex = {W4307342104},
  pages = {27-37},
  title = {Visuomotor Mismatch Responses as a Hallmark of Explaining Away in Causal Inference},
  url = {https://doi.org/10.1162/neco_a_01546},
  volume = {35},
  year = {2023}
}

@article{10.1162/neco_a_01548,
  author = {Zhou, Xianchen and Wang, Hongxia},
  doi = {10.1162/neco_a_01548},
  eprint = {https://direct.mit.edu/neco/article-pdf/35/1/1/2075421/neco_a_01548.pdf},
  issn = {0899-7667},
  journal = {Neural Computation},
  month = {01},
  number = {1},
  openalex = {W4307236108},
  pages = {1-26},
  title = {On the Explainability of Graph Convolutional Network With GCN Tangent Kernel},
  url = {https://doi.org/10.1162/neco_a_01548},
  volume = {35},
  year = {2023}
}

@article{10.1162/neco_a_01552,
  author = {Tresp, Volker and Sharifzadeh, Sahand and Li, Hang and Konopatzki, Dario and Ma, Yunpu},
  doi = {10.1162/neco_a_01552},
  eprint = {https://direct.mit.edu/neco/article-pdf/35/2/156/2067726/neco_a_01552.pdf},
  issn = {0899-7667},
  journal = {Neural Computation},
  month = {01},
  number = {2},
  openalex = {W4309866795},
  pages = {156-227},
  title = {The Tensor Brain: A Unified Theory of Perception, Memory, and Semantic Decoding},
  url = {https://doi.org/10.1162/neco_a_01552},
  volume = {35},
  year = {2023}
}

@article{10.1162/neco_a_01553,
  author = {Mead, Carver},
  doi = {10.1162/neco_a_01553},
  eprint = {https://direct.mit.edu/neco/article-pdf/35/3/343/2072229/neco_a_01553.pdf},
  issn = {0899-7667},
  journal = {Neural Computation},
  month = {02},
  number = {3},
  openalex = {W4309915136},
  pages = {343-383},
  title = {Neuromorphic Engineering: In Memory of Misha Mahowald},
  url = {https://doi.org/10.1162/neco_a_01553},
  volume = {35},
  year = {2023}
}

@article{10.1162/neco_a_01558,
  author = {Hiratani, Naoki and Sompolinsky, Haim},
  doi = {10.1162/neco_a_01558},
  eprint = {https://direct.mit.edu/neco/article-pdf/35/2/105/2068494/neco_a_01558.pdf},
  issn = {0899-7667},
  journal = {Neural Computation},
  month = {01},
  number = {2},
  openalex = {W4312095238},
  pages = {105-155},
  title = {Optimal Quadratic Binding for Relational Reasoning in Vector Symbolic Neural Architectures},
  url = {https://doi.org/10.1162/neco_a_01558},
  volume = {35},
  year = {2023}
}

@article{10.1162/neco_a_01559,
  author = {Han, Zhixian and Sereno, Anne},
  doi = {10.1162/neco_a_01559},
  eprint = {https://direct.mit.edu/neco/article-pdf/35/2/249/2067683/neco_a_01559.pdf},
  issn = {0899-7667},
  journal = {Neural Computation},
  month = {01},
  number = {2},
  openalex = {W4312094868},
  pages = {249-275},
  title = {Identifying and Localizing Multiple Objects Using Artificial Ventral and Dorsal Cortical Visual Pathways},
  url = {https://doi.org/10.1162/neco_a_01559},
  volume = {35},
  year = {2023}
}

@article{10.1162/neco_a_01560,
  author = {Li, Hang and Ma, Chen and Chen, Xi and Liu, Xue},
  doi = {10.1162/neco_a_01560},
  eprint = {https://direct.mit.edu/neco/article-pdf/35/2/228/2067674/neco_a_01560.pdf},
  issn = {0899-7667},
  journal = {Neural Computation},
  month = {01},
  number = {2},
  openalex = {W4312093837},
  pages = {228-248},
  title = {Dynamic Consolidation for Continual Learning},
  url = {https://doi.org/10.1162/neco_a_01560},
  volume = {35},
  year = {2023}
}

@article{10.1162/neco_a_01563,
  author = {Sejnowski, Terrence J.},
  doi = {10.1162/neco_a_01563},
  eprint = {https://direct.mit.edu/neco/article-pdf/35/3/309/2071839/neco_a_01563.pdf},
  issn = {0899-7667},
  journal = {Neural Computation},
  month = {02},
  number = {3},
  openalex = {W4319301677},
  pages = {309-342},
  title = {Large Language Models and the Reverse Turing Test},
  url = {https://doi.org/10.1162/neco_a_01563},
  volume = {35},
  year = {2023}
}

@article{10.1162/neco_a_01565,
  author = {Zhang, Yichen and Du, Kai and Huang, Tiejun},
  doi = {10.1162/neco_a_01565},
  eprint = {https://direct.mit.edu/neco/article-pdf/35/4/627/2075260/neco_a_01565.pdf},
  issn = {0899-7667},
  journal = {Neural Computation},
  month = {03},
  number = {4},
  openalex = {W4319301648},
  pages = {627-644},
  title = {Heuristic Tree-Partition-Based Parallel Method for Biophysically Detailed Neuron Simulation},
  url = {https://doi.org/10.1162/neco_a_01565},
  volume = {35},
  year = {2023}
}

@article{10.1162/neco_a_01567,
  author = {Gopalakrishnan, Anand and Irie, Kazuki and Schmidhuber, JÃ¼rgen and van Steenkiste, Sjoerd},
  doi = {10.1162/neco_a_01567},
  eprint = {https://direct.mit.edu/neco/article-pdf/35/4/593/2075305/neco_a_01567.pdf},
  issn = {0899-7667},
  journal = {Neural Computation},
  month = {03},
  number = {4},
  openalex = {W4319301544},
  pages = {593-626},
  title = {Unsupervised Learning of Temporal Abstractions With Slot-Based Transformers},
  url = {https://doi.org/10.1162/neco_a_01567},
  volume = {35},
  year = {2023}
}

@article{10.1162/neco_a_01571,
  author = {Winston, Chloe N. and Mastrovito, Dana and Shea-Brown, Eric and Mihalas, Stefan},
  doi = {10.1162/neco_a_01571},
  eprint = {https://direct.mit.edu/neco/article-pdf/35/4/555/2075333/neco_a_01571.pdf},
  issn = {0899-7667},
  journal = {Neural Computation},
  month = {03},
  number = {4},
  openalex = {W4321765890},
  pages = {555-592},
  title = {Heterogeneity in Neuronal Dynamics Is Learned by Gradient Descent for Temporal Processing Tasks},
  url = {https://doi.org/10.1162/neco_a_01571},
  volume = {35},
  year = {2023}
}

@article{10.1162/neco_a_01574,
  author = {Da Costa, Lancelot and Sajid, Noor and Parr, Thomas and Friston, Karl and Smith, Ryan},
  doi = {10.1162/neco_a_01574},
  eprint = {https://direct.mit.edu/neco/article-pdf/35/5/807/2079473/neco_a_01574.pdf},
  issn = {0899-7667},
  journal = {Neural Computation},
  month = {04},
  number = {5},
  openalex = {W4328052356},
  pages = {807-852},
  title = {Reward Maximization Through Discrete Active Inference},
  url = {https://doi.org/10.1162/neco_a_01574},
  volume = {35},
  year = {2023}
}

@article{10.1162/neco_a_01575,
  author = {Bahmer, Andreas and Gupta, Daya and Effenberger, Felix},
  doi = {10.1162/neco_a_01575},
  eprint = {https://direct.mit.edu/neco/article-pdf/35/5/763/2079321/neco_a_01575.pdf},
  issn = {0899-7667},
  journal = {Neural Computation},
  month = {04},
  number = {5},
  openalex = {W4328052575},
  pages = {763-806},
  title = {Modern Artificial Neural Networks: Is Evolution Cleverer?},
  url = {https://doi.org/10.1162/neco_a_01575},
  volume = {35},
  year = {2023}
}

@article{10.1162/neco_a_01576,
  author = {Razavian, Reza Sharif and Sadeghi, Mohsen and Bazzi, Salah and Nayeem, Rashida and Sternad, Dagmar},
  doi = {10.1162/neco_a_01576},
  eprint = {https://direct.mit.edu/neco/article-pdf/35/5/853/2082039/neco_a_01576.pdf},
  issn = {0899-7667},
  journal = {Neural Computation},
  month = {04},
  number = {5},
  openalex = {W4328050883},
  pages = {853-895},
  title = {Body Mechanics, Optimality, and Sensory Feedback in the Human Control of Complex Objects},
  url = {https://doi.org/10.1162/neco_a_01576},
  volume = {35},
  year = {2023}
}

@article{10.1162/neco_a_01581,
  author = {Kawasumi, Ryota and Takeda, Koujin},
  doi = {10.1162/neco_a_01581},
  eprint = {https://direct.mit.edu/neco/article-pdf/35/6/1086/2086347/neco_a_01581.pdf},
  issn = {0899-7667},
  journal = {Neural Computation},
  month = {05},
  number = {6},
  openalex = {W4328050791},
  pages = {1086-1099},
  title = {Automatic Hyperparameter Tuning in Sparse Matrix Factorization},
  url = {https://doi.org/10.1162/neco_a_01581},
  volume = {35},
  year = {2023}
}

@article{10.1162/neco_a_01583,
  author = {Ben-Shaul, Ido and Bar, Leah and Fishelov, Dalia and Sochen, Nir},
  doi = {10.1162/neco_a_01583},
  eprint = {https://direct.mit.edu/neco/article-pdf/35/6/1100/2086355/neco_a_01583.pdf},
  issn = {0899-7667},
  journal = {Neural Computation},
  month = {05},
  number = {6},
  openalex = {W3129380585},
  pages = {1100-1134},
  title = {Deep Learning Solution of the Eigenvalue Problem for Differential Operators},
  url = {https://doi.org/10.1162/neco_a_01583},
  volume = {35},
  year = {2023}
}

@article{10.1162/neco_a_01584,
  author = {Duncker, Lea and Ruda, Kiersten M. and Field, Greg D. and Pillow, Jonathan W.},
  doi = {10.1162/neco_a_01584},
  eprint = {https://direct.mit.edu/neco/article-pdf/35/6/995/2086336/neco_a_01584.pdf},
  issn = {0899-7667},
  journal = {Neural Computation},
  month = {05},
  number = {6},
  openalex = {W4363651999},
  pages = {995-1027},
  title = {Scalable Variational Inference for Low-Rank Spatiotemporal Receptive Fields},
  url = {https://doi.org/10.1162/neco_a_01584},
  volume = {35},
  year = {2023}
}

@article{10.1162/neco_a_01585,
  author = {Huang, Shuo and Zhou, Junyu and Feng, Han and Zhou, Ding-Xuan},
  doi = {10.1162/neco_a_01585},
  eprint = {https://direct.mit.edu/neco/article-pdf/35/6/1135/2086331/neco_a_01585.pdf},
  issn = {0899-7667},
  journal = {Neural Computation},
  month = {05},
  number = {6},
  pages = {1135-1158},
  title = {Generalization Analysis of Pairwise Learning for Ranking With Deep Neural Networks},
  url = {https://doi.org/10.1162/neco_a_01585},
  volume = {35},
  year = {2023}
}

@article{10.1162/neco_a_01586,
  author = {Yu, Zhuojun and Rubin, Jonathan E. and Thomas, Peter J.},
  doi = {10.1162/neco_a_01586},
  eprint = {https://direct.mit.edu/neco/article-pdf/35/6/1028/2086370/neco_a_01586.pdf},
  issn = {0899-7667},
  journal = {Neural Computation},
  month = {05},
  number = {6},
  openalex = {W4363652107},
  pages = {1028-1085},
  title = {Sensitivity to Control Signals in Triphasic Rhythmic Neural Systems: A Comparative Mechanistic Analysis via Infinitesimal Local Timing Response Curves},
  url = {https://doi.org/10.1162/neco_a_01586},
  volume = {35},
  year = {2023}
}

@article{10.1162/neco_a_01588,
  author = {Huang, Zhanliang and Lei, Yunwen and KabÃ¡n, Ata},
  doi = {10.1162/neco_a_01588},
  eprint = {https://direct.mit.edu/neco/article-pdf/35/7/1234/2127140/neco_a_01588.pdf},
  issn = {0899-7667},
  journal = {Neural Computation},
  month = {06},
  number = {7},
  openalex = {W4376603814},
  pages = {1234-1287},
  title = {Optimization and Learning With Randomly Compressed Gradient Updates},
  url = {https://doi.org/10.1162/neco_a_01588},
  volume = {35},
  year = {2023}
}

@article{10.1162/neco_a_01589,
  author = {Naudin, LoÃ¯s and Raison-Aubry, Laetitia and Buhry, Laure},
  doi = {10.1162/neco_a_01589},
  eprint = {https://direct.mit.edu/neco/article-pdf/35/7/1209/2127156/neco_a_01589.pdf},
  issn = {0899-7667},
  journal = {Neural Computation},
  month = {06},
  number = {7},
  openalex = {W4297831748},
  pages = {1209-1233},
  title = {Conductance-Based Phenomenological Nonspiking Model: A Dimensionless and Simple Model That Reliably Predicts the Effects of Conductance Variations on Nonspiking Neuronal Dynamics},
  url = {https://doi.org/10.1162/neco_a_01589},
  volume = {35},
  year = {2023}
}

@article{10.1162/neco_a_01590,
  author = {Kleyko, Denis and Bybee, Connor and Huang, Ping-Chen and Kymn, Christopher J. and Olshausen, Bruno A. and Frady, E. Paxon and Sommer, Friedrich T.},
  doi = {10.1162/neco_a_01590},
  eprint = {https://direct.mit.edu/neco/article-pdf/35/7/1159/2127124/neco_a_01590.pdf},
  issn = {0899-7667},
  journal = {Neural Computation},
  month = {06},
  number = {7},
  openalex = {W4376604041},
  pages = {1159-1186},
  title = {Efficient Decoding of Compositional Structure in Holistic Representations},
  url = {https://doi.org/10.1162/neco_a_01590},
  volume = {35},
  year = {2023}
}

@article{10.1162/neco_a_01591,
  author = {Zhang, Yuhui and Wada, Yuichiro and Waida, Hiroki and Goto, Kaito and Hino, Yusaku and Kanamori, Takafumi},
  doi = {10.1162/neco_a_01591},
  eprint = {https://direct.mit.edu/neco/article-pdf/35/7/1288/2128952/neco_a_01591.pdf},
  issn = {0899-7667},
  journal = {Neural Computation},
  month = {06},
  number = {7},
  openalex = {W4376604184},
  pages = {1288-1339},
  title = {Deep Clustering With a Constraint for Topological Invariance Based on Symmetric InfoNCE},
  url = {https://doi.org/10.1162/neco_a_01591},
  volume = {35},
  year = {2023}
}

@article{10.1162/neco_a_01592,
  author = {Iba, Yukito and Yano, Keisuke},
  doi = {10.1162/neco_a_01592},
  eprint = {https://direct.mit.edu/neco/article-pdf/35/7/1340/2127119/neco_a_01592.pdf},
  issn = {0899-7667},
  journal = {Neural Computation},
  month = {06},
  number = {7},
  openalex = {W4376604137},
  pages = {1340-1361},
  title = {Posterior Covariance Information Criterion for Weighted Inference},
  url = {https://doi.org/10.1162/neco_a_01592},
  volume = {35},
  year = {2023}
}

@article{10.1162/neco_a_01593,
  author = {Wei, Ganchao and Stevenson, Ian H.},
  doi = {10.1162/neco_a_01593},
  eprint = {https://direct.mit.edu/neco/article-pdf/35/7/1187/2127132/neco_a_01593.pdf},
  issn = {0899-7667},
  journal = {Neural Computation},
  month = {06},
  number = {7},
  openalex = {W4376604287},
  pages = {1187-1208},
  title = {Dynamic Modeling of Spike Count Data With Conway-Maxwell Poisson Variability},
  url = {https://doi.org/10.1162/neco_a_01593},
  volume = {35},
  year = {2023}
}

@article{10.1162/neco_a_01595,
  author = {Durian, Sylvia C. L. and Agrios, Mark and Schwartz, Gregory W.},
  doi = {10.1162/neco_a_01595},
  eprint = {https://direct.mit.edu/neco/article-pdf/35/8/1363/2143232/neco_a_01595.pdf},
  issn = {0899-7667},
  journal = {Neural Computation},
  month = {07},
  number = {8},
  openalex = {W4383957693},
  pages = {1363-1403},
  title = {Optimal Burstiness in Populations of Spiking Neurons Facilitates Decoding of Decreases in Tonic Firing},
  url = {https://doi.org/10.1162/neco_a_01595},
  volume = {35},
  year = {2023}
}

@article{10.1162/neco_a_01596,
  author = {Kanamaru, Takashi and Hensch, Takao K. and Aihara, Kazuyuki},
  doi = {10.1162/neco_a_01596},
  eprint = {https://direct.mit.edu/neco/article-pdf/35/8/1430/2143249/neco_a_01596.pdf},
  issn = {0899-7667},
  journal = {Neural Computation},
  month = {07},
  number = {8},
  openalex = {W4383888368},
  pages = {1430-1462},
  title = {Maximal Memory Capacity Near the Edge of Chaos in Balanced Cortical E-I Networks},
  url = {https://doi.org/10.1162/neco_a_01596},
  volume = {35},
  year = {2023}
}

@article{10.1162/neco_a_01598,
  author = {Xu, Yao Lei and Konstantinidis, Kriton and Mandic, Danilo P.},
  doi = {10.1162/neco_a_01598},
  eprint = {https://direct.mit.edu/neco/article-pdf/35/8/1404/2143216/neco_a_01598.pdf},
  issn = {0899-7667},
  journal = {Neural Computation},
  month = {07},
  number = {8},
  pages = {1404-1429},
  title = {Graph-Regularized Tensor Regression: A Domain-Aware Framework for Interpretable Modeling of Multiway Data on Graphs},
  url = {https://doi.org/10.1162/neco_a_01598},
  volume = {35},
  year = {2023}
}

@article{10.1162/neco_a_01601,
  author = {Duchet, Benoit and Bick, Christian and Byrne, Ãine},
  doi = {10.1162/neco_a_01601},
  eprint = {https://direct.mit.edu/neco/article-pdf/35/9/1481/2152773/neco_a_01601.pdf},
  issn = {0899-7667},
  journal = {Neural Computation},
  month = {08},
  number = {9},
  openalex = {W4384024212},
  pages = {1481-1528},
  title = {Mean-Field Approximations With Adaptive Coupling for Networks With Spike-Timing-Dependent Plasticity},
  url = {https://doi.org/10.1162/neco_a_01601},
  volume = {35},
  year = {2023}
}

@article{10.1162/neco_a_01602,
  author = {Soh, Hyungjoon and Kim, Dongyeob and Hwang, Juno and Jo, Junghyo},
  doi = {10.1162/neco_a_01602},
  eprint = {https://direct.mit.edu/neco/article-pdf/35/9/1529/2152739/neco_a_01602.pdf},
  issn = {0899-7667},
  journal = {Neural Computation},
  month = {08},
  number = {9},
  openalex = {W4384008314},
  pages = {1529-1542},
  title = {Mirror Descent of Hopfield Model},
  url = {https://doi.org/10.1162/neco_a_01602},
  volume = {35},
  year = {2023}
}

@article{10.1162/neco_a_01603,
  author = {Chen, Huixiong and Ye, Qi},
  doi = {10.1162/neco_a_01603},
  eprint = {https://direct.mit.edu/neco/article-pdf/35/9/1543/2152762/neco_a_01603.pdf},
  issn = {0899-7667},
  journal = {Neural Computation},
  month = {08},
  number = {9},
  openalex = {W4383859620},
  pages = {1543-1565},
  title = {Composite Optimization Algorithms for Sigmoid Networks},
  url = {https://doi.org/10.1162/neco_a_01603},
  volume = {35},
  year = {2023}
}

@article{10.1162/neco_a_01606,
  author = {Dabaghian, Yuri},
  doi = {10.1162/neco_a_01606},
  eprint = {https://direct.mit.edu/neco/article-pdf/35/10/1609/2157821/neco_a_01606.pdf},
  issn = {0899-7667},
  journal = {Neural Computation},
  month = {09},
  number = {10},
  openalex = {W4293734184},
  pages = {1609-1626},
  title = {Grid Cell Percolation},
  url = {https://doi.org/10.1162/neco_a_01606},
  volume = {35},
  year = {2023}
}

@article{10.1162/neco_a_01607,
  author = {Zhao, Tingting and Wu, Shuai and Li, Guixi and Chen, Yarui and Niu, Gang and Sugiyama, Masashi},
  doi = {10.1162/neco_a_01607},
  eprint = {https://direct.mit.edu/neco/article-pdf/35/10/1657/2163437/neco_a_01607.pdf},
  issn = {0899-7667},
  journal = {Neural Computation},
  month = {09},
  number = {10},
  openalex = {W4385410008},
  pages = {1657-1677},
  title = {Learning Intention-Aware Policies in Deep Reinforcement Learning},
  url = {https://doi.org/10.1162/neco_a_01607},
  volume = {35},
  year = {2023}
}

@article{10.1162/neco_a_01609,
  author = {Bacho, Florian and Chu, Dominique},
  doi = {10.1162/neco_a_01609},
  eprint = {https://direct.mit.edu/neco/article-pdf/35/10/1627/2157828/neco_a_01609.pdf},
  issn = {0899-7667},
  journal = {Neural Computation},
  month = {09},
  number = {10},
  openalex = {W4385410060},
  pages = {1627-1656},
  title = {Exploring Trade-Offs in Spiking Neural Networks},
  url = {https://doi.org/10.1162/neco_a_01609},
  volume = {35},
  year = {2023}
}

@article{10.1162/neco_a_01611,
  author = {Seabrook, Eddie and Wiskott, Laurenz},
  doi = {10.1162/neco_a_01611},
  eprint = {https://direct.mit.edu/neco/article-pdf/35/11/1713/2335627/neco_a_01611.pdf},
  issn = {0899-7667},
  journal = {Neural Computation},
  month = {10},
  number = {11},
  openalex = {W4386857608},
  pages = {1713-1796},
  title = {A Tutorial on the Spectral Theory of Markov Chains},
  url = {https://doi.org/10.1162/neco_a_01611},
  volume = {35},
  year = {2023}
}

@article{10.1162/neco_a_01612,
  author = {Ma, Hengyuan and Qi, Yang and Gong, Pulin and Zhang, Jie and Lu, Wen-lian and Feng, Jianfeng},
  doi = {10.1162/neco_a_01612},
  eprint = {https://direct.mit.edu/neco/article-pdf/35/11/1820/2162706/neco_a_01612.pdf},
  issn = {0899-7667},
  journal = {Neural Computation},
  month = {10},
  number = {11},
  openalex = {W4386857577},
  pages = {1820-1849},
  title = {Self-Organization of Nonlinearly Coupled Neural Fluctuations Into Synergistic Population Codes},
  url = {https://doi.org/10.1162/neco_a_01612},
  volume = {35},
  year = {2023}
}

@article{10.1162/neco_a_01615,
  author = {Shen, Yang and Dasgupta, Sanjoy and Navlakha, Saket},
  doi = {10.1162/neco_a_01615},
  eprint = {https://direct.mit.edu/neco/article-pdf/35/11/1797/2162691/neco_a_01615.pdf},
  issn = {0899-7667},
  journal = {Neural Computation},
  month = {10},
  number = {11},
  openalex = {W4386857255},
  pages = {1797-1819},
  title = {Reducing Catastrophic Forgetting With Associative Learning: A Lesson From Fruit Flies},
  url = {https://doi.org/10.1162/neco_a_01615},
  volume = {35},
  year = {2023}
}

@article{10.1162/neco_a_01617,
  author = {Wilson, Emma},
  doi = {10.1162/neco_a_01617},
  eprint = {https://direct.mit.edu/neco/article-pdf/35/12/1938/2168797/neco_a_01617.pdf},
  issn = {0899-7667},
  journal = {Neural Computation},
  month = {11},
  number = {12},
  openalex = {W4387664596},
  pages = {1938-1969},
  title = {Adaptive Filter Model of Cerebellum for Biological Muscle Control With Spike Train Inputs},
  url = {https://doi.org/10.1162/neco_a_01617},
  volume = {35},
  year = {2023}
}

@article{10.1162/neco_a_01620,
  author = {Zahid, Umais and Guo, Qinghai and Fountas, Zafeirios},
  doi = {10.1162/neco_a_01620},
  eprint = {https://direct.mit.edu/neco/article-pdf/35/12/1881/2168815/neco_a_01620.pdf},
  issn = {0899-7667},
  journal = {Neural Computation},
  month = {11},
  number = {12},
  openalex = {W4387664642},
  pages = {1881-1909},
  title = {Predictive Coding as a Neuromorphic Alternative to Backpropagation: A Critical Evaluation},
  url = {https://doi.org/10.1162/neco_a_01620},
  volume = {35},
  year = {2023}
}

@article{10.1162/neco_a_01621,
  author = {Jang, Hojin and Zaidi, Syed Suleman Abbas and Boix, Xavier and Prasad, Neeraj and Gilad-Gutnick, Sharon and Ben-Ami, Shlomit and Sinha, Pawan},
  doi = {10.1162/neco_a_01621},
  eprint = {https://direct.mit.edu/neco/article-pdf/35/12/1910/2168836/neco_a_01621.pdf},
  issn = {0899-7667},
  journal = {Neural Computation},
  month = {11},
  number = {12},
  openalex = {W4387664631},
  pages = {1910-1937},
  title = {Robustness to Transformations Across Categories: Is Robustness Driven by Invariant Neural Representations?},
  url = {https://doi.org/10.1162/neco_a_01621},
  volume = {35},
  year = {2023}
}
