@article{10.1162/neco_a_01623,
  author = {Zhang, Anru R. and Bell, Ryan P. and An, Chen and Tang, Runshi and Hall, Shana A. and Chan, Cliburn and Al-Khalil, Kareem and Meade, Christina S.},
  doi = {10.1162/neco_a_01623},
  eprint = {https://direct.mit.edu/neco/article-pdf/36/1/107/2195555/neco_a_01623.pdf},
  issn = {0899-7667},
  journal = {Neural Computation},
  month = {12},
  number = {1},
  openalex = {W4389349237},
  pages = {107-127},
  title = {Cocaine Use Prediction With Tensor-Based Machine Learning on Multimodal MRI Connectome Data},
  url = {https://doi.org/10.1162/neco_a_01623},
  volume = {36},
  year = {2023}
}

@article{10.1162/neco_a_01624,
  author = {Rǎdulescu, Anca and Evans, Danae and Augustin, Amani-Dasia and Cooper, Anthony and Nakuci, Johan and Muldoon, Sarah},
  doi = {10.1162/neco_a_01624},
  eprint = {https://direct.mit.edu/neco/article-pdf/36/1/75/2195597/neco_a_01624.pdf},
  issn = {0899-7667},
  journal = {Neural Computation},
  month = {12},
  number = {1},
  openalex = {W4389349238},
  pages = {75-106},
  title = {Synchronization and Clustering in Complex Quadratic Networks},
  url = {https://doi.org/10.1162/neco_a_01624},
  volume = {36},
  year = {2023}
}

@article{10.1162/neco_a_01625,
  author = {Khan, Salman and Wong, Alexander and Tripp, Bryan},
  doi = {10.1162/neco_a_01625},
  eprint = {https://direct.mit.edu/neco/article-pdf/36/1/33/2195613/neco_a_01625.pdf},
  issn = {0899-7667},
  journal = {Neural Computation},
  month = {12},
  number = {1},
  openalex = {W4389349226},
  pages = {33-74},
  title = {Modeling the Role of Contour Integration in Visual Inference},
  url = {https://doi.org/10.1162/neco_a_01625},
  volume = {36},
  year = {2023}
}

@article{10.1162/neco_a_01626,
  author = {Kunin, Daniel and Sagastuy-Brena, Javier and Gillespie, Lauren and Margalit, Eshed and Tanaka, Hidenori and Ganguli, Surya and Yamins, Daniel L. K.},
  doi = {10.1162/neco_a_01626},
  eprint = {https://direct.mit.edu/neco/article-pdf/36/1/151/2195562/neco_a_01626.pdf},
  issn = {0899-7667},
  journal = {Neural Computation},
  month = {12},
  number = {1},
  openalex = {W3186583634},
  pages = {151-174},
  title = {The Limiting Dynamics of SGD: Modified Loss, Phase-Space Oscillations, and Anomalous Diffusion},
  url = {https://doi.org/10.1162/neco_a_01626},
  volume = {36},
  year = {2023}
}

@article{10.1162/neco_a_01627,
  author = {Rao, Rajesh P. N. and Gklezakos, Dimitrios C. and Sathish, Vishwas},
  doi = {10.1162/neco_a_01627},
  eprint = {https://direct.mit.edu/neco/article-pdf/36/1/1/2195582/neco_a_01627.pdf},
  issn = {0899-7667},
  journal = {Neural Computation},
  month = {12},
  number = {1},
  openalex = {W4389349235},
  pages = {1-32},
  title = {Active Predictive Coding: A Unifying Neural Model for Active Perception, Compositional Learning, and Hierarchical Planning},
  url = {https://doi.org/10.1162/neco_a_01627},
  volume = {36},
  year = {2023}
}

@article{10.1162/neco_a_01628,
  author = {Endo, Yusuke and Takeda, Koujin},
  doi = {10.1162/neco_a_01628},
  eprint = {https://direct.mit.edu/neco/article-pdf/36/1/128/2195572/neco_a_01628.pdf},
  issn = {0899-7667},
  journal = {Neural Computation},
  month = {12},
  number = {1},
  openalex = {W4389349239},
  pages = {128-150},
  title = {Performance Evaluation of Matrix Factorization for fMRI Data},
  url = {https://doi.org/10.1162/neco_a_01628},
  volume = {36},
  year = {2023}
}

@article{10.1162/neco_a_01630,
  author = {Greenidge, C. Daniel and Scholl, Benjamin and Yates, Jacob L. and Pillow, Jonathan W.},
  doi = {10.1162/neco_a_01630},
  eprint = {https://direct.mit.edu/neco/article-pdf/36/2/175/2213761/neco_a_01630.pdf},
  issn = {0899-7667},
  journal = {Neural Computation},
  month = {01},
  number = {2},
  openalex = {W3198758135},
  pages = {175-226},
  title = {Efficient Decoding of Large-Scale Neural Population Responses With Gaussian-Process Multiclass Regression},
  url = {https://doi.org/10.1162/neco_a_01630},
  volume = {36},
  year = {2024}
}

@article{10.1162/neco_a_01631,
  author = {Gort, Joan},
  doi = {10.1162/neco_a_01631},
  eprint = {https://direct.mit.edu/neco/article-pdf/36/2/227/2213737/neco_a_01631.pdf},
  issn = {0899-7667},
  journal = {Neural Computation},
  month = {01},
  number = {2},
  openalex = {W4321481704},
  pages = {227-270},
  title = {Emergence of Universal Computations Through Neural Manifold Dynamics},
  url = {https://doi.org/10.1162/neco_a_01631},
  volume = {36},
  year = {2024}
}

@article{10.1162/neco_a_01632,
  author = {Karbowski, Jan and Urban, Paulina},
  doi = {10.1162/neco_a_01632},
  eprint = {https://direct.mit.edu/neco/article-pdf/36/2/271/2213745/neco_a_01632.pdf},
  issn = {0899-7667},
  journal = {Neural Computation},
  month = {01},
  number = {2},
  openalex = {W4389816195},
  pages = {271-311},
  title = {Cooperativity, Information Gain, and Energy Cost During Early LTP in Dendritic Spines},
  url = {https://doi.org/10.1162/neco_a_01632},
  volume = {36},
  year = {2024}
}

@article{10.1162/neco_a_01637,
  author = {Van de Maele, Toon and Verbelen, Tim and Mazzaglia, Pietro and Ferraro, Stefano and Dhoedt, Bart},
  doi = {10.1162/neco_a_01637},
  eprint = {https://direct.mit.edu/neco/article-pdf/36/4/677/2351769/neco_a_01637.pdf},
  issn = {0899-7667},
  journal = {Neural Computation},
  month = {03},
  number = {4},
  openalex = {W4392579507},
  pages = {677-704},
  title = {Object-Centric Scene Representations Using Active Inference},
  url = {https://doi.org/10.1162/neco_a_01637},
  volume = {36},
  year = {2024}
}

@article{10.1162/neco_a_01638,
  author = {Cotteret, Madison and Greatorex, Hugh and Ziegler, Martin and Chicca, Elisabetta},
  doi = {10.1162/neco_a_01638},
  eprint = {https://direct.mit.edu/neco/article-pdf/36/4/549/2351795/neco_a_01638.pdf},
  issn = {0899-7667},
  journal = {Neural Computation},
  month = {03},
  number = {4},
  openalex = {W4310745805},
  pages = {549-595},
  title = {Vector Symbolic Finite State Machines in Attractor Neural Networks},
  url = {https://doi.org/10.1162/neco_a_01638},
  volume = {36},
  year = {2024}
}

@article{10.1162/neco_a_01640,
  author = {Crutcher, Garrett},
  doi = {10.1162/neco_a_01640},
  eprint = {https://direct.mit.edu/neco/article-pdf/36/4/705/2351754/neco_a_01640.pdf},
  issn = {0899-7667},
  journal = {Neural Computation},
  month = {03},
  number = {4},
  openalex = {W4392580388},
  pages = {705-717},
  title = {Lateral Connections Improve Generalizability of Learning in a Simple Neural Network},
  url = {https://doi.org/10.1162/neco_a_01640},
  volume = {36},
  year = {2024}
}

@article{10.1162/neco_a_01641,
  author = {Kuroki, Satoshi and Mizuseki, Kenji},
  doi = {10.1162/neco_a_01641},
  eprint = {https://direct.mit.edu/neco/article-pdf/36/4/501/2351810/neco_a_01641.pdf},
  issn = {0899-7667},
  journal = {Neural Computation},
  month = {03},
  number = {4},
  openalex = {W4392616360},
  pages = {501-548},
  title = {CA3 Circuit Model Compressing Sequential Information in Theta Oscillation and Replay},
  url = {https://doi.org/10.1162/neco_a_01641},
  volume = {36},
  year = {2024}
}

@article{10.1162/neco_a_01643,
  author = {Poshtkohi, Alireza and Wade, John and McDaid, Liam and Liu, Junxiu and Dallas, Mark L. and Bithell, Angela},
  doi = {10.1162/neco_a_01643},
  eprint = {https://direct.mit.edu/neco/article-pdf/36/4/645/2351780/neco_a_01643.pdf},
  issn = {0899-7667},
  journal = {Neural Computation},
  month = {03},
  number = {4},
  openalex = {W4392580228},
  pages = {645-676},
  title = {Mathematical Modeling of PI3K/Akt Pathway in Microglia},
  url = {https://doi.org/10.1162/neco_a_01643},
  volume = {36},
  year = {2024}
}

@article{10.1162/neco_a_01645,
  author = {Kawahara, Daisuke and Fujisawa, Shigeyoshi},
  doi = {10.1162/neco_a_01645},
  eprint = {https://direct.mit.edu/neco/article-pdf/36/3/385/2335990/neco_a_01645.pdf},
  issn = {0899-7667},
  journal = {Neural Computation},
  month = {02},
  number = {3},
  openalex = {W4391884746},
  pages = {385-411},
  title = {Advantages of Persistent Cohomology in Estimating Animal Location From Grid Cell Population Activity},
  url = {https://doi.org/10.1162/neco_a_01645},
  volume = {36},
  year = {2024}
}

@article{10.1162/neco_a_01646,
  author = {Jha, Aditi and Ashwood, Zoe C. and Pillow, Jonathan W.},
  doi = {10.1162/neco_a_01646},
  eprint = {https://direct.mit.edu/neco/article-pdf/36/3/437/2336003/neco_a_01646.pdf},
  issn = {0899-7667},
  journal = {Neural Computation},
  month = {02},
  number = {3},
  openalex = {W4391884748},
  pages = {437-474},
  title = {Active Learning for Discrete Latent Variable Models},
  url = {https://doi.org/10.1162/neco_a_01646},
  volume = {36},
  year = {2024}
}

@article{10.1162/neco_a_01647,
  author = {Fang, Zhiwei and Wang, Sifan and Perdikaris, Paris},
  doi = {10.1162/neco_a_01647},
  eprint = {https://direct.mit.edu/neco/article-pdf/36/3/475/2335981/neco_a_01647.pdf},
  issn = {0899-7667},
  journal = {Neural Computation},
  month = {02},
  number = {3},
  openalex = {W4391878902},
  pages = {475-498},
  title = {Learning Only on Boundaries: A Physics-Informed Neural Operator for Solving Parametric Partial Differential Equations in Complex Geometries},
  url = {https://doi.org/10.1162/neco_a_01647},
  volume = {36},
  year = {2024}
}

@article{10.1162/neco_a_01648,
  author = {Anisetti, Vidyesh Rao and Kandala, Ananth and Scellier, Benjamin and Schwarz, J. M.},
  doi = {10.1162/neco_a_01648},
  eprint = {https://direct.mit.edu/neco/article-pdf/36/4/596/2351742/neco_a_01648.pdf},
  issn = {0899-7667},
  journal = {Neural Computation},
  month = {03},
  number = {4},
  openalex = {W4392579296},
  pages = {596-620},
  title = {Frequency Propagation: Multimechanism Learning in Nonlinear Physical Networks},
  url = {https://doi.org/10.1162/neco_a_01648},
  volume = {36},
  year = {2024}
}

@article{10.1162/neco_a_01649,
  author = {Karimi-Rouzbahani, Hamid},
  doi = {10.1162/neco_a_01649},
  eprint = {https://direct.mit.edu/neco/article-pdf/36/3/412/2335973/neco_a_01649.pdf},
  issn = {0899-7667},
  journal = {Neural Computation},
  month = {02},
  number = {3},
  openalex = {W4391884991},
  pages = {412-436},
  title = {Evidence for Multiscale Multiplexed Representation of Visual Features in EEG},
  url = {https://doi.org/10.1162/neco_a_01649},
  volume = {36},
  year = {2024}
}

@article{10.1162/neco_a_01650,
  author = {Fang, Zhiying and Mao, Tong and Fan, Jun},
  doi = {10.1162/neco_a_01650},
  eprint = {https://direct.mit.edu/neco/article-pdf/36/4/718/2351739/neco_a_01650.pdf},
  issn = {0899-7667},
  journal = {Neural Computation},
  month = {03},
  number = {4},
  openalex = {W4392580451},
  pages = {718-743},
  title = {Learning Korobov Functions by Correntropy and Convolutional Neural Networks},
  url = {https://doi.org/10.1162/neco_a_01650},
  volume = {36},
  year = {2024}
}

@article{10.1162/neco_a_01651,
  author = {Metzner, Claus and Yamakou, Marius E. and Voelkl, Dennis and Schilling, Achim and Krauss, Patrick},
  doi = {10.1162/neco_a_01651},
  eprint = {https://direct.mit.edu/neco/article-pdf/36/3/351/2335965/neco_a_01651.pdf},
  issn = {0899-7667},
  journal = {Neural Computation},
  month = {02},
  number = {3},
  openalex = {W4391878854},
  pages = {351-384},
  title = {Quantifying and Maximizing the Information Flux in Recurrent Neural Networks},
  url = {https://doi.org/10.1162/neco_a_01651},
  volume = {36},
  year = {2024}
}

@article{10.1162/neco_a_01652,
  author = {Pan, Xu and Coen-Cagli, Ruben and Schwartz, Odelia},
  doi = {10.1162/neco_a_01652},
  eprint = {https://direct.mit.edu/neco/article-pdf/36/4/621/2351761/neco_a_01652.pdf},
  issn = {0899-7667},
  journal = {Neural Computation},
  month = {03},
  number = {4},
  pages = {621-644},
  title = {Probing the Structure and Functional Properties of the Dropout-Induced Correlated Variability in Convolutional Neural Networks},
  url = {https://doi.org/10.1162/neco_a_01652},
  volume = {36},
  year = {2024}
}

@article{10.1162/neco_a_01653,
  author = {Im, Seongil and Jeong, Jae-Seung and Lee, Junseo and Shin, Changhwan and Cho, Jeong Ho and Ju, Hyunsu},
  doi = {10.1162/neco_a_01653},
  eprint = {https://direct.mit.edu/neco/article-pdf/36/4/744/2351746/neco_a_01653.pdf},
  issn = {0899-7667},
  journal = {Neural Computation},
  month = {03},
  number = {4},
  openalex = {W4381296208},
  pages = {744-758},
  title = {Column Row Convolutional Neural Network: Reducing Parameters for Efficient Image Processing},
  url = {https://doi.org/10.1162/neco_a_01653},
  volume = {36},
  year = {2024}
}

@article{10.1162/neco_a_01656,
  author = {Painchaud, Vincent and Desrosiers, Patrick and Doyon, Nicolas},
  doi = {10.1162/neco_a_01656},
  eprint = {https://direct.mit.edu/neco/article-pdf/36/6/1121/2467131/neco_a_01656.pdf},
  issn = {0899-7667},
  journal = {Neural Computation},
  month = {05},
  number = {6},
  openalex = {W4395462287},
  pages = {1121-1162},
  title = {The Determining Role of Covariances in Large Networks of Stochastic Neurons},
  url = {https://doi.org/10.1162/neco_a_01656},
  volume = {36},
  year = {2024}
}

@article{10.1162/neco_a_01657,
  author = {Centorrino, Veronica and Gokhale, Anand and Davydov, Alexander and Russo, Giovanni and Bullo, Francesco},
  doi = {10.1162/neco_a_01657},
  eprint = {https://direct.mit.edu/neco/article-pdf/36/6/1163/2467142/neco_a_01657.pdf},
  issn = {0899-7667},
  journal = {Neural Computation},
  month = {05},
  number = {6},
  openalex = {W4388514641},
  pages = {1163-1197},
  title = {Positive Competitive Networks for Sparse Reconstruction},
  url = {https://doi.org/10.1162/neco_a_01657},
  volume = {36},
  year = {2024}
}

@article{10.1162/neco_a_01658,
  author = {Podlaski, William F. and Machens, Christian K.},
  doi = {10.1162/neco_a_01658},
  eprint = {https://direct.mit.edu/neco/article-pdf/36/5/803/2366854/neco_a_01658.pdf},
  issn = {0899-7667},
  journal = {Neural Computation},
  month = {04},
  number = {5},
  openalex = {W4395066909},
  pages = {803-857},
  title = {Approximating Nonlinear Functions With Latent Boundaries in Low-Rank Excitatory-Inhibitory Spiking Networks},
  url = {https://doi.org/10.1162/neco_a_01658},
  volume = {36},
  year = {2024}
}

@article{10.1162/neco_a_01659,
  author = {Samavat, Mohammad and Bartol, Thomas M. and Harris, Kristen M. and Sejnowski, Terrence J.},
  doi = {10.1162/neco_a_01659},
  eprint = {https://direct.mit.edu/neco/article-pdf/36/5/781/2367911/neco_a_01659.pdf},
  issn = {0899-7667},
  journal = {Neural Computation},
  month = {04},
  number = {5},
  openalex = {W4395066700},
  pages = {781-802},
  title = {Synaptic Information Storage Capacity Measured With Information Theory},
  url = {https://doi.org/10.1162/neco_a_01659},
  volume = {36},
  year = {2024}
}

@article{10.1162/neco_a_01660,
  author = {Strohmer, Beck and Najarro, Elias and Ausborn, Jessica and Berg, Rune W. and Tolu, Silvia},
  doi = {10.1162/neco_a_01660},
  eprint = {https://direct.mit.edu/neco/article-pdf/36/5/759/2366796/neco_a_01660.pdf},
  issn = {0899-7667},
  journal = {Neural Computation},
  month = {04},
  number = {5},
  openalex = {W4395114216},
  pages = {759-780},
  title = {Sparse Firing in a Hybrid Central Pattern Generator for Spinal Motor Circuits},
  url = {https://doi.org/10.1162/neco_a_01660},
  volume = {36},
  year = {2024}
}

@article{10.1162/neco_a_01663,
  author = {Kartsaki, Evgenia and Hilgen, Gerrit and Sernagor, Evelyne and Cessac, Bruno},
  doi = {10.1162/neco_a_01663},
  eprint = {https://direct.mit.edu/neco/article-pdf/36/6/1041/2467122/neco_a_01663.pdf},
  issn = {0899-7667},
  journal = {Neural Computation},
  month = {05},
  number = {6},
  openalex = {W4390784090},
  pages = {1041-1083},
  title = {How Does the Inner Retinal Network Shape the Ganglion Cells Receptive Field? A Computational Study},
  url = {https://doi.org/10.1162/neco_a_01663},
  volume = {36},
  year = {2024}
}

@article{10.1162/neco_a_01664,
  author = {Vecchi, Edoardo and Bassetti, Davide and Graziato, Fabio and Pospíšil, Lukáš and Horenko, Illia},
  doi = {10.1162/neco_a_01664},
  eprint = {https://direct.mit.edu/neco/article-pdf/36/6/1198/2467115/neco_a_01664.pdf},
  issn = {0899-7667},
  journal = {Neural Computation},
  month = {05},
  number = {6},
  openalex = {W4395683673},
  pages = {1198-1227},
  title = {Gauge-Optimal Approximate Learning for Small Data Classification},
  url = {https://doi.org/10.1162/neco_a_01664},
  volume = {36},
  year = {2024}
}

@article{10.1162/neco_a_01665,
  author = {Raviv, Netanel},
  doi = {10.1162/neco_a_01665},
  eprint = {https://direct.mit.edu/neco/article-pdf/36/6/1084/2467110/neco_a_01665.pdf},
  issn = {0899-7667},
  journal = {Neural Computation},
  month = {05},
  number = {6},
  openalex = {W4395685290},
  pages = {1084-1120},
  title = {Linear Codes for Hyperdimensional Computing},
  url = {https://doi.org/10.1162/neco_a_01665},
  volume = {36},
  year = {2024}
}

@article{10.1162/neco_a_01666,
  author = {Hanson, Stephen José and Yadav, Vivek and Hanson, Catherine},
  doi = {10.1162/neco_a_01666},
  eprint = {https://direct.mit.edu/neco/article-pdf/36/6/1228/2467153/neco_a_01666.pdf},
  issn = {0899-7667},
  journal = {Neural Computation},
  month = {05},
  number = {6},
  pages = {1228-1244},
  title = {Dense Sample Deep Learning},
  url = {https://doi.org/10.1162/neco_a_01666},
  volume = {36},
  year = {2024}
}

@article{10.1162/neco_a_01667,
  author = {Martini, K. Michael and Nemenman, Ilya},
  doi = {10.1162/neco_a_01667},
  eprint = {https://direct.mit.edu/neco/article-pdf/36/7/1353/2378046/neco_a_01667.pdf},
  issn = {0899-7667},
  journal = {Neural Computation},
  month = {06},
  number = {7},
  openalex = {W4395684709},
  pages = {1353-1379},
  title = {Data Efficiency, Dimensionality Reduction, and the Generalized Symmetric Information Bottleneck},
  url = {https://doi.org/10.1162/neco_a_01667},
  volume = {36},
  year = {2024}
}

@article{10.1162/neco_a_01668,
  author = {Christensen, Sören and Kallsen, Jan},
  doi = {10.1162/neco_a_01668},
  eprint = {https://direct.mit.edu/neco/article-pdf/36/7/1424/2378040/neco_a_01668.pdf},
  issn = {0899-7667},
  journal = {Neural Computation},
  month = {06},
  number = {7},
  openalex = {W4395660479},
  pages = {1424-1432},
  title = {Is Learning in Biological Neural Networks Based on Stochastic Gradient Descent? An Analysis Using Stochastic Processes},
  url = {https://doi.org/10.1162/neco_a_01668},
  volume = {36},
  year = {2024}
}

@article{10.1162/neco_a_01670,
  author = {Alexandersen, Christoffer G. and Duprat, Chloé and Ezzati, Aitakin and Houzelstein, Pierre and Ledoux, Ambre and Liu, Yuhong and Saghir, Sandra and Destexhe, Alain and Tesler, Federico and Depannemaecker, Damien},
  doi = {10.1162/neco_a_01670},
  eprint = {https://direct.mit.edu/neco/article-pdf/36/7/1433/2378053/neco_a_01670.pdf},
  issn = {0899-7667},
  journal = {Neural Computation},
  month = {06},
  number = {7},
  openalex = {W4381952364},
  pages = {1433-1448},
  title = {A Mean Field to Capture Asynchronous Irregular Dynamics of Conductance-Based Networks of Adaptive Quadratic Integrate-and-Fire Neuron Models},
  url = {https://doi.org/10.1162/neco_a_01670},
  volume = {36},
  year = {2024}
}

@article{10.1162/neco_a_01671,
  author = {Bredenberg, Colin and Savin, Cristina},
  doi = {10.1162/neco_a_01671},
  eprint = {https://direct.mit.edu/neco/article-pdf/36/7/1245/2378059/neco_a_01671.pdf},
  issn = {0899-7667},
  journal = {Neural Computation},
  month = {06},
  number = {7},
  openalex = {W4386084087},
  pages = {1245-1285},
  title = {Desiderata for Normative Models of Synaptic Plasticity},
  url = {https://doi.org/10.1162/neco_a_01671},
  volume = {36},
  year = {2024}
}

@article{10.1162/neco_a_01672,
  author = {Buccino, Alessio Paolo and Damart, Tanguy and Bartram, Julian and Mandge, Darshan and Xue, Xiaohan and Zbili, Mickael and Gänswein, Tobias and Jaquier, Aurélien and Emmenegger, Vishalini and Markram, Henry and Hierlemann, Andreas and Van Geit, Werner},
  doi = {10.1162/neco_a_01672},
  eprint = {https://direct.mit.edu/neco/article-pdf/36/7/1286/2378076/neco_a_01672.pdf},
  issn = {0899-7667},
  journal = {Neural Computation},
  month = {06},
  number = {7},
  openalex = {W4398223597},
  pages = {1286-1331},
  title = {A Multimodal Fitting Approach to Construct Single-Neuron Models With Patch Clamp and High-Density Microelectrode Arrays},
  url = {https://doi.org/10.1162/neco_a_01672},
  volume = {36},
  year = {2024}
}

@article{10.1162/neco_a_01673,
  author = {Lv, Kexin and Cai, Jia and Huo, Junyi and Shang, Chao and Huang, Xiaolin and Yang, Jie},
  doi = {10.1162/neco_a_01673},
  eprint = {https://direct.mit.edu/neco/article-pdf/36/7/1380/2378048/neco_a_01673.pdf},
  issn = {0899-7667},
  journal = {Neural Computation},
  month = {06},
  number = {7},
  openalex = {W4398195057},
  pages = {1380-1409},
  title = {Sparse Generalized Canonical Correlation Analysis: Distributed Alternating Iteration-Based Approach},
  url = {https://doi.org/10.1162/neco_a_01673},
  volume = {36},
  year = {2024}
}

@article{10.1162/neco_a_01674,
  author = {Nadafian, Alireza and Ganjtabesh, Mohammad},
  doi = {10.1162/neco_a_01674},
  eprint = {https://direct.mit.edu/neco/article-pdf/36/7/1332/2378065/neco_a_01674.pdf},
  issn = {0899-7667},
  journal = {Neural Computation},
  month = {06},
  number = {7},
  openalex = {W4398223599},
  pages = {1332-1352},
  title = {Bioplausible Unsupervised Delay Learning for Extracting Spatiotemporal Features in Spiking Neural Networks},
  url = {https://doi.org/10.1162/neco_a_01674},
  volume = {36},
  year = {2024}
}

@article{10.1162/neco_a_01675,
  author = {Verosky, Niels J.},
  doi = {10.1162/neco_a_01675},
  eprint = {https://direct.mit.edu/neco/article-pdf/36/7/1410/2378042/neco_a_01675.pdf},
  issn = {0899-7667},
  journal = {Neural Computation},
  month = {06},
  number = {7},
  openalex = {W4387655227},
  pages = {1410-1423},
  title = {Associative Learning of an Unnormalized Successor Representation},
  url = {https://doi.org/10.1162/neco_a_01675},
  volume = {36},
  year = {2024}
}

@article{10.1162/neco_a_01676,
  author = {Šíma, Jiří and Vidnerová, Petra and Mrázek, Vojtěch},
  doi = {10.1162/neco_a_01676},
  eprint = {https://direct.mit.edu/neco/article-pdf/36/8/1601/2462326/neco_a_01676.pdf},
  issn = {0899-7667},
  journal = {Neural Computation},
  month = {07},
  number = {8},
  pages = {1601-1625},
  title = {Energy Complexity of Convolutional Neural Networks},
  url = {https://doi.org/10.1162/neco_a_01676},
  volume = {36},
  year = {2024}
}

@article{10.1162/neco_a_01677,
  author = {Osório, Maria and Wichert, Andreas},
  doi = {10.1162/neco_a_01677},
  eprint = {https://direct.mit.edu/neco/article-pdf/36/8/1626/2462307/neco_a_01677.pdf},
  issn = {0899-7667},
  journal = {Neural Computation},
  month = {07},
  number = {8},
  openalex = {W4398223598},
  pages = {1626-1642},
  title = {Promoting the Shift From Pixel-Level Correlations to Object Semantics Learning by Rethinking Computer Vision Benchmark Data Sets},
  url = {https://doi.org/10.1162/neco_a_01677},
  volume = {36},
  year = {2024}
}

@article{10.1162/neco_a_01679,
  author = {Leplat, Valentin and Hien, Le T. K. and Onwunta, Akwum and Gillis, Nicolas},
  doi = {10.1162/neco_a_01679},
  eprint = {https://direct.mit.edu/neco/article-pdf/36/11/2365/2474253/neco_a_01679.pdf},
  issn = {0899-7667},
  journal = {Neural Computation},
  month = {10},
  number = {11},
  pages = {2365-2402},
  title = {Deep Nonnegative Matrix Factorization With Beta Divergences},
  url = {https://doi.org/10.1162/neco_a_01679},
  volume = {36},
  year = {2024}
}

@article{10.1162/neco_a_01680,
  author = {Pietras, Bastian},
  doi = {10.1162/neco_a_01680},
  eprint = {https://direct.mit.edu/neco/article-pdf/36/8/1476/2462345/neco_a_01680.pdf},
  issn = {0899-7667},
  journal = {Neural Computation},
  month = {07},
  number = {8},
  openalex = {W4366566328},
  pages = {1476-1540},
  title = {Pulse Shape and Voltage-Dependent Synchronization in Spiking Neuron Networks},
  url = {https://doi.org/10.1162/neco_a_01680},
  volume = {36},
  year = {2024}
}

@article{10.1162/neco_a_01681,
  author = {Zhu, Vicky and Rosenbaum, Robert},
  doi = {10.1162/neco_a_01681},
  eprint = {https://direct.mit.edu/neco/article-pdf/36/8/1568/2462319/neco_a_01681.pdf},
  issn = {0899-7667},
  journal = {Neural Computation},
  month = {07},
  number = {8},
  openalex = {W4400806815},
  pages = {1568-1600},
  title = {Learning Fixed Points of Recurrent Neural Networks by Reparameterizing the Network Model},
  url = {https://doi.org/10.1162/neco_a_01681},
  volume = {36},
  year = {2024}
}

@article{10.1162/neco_a_01682,
  author = {Kramer, Mark A. and Chu, Catherine J.},
  doi = {10.1162/neco_a_01682},
  eprint = {https://direct.mit.edu/neco/article-pdf/36/8/1643/2462312/neco_a_01682.pdf},
  issn = {0899-7667},
  journal = {Neural Computation},
  month = {07},
  number = {8},
  openalex = {W4400807130},
  pages = {1643-1668},
  title = {A General, Noise-Driven Mechanism for the 1/f-Like Behavior of Neural Field Spectra},
  url = {https://doi.org/10.1162/neco_a_01682},
  volume = {36},
  year = {2024}
}

@article{10.1162/neco_a_01683,
  author = {Uchizawa, Kei and Abe, Haruki},
  doi = {10.1162/neco_a_01683},
  eprint = {https://direct.mit.edu/neco/article-pdf/36/8/1541/2462303/neco_a_01683.pdf},
  issn = {0899-7667},
  journal = {Neural Computation},
  month = {07},
  number = {8},
  openalex = {W4400807594},
  pages = {1541-1567},
  title = {Trade-Offs Between Energy and Depth of Neural Networks},
  url = {https://doi.org/10.1162/neco_a_01683},
  volume = {36},
  year = {2024}
}

@article{10.1162/neco_a_01684,
  author = {Melchior, Jan and Schiewer, Robin and Wiskott, Laurenz},
  doi = {10.1162/neco_a_01684},
  eprint = {https://direct.mit.edu/neco/article-pdf/36/9/1669/2465982/neco_a_01684.pdf},
  issn = {0899-7667},
  journal = {Neural Computation},
  month = {08},
  number = {9},
  openalex = {W4401729251},
  pages = {1669-1712},
  title = {Hebbian Descent: A Unified View on Log-Likelihood Learning},
  url = {https://doi.org/10.1162/neco_a_01684},
  volume = {36},
  year = {2024}
}

@article{10.1162/neco_a_01685,
  author = {Luo, Della Daiyi and Giri, Bapun and Diba, Kamran and Kemere, Caleb},
  doi = {10.1162/neco_a_01685},
  eprint = {https://direct.mit.edu/neco/article-pdf/36/8/1449/2462336/neco_a_01685.pdf},
  issn = {0899-7667},
  journal = {Neural Computation},
  month = {07},
  number = {8},
  openalex = {W4392593896},
  pages = {1449-1475},
  title = {Extended Poisson Gaussian-Process Latent Variable Model for Unsupervised Neural Decoding},
  url = {https://doi.org/10.1162/neco_a_01685},
  volume = {36},
  year = {2024}
}

@article{10.1162/neco_a_01686,
  author = {Magris, Martin and Shabani, Mostafa and Iosifidis, Alexandros},
  doi = {10.1162/neco_a_01686},
  eprint = {https://direct.mit.edu/neco/article-pdf/36/9/1744/2466011/neco_a_01686.pdf},
  issn = {0899-7667},
  journal = {Neural Computation},
  month = {08},
  number = {9},
  openalex = {W4401729067},
  pages = {1744-1798},
  title = {Manifold Gaussian Variational Bayes on the Precision Matrix},
  url = {https://doi.org/10.1162/neco_a_01686},
  volume = {36},
  year = {2024}
}

@article{10.1162/neco_a_01688,
  author = {Choi, Minkyu and Zhang, Yizhen and Han, Kuan and Wang, Xiaokai and Liu, Zhongming},
  doi = {10.1162/neco_a_01688},
  eprint = {https://direct.mit.edu/neco/article-pdf/36/9/1713/2465936/neco_a_01688.pdf},
  issn = {0899-7667},
  journal = {Neural Computation},
  month = {08},
  number = {9},
  openalex = {W4401413416},
  pages = {1713-1743},
  title = {Human Eyes–Inspired Recurrent Neural Networks Are More Robust Against Adversarial Noises},
  url = {https://doi.org/10.1162/neco_a_01688},
  volume = {36},
  year = {2024}
}

@article{10.1162/neco_a_01695,
  author = {Connor, Marissa and Olshausen, Bruno and Rozell, Christopher},
  doi = {10.1162/neco_a_01695},
  eprint = {https://direct.mit.edu/neco/article-pdf/36/11/2505/2474305/neco_a_01695.pdf},
  issn = {0899-7667},
  journal = {Neural Computation},
  month = {10},
  number = {11},
  openalex = {W4401566825},
  pages = {2505-2539},
  title = {Learning Internal Representations of 3D Transformations From 2D Projected Inputs},
  url = {https://doi.org/10.1162/neco_a_01695},
  volume = {36},
  year = {2024}
}

@article{10.1162/neco_a_01696,
  author = {Monk, Travis and Dennler, Nik and Ralph, Nicholas and Rastogi, Shavika and Afshar, Saeed and Urbizagastegui, Pablo and Jarvis, Russell and van Schaik, André and Adamatzky, Andrew},
  doi = {10.1162/neco_a_01696},
  eprint = {https://direct.mit.edu/neco/article-pdf/36/10/1939/2469842/neco_a_01696.pdf},
  issn = {0899-7667},
  journal = {Neural Computation},
  month = {09},
  number = {10},
  openalex = {W4401566133},
  pages = {1939-2029},
  title = {Electrical Signaling Beyond Neurons},
  url = {https://doi.org/10.1162/neco_a_01696},
  volume = {36},
  year = {2024}
}

@article{10.1162/neco_a_01697,
  author = {Champion, Théophile and Grześ, Marek and Bonheme, Lisa and Bowman, Howard},
  doi = {10.1162/neco_a_01697},
  eprint = {https://direct.mit.edu/neco/article-pdf/36/11/2403/2474343/neco_a_01697.pdf},
  issn = {0899-7667},
  journal = {Neural Computation},
  month = {10},
  number = {11},
  openalex = {W4401566122},
  pages = {2403-2445},
  title = {Deconstructing Deep Active Inference: A Contrarian Information Gatherer},
  url = {https://doi.org/10.1162/neco_a_01697},
  volume = {36},
  year = {2024}
}

@article{10.1162/neco_a_01698,
  author = {Malekzadeh, Parvin and Plataniotis, Konstantinos N.},
  doi = {10.1162/neco_a_01698},
  eprint = {https://direct.mit.edu/neco/article-pdf/36/10/2073/2470709/neco_a_01698.pdf},
  issn = {0899-7667},
  journal = {Neural Computation},
  month = {09},
  number = {10},
  openalex = {W4401813166},
  pages = {2073-2135},
  title = {Active Inference and Reinforcement Learning: A Unified Inference on Continuous State and Action Spaces Under Partial Observability},
  url = {https://doi.org/10.1162/neco_a_01698},
  volume = {36},
  year = {2024}
}

@article{10.1162/neco_a_01699,
  author = {Tehrani-Saleh, Ali and McAuley, J. Devin and Adami, Christoph},
  doi = {10.1162/neco_a_01699},
  eprint = {https://direct.mit.edu/neco/article-pdf/36/10/2170/2469809/neco_a_01699.pdf},
  issn = {0899-7667},
  journal = {Neural Computation},
  month = {09},
  number = {10},
  openalex = {W2994838884},
  pages = {2170-2200},
  title = {Mechanism of Duration Perception in Artificial Brains Suggests New Model of Attentional Entrainment},
  url = {https://doi.org/10.1162/neco_a_01699},
  volume = {36},
  year = {2024}
}

@article{10.1162/neco_a_01700,
  author = {Theiss, Justin D. and Silver, Michael A.},
  doi = {10.1162/neco_a_01700},
  eprint = {https://direct.mit.edu/neco/article-pdf/36/10/2201/2469802/neco_a_01700.pdf},
  issn = {0899-7667},
  journal = {Neural Computation},
  month = {09},
  number = {10},
  openalex = {W4401566098},
  pages = {2201-2224},
  title = {Top-Down Priors Disambiguate Target and Distractor Features in Simulated Covert Visual Search},
  url = {https://doi.org/10.1162/neco_a_01700},
  volume = {36},
  year = {2024}
}

@article{10.1162/neco_a_01701,
  author = {Baldy, Nina and Breyton, Martin and Woodman, Marmaduke M. and Jirsa, Viktor K. and Hashemi, Meysam},
  doi = {10.1162/neco_a_01701},
  eprint = {https://direct.mit.edu/neco/article-pdf/36/10/2030/2469857/neco_a_01701.pdf},
  issn = {0899-7667},
  journal = {Neural Computation},
  month = {09},
  number = {10},
  openalex = {W4401566106},
  pages = {2030-2072},
  title = {Inference on the Macroscopic Dynamics of Spiking Neurons},
  url = {https://doi.org/10.1162/neco_a_01701},
  volume = {36},
  year = {2024}
}

@article{10.1162/neco_a_01702,
  author = {Wang, Zeyuan and Cruz, Luis},
  doi = {10.1162/neco_a_01702},
  eprint = {https://direct.mit.edu/neco/article-pdf/36/10/2136/2469819/neco_a_01702.pdf},
  issn = {0899-7667},
  journal = {Neural Computation},
  month = {09},
  number = {10},
  openalex = {W4401813907},
  pages = {2136-2169},
  title = {Trainable Reference Spikes Improve Temporal Information Processing of SNNs With Supervised Learning},
  url = {https://doi.org/10.1162/neco_a_01702},
  volume = {36},
  year = {2024}
}

@article{10.1162/neco_a_01703,
  author = {Champion, Théophile and Grześ, Marek and Bowman, Howard},
  doi = {10.1162/neco_a_01703},
  eprint = {https://direct.mit.edu/neco/article-pdf/36/11/2479/2474245/neco_a_01703.pdf},
  issn = {0899-7667},
  journal = {Neural Computation},
  month = {10},
  number = {11},
  openalex = {W4402046540},
  pages = {2479-2504},
  title = {Multimodal and Multifactor Branching Time Active Inference},
  url = {https://doi.org/10.1162/neco_a_01703},
  volume = {36},
  year = {2024}
}

@article{10.1162/neco_a_01704,
  author = {McAlister, Hayden and Robins, Anthony and Szymanski, Lech},
  doi = {10.1162/neco_a_01704},
  eprint = {https://direct.mit.edu/neco/article-pdf/36/11/2322/2474365/neco_a_01704.pdf},
  issn = {0899-7667},
  journal = {Neural Computation},
  month = {10},
  number = {11},
  pages = {2322-2364},
  title = {Prototype Analysis in Hopfield Networks With Hebbian Learning},
  url = {https://doi.org/10.1162/neco_a_01704},
  volume = {36},
  year = {2024}
}

@article{10.1162/neco_a_01705,
  author = {Carvalho, Wilka and Tomov, Momchil S. and de Cothi, William and Barry, Caswell and Gershman, Samuel J.},
  doi = {10.1162/neco_a_01705},
  eprint = {https://direct.mit.edu/neco/article-pdf/36/11/2225/2474294/neco_a_01705.pdf},
  issn = {0899-7667},
  journal = {Neural Computation},
  month = {10},
  number = {11},
  openalex = {W4402046009},
  pages = {2225-2298},
  title = {Predictive Representations: Building Blocks of Intelligence},
  url = {https://doi.org/10.1162/neco_a_01705},
  volume = {36},
  year = {2024}
}

@article{10.1162/neco_a_01706,
  author = {Markiewicz, Michał and Brzozowski, Ireneusz and Janusz, Szymon},
  doi = {10.1162/neco_a_01706},
  eprint = {https://direct.mit.edu/neco/article-pdf/36/11/2299/2474266/neco_a_01706.pdf},
  issn = {0899-7667},
  journal = {Neural Computation},
  month = {10},
  number = {11},
  openalex = {W4401813180},
  pages = {2299-2321},
  title = {Spiking Neural Network Pressure Sensor},
  url = {https://doi.org/10.1162/neco_a_01706},
  volume = {36},
  year = {2024}
}

@article{10.1162/neco_a_01708,
  author = {Boyar, Onur and Takeuchi, Ichiro},
  doi = {10.1162/neco_a_01708},
  eprint = {https://direct.mit.edu/neco/article-pdf/36/11/2446/2474324/neco_a_01708.pdf},
  issn = {0899-7667},
  journal = {Neural Computation},
  month = {10},
  number = {11},
  openalex = {W4402744651},
  pages = {2446-2478},
  title = {Latent Space Bayesian Optimization With Latent Data Augmentation for Enhanced Exploration},
  url = {https://doi.org/10.1162/neco_a_01708},
  volume = {36},
  year = {2024}
}

@article{10.1162/neco_a_01709,
  author = {Endo, Yusuke and Takeda, Koujin},
  doi = {10.1162/neco_a_01709},
  eprint = {https://direct.mit.edu/neco/article-pdf/36/11/2540/2474282/neco_a_01709.pdf},
  issn = {0899-7667},
  journal = {Neural Computation},
  month = {10},
  number = {11},
  pages = {2540-2570},
  title = {ℓ1-Regularized ICA: A Novel Method for Analysis of Task-Related fMRI Data},
  url = {https://doi.org/10.1162/neco_a_01709},
  volume = {36},
  year = {2024}
}

@article{10.1162/neco_e_01662,
  author = {},
  doi = {10.1162/neco_e_01662},
  eprint = {https://direct.mit.edu/neco/article-pdf/36/3/499/2336027/neco_e_01662.pdf},
  issn = {0899-7667},
  journal = {Neural Computation},
  month = {02},
  number = {3},
  pages = {499-500},
  title = {Errata to “A Tutorial on the Spectral Theory of Markov Chains” by Eddie Seabrook and Laurenz Wiskott (Neural Computation, November 2023, Vol. 35, No. 11, pp. 1713–1796, https://doi.org/10.1162/neco_a_01611)},
  url = {https://doi.org/10.1162/neco_e_01662},
  volume = {36},
  year = {2024}
}
