@article{RevModPhys.37.1,
  author = {WARD, J. F.},
  doi = {10.1103/RevModPhys.37.1},
  issue = {1},
  journal = {Rev. Mod. Phys.},
  month = {Jan},
  numpages = {0},
  openalex = {W2009599926},
  pages = {1–18},
  publisher = {American Physical Society},
  title = {Calculation of Nonlinear Optical Susceptibilities Using Diagrammatic Perturbation Theory},
  url = {https://link.aps.org/doi/10.1103/RevModPhys.37.1},
  volume = {37},
  year = {1965}
}

@article{RevModPhys.37.105,
  author = {DAVIDSON, J. P.},
  doi = {10.1103/RevModPhys.37.105},
  issue = {1},
  journal = {Rev. Mod. Phys.},
  month = {Jan},
  numpages = {0},
  openalex = {W1966948446},
  pages = {105–158},
  publisher = {American Physical Society},
  title = {Rotations and Vibrations in Deformed Nuclei},
  url = {https://link.aps.org/doi/10.1103/RevModPhys.37.105},
  volume = {37},
  year = {1965}
}

@article{RevModPhys.37.159,
  author = {ITOH, TAKASHI},
  doi = {10.1103/RevModPhys.37.159},
  issue = {1},
  journal = {Rev. Mod. Phys.},
  month = {Jan},
  numpages = {0},
  openalex = {W2057769281},
  pages = {159–165},
  publisher = {American Physical Society},
  title = {Derivation of Nonrelativistic Hamiltonian for Electrons from Quantum Electrodynamics},
  url = {https://link.aps.org/doi/10.1103/RevModPhys.37.159},
  volume = {37},
  year = {1965}
}

@article{RevModPhys.37.166,
  author = {MACKLIN, R. L. and GIBBONS, J. H.},
  doi = {10.1103/RevModPhys.37.166},
  issue = {1},
  journal = {Rev. Mod. Phys.},
  month = {Jan},
  numpages = {0},
  openalex = {W2035364446},
  pages = {166–176},
  publisher = {American Physical Society},
  title = {Neutron Capture Data at Stellar Temperatures},
  url = {https://link.aps.org/doi/10.1103/RevModPhys.37.166},
  volume = {37},
  year = {1965}
}

@article{RevModPhys.37.177,
  author = {CSONKA, PAUL L.},
  doi = {10.1103/RevModPhys.37.177},
  issue = {1},
  journal = {Rev. Mod. Phys.},
  month = {Jan},
  numpages = {0},
  openalex = {W2093700686},
  pages = {177–200},
  publisher = {American Physical Society},
  title = {Possible Polarization Experiments in Fermion-Fermion Scattering as a Test of Invariance Principles},
  url = {https://link.aps.org/doi/10.1103/RevModPhys.37.177},
  volume = {37},
  year = {1965}
}

@article{RevModPhys.37.19,
  author = {ALTMANN, S. L. and CRACKNELL, A. P.},
  doi = {10.1103/RevModPhys.37.19},
  issue = {1},
  journal = {Rev. Mod. Phys.},
  month = {Jan},
  numpages = {0},
  openalex = {W2056360203},
  pages = {19–32},
  publisher = {American Physical Society},
  title = {Lattice Harmonics I. Cubic Groups},
  url = {https://link.aps.org/doi/10.1103/RevModPhys.37.19},
  volume = {37},
  year = {1965}
}

@article{RevModPhys.37.201,
  author = {ROBINSON, I. and NE'EMAN, Y.},
  doi = {10.1103/RevModPhys.37.201},
  issue = {1},
  journal = {Rev. Mod. Phys.},
  month = {Jan},
  numpages = {0},
  openalex = {W2019979071},
  pages = {201–201},
  publisher = {American Physical Society},
  title = {Seminar on the Embedding Problem Introduction},
  url = {https://link.aps.org/doi/10.1103/RevModPhys.37.201},
  volume = {37},
  year = {1965}
}

@article{RevModPhys.37.201.2,
  author = {FRIEDMAN, AVNER},
  doi = {10.1103/RevModPhys.37.201.2},
  issue = {1},
  journal = {Rev. Mod. Phys.},
  month = {Jan},
  numpages = {0},
  openalex = {W2003311161},
  pages = {201–203},
  publisher = {American Physical Society},
  title = {Isometric Embedding of Riemannian Manifolds into Euclidean Spaces},
  url = {https://link.aps.org/doi/10.1103/RevModPhys.37.201.2},
  volume = {37},
  year = {1965}
}

@article{RevModPhys.37.204,
  author = {ROSEN, JOE},
  doi = {10.1103/RevModPhys.37.204},
  issue = {1},
  journal = {Rev. Mod. Phys.},
  month = {Jan},
  numpages = {0},
  openalex = {W2011460599},
  pages = {204–214},
  publisher = {American Physical Society},
  title = {Embedding of Various Relativistic Riemannian Spaces in Pseudo-Euclidean Spaces},
  url = {https://link.aps.org/doi/10.1103/RevModPhys.37.204},
  volume = {37},
  year = {1965}
}

@article{RevModPhys.37.215,
  author = {PENROSE, ROGER},
  doi = {10.1103/RevModPhys.37.215},
  issue = {1},
  journal = {Rev. Mod. Phys.},
  month = {Jan},
  numpages = {0},
  openalex = {W2038947716},
  pages = {215–220},
  publisher = {American Physical Society},
  title = {A Remarkable Property of Plane Waves in General Relativity},
  url = {https://link.aps.org/doi/10.1103/RevModPhys.37.215},
  volume = {37},
  year = {1965}
}

@article{RevModPhys.37.221,
  author = {FRONSDAL, C.},
  doi = {10.1103/RevModPhys.37.221},
  issue = {1},
  journal = {Rev. Mod. Phys.},
  month = {Jan},
  numpages = {0},
  openalex = {W2032003079},
  pages = {221–224},
  publisher = {American Physical Society},
  title = {Elementary Particles in a Curved Space},
  url = {https://link.aps.org/doi/10.1103/RevModPhys.37.221},
  volume = {37},
  year = {1965}
}

@article{RevModPhys.37.225,
  author = {JOSEPH, D. W.},
  doi = {10.1103/RevModPhys.37.225},
  issue = {1},
  journal = {Rev. Mod. Phys.},
  month = {Jan},
  numpages = {0},
  pages = {225–226},
  publisher = {American Physical Society},
  title = {Generalized Covariance},
  url = {https://link.aps.org/doi/10.1103/RevModPhys.37.225},
  volume = {37},
  year = {1965}
}

@article{RevModPhys.37.227,
  author = {NE'EMAN, YUVAL},
  doi = {10.1103/RevModPhys.37.227},
  issue = {1},
  journal = {Rev. Mod. Phys.},
  month = {Jan},
  numpages = {0},
  openalex = {W2006058114},
  pages = {227–230},
  publisher = {American Physical Society},
  title = {Embedded Space-Time and Particle Symmetries},
  url = {https://link.aps.org/doi/10.1103/RevModPhys.37.227},
  volume = {37},
  year = {1965}
}

@article{RevModPhys.37.231,
  author = {MANDEL, L. and WOLF, E.},
  doi = {10.1103/RevModPhys.37.231},
  issue = {2},
  journal = {Rev. Mod. Phys.},
  month = {Apr},
  numpages = {0},
  openalex = {W2161426305},
  pages = {231–287},
  publisher = {American Physical Society},
  title = {Coherence Properties of Optical Fields},
  url = {https://link.aps.org/doi/10.1103/RevModPhys.37.231},
  volume = {37},
  year = {1965}
}

@article{RevModPhys.37.288,
  author = {BASRI, SAUL A.},
  doi = {10.1103/RevModPhys.37.288},
  issue = {2},
  journal = {Rev. Mod. Phys.},
  month = {Apr},
  numpages = {0},
  openalex = {W2090503545},
  pages = {288–315},
  publisher = {American Physical Society},
  title = {Operational Foundation of Einstein's General Theory of Relativity},
  url = {https://link.aps.org/doi/10.1103/RevModPhys.37.288},
  volume = {37},
  year = {1965}
}

@article{RevModPhys.37.316,
  author = {SAXENA, S. C. and MATHUR, B. P.},
  doi = {10.1103/RevModPhys.37.316},
  issue = {2},
  journal = {Rev. Mod. Phys.},
  month = {Apr},
  numpages = {0},
  openalex = {W1964934311},
  pages = {316–325},
  publisher = {American Physical Society},
  title = {Thermal Diffusion in Binary Gas Mixtures and Intermolecular Forces},
  url = {https://link.aps.org/doi/10.1103/RevModPhys.37.316},
  volume = {37},
  year = {1965}
}

@article{RevModPhys.37.326,
  author = {de Swart, J. J.},
  doi = {10.1103/RevModPhys.37.326},
  issue = {2},
  journal = {Rev. Mod. Phys.},
  month = {Apr},
  numpages = {0},
  openalex = {W2017816457},
  pages = {326–326},
  publisher = {American Physical Society},
  title = {Erratum: The Octet Model and Its Clebsch-Gordan Coefficients},
  url = {https://link.aps.org/doi/10.1103/RevModPhys.37.326},
  volume = {37},
  year = {1965}
}

@article{RevModPhys.37.327,
  author = {Goodman, Charles D.},
  doi = {10.1103/RevModPhys.37.327},
  issue = {3},
  journal = {Rev. Mod. Phys.},
  month = {Jul},
  numpages = {0},
  pages = {327–329},
  publisher = {American Physical Society},
  title = {Introductory Note},
  url = {https://link.aps.org/doi/10.1103/RevModPhys.37.327},
  volume = {37},
  year = {1965}
}

@article{RevModPhys.37.33,
  author = {ALTMANN, S. L. and BRADLEY, C. J.},
  doi = {10.1103/RevModPhys.37.33},
  issue = {1},
  journal = {Rev. Mod. Phys.},
  month = {Jan},
  numpages = {0},
  openalex = {W2050538946},
  pages = {33–45},
  publisher = {American Physical Society},
  title = {Lattice Harmonics II. Hexagonal Close-Packed Lattice},
  url = {https://link.aps.org/doi/10.1103/RevModPhys.37.33},
  volume = {37},
  year = {1965}
}

@article{RevModPhys.37.330,
  author = {ZUPANČČIČČ, ČČ.},
  doi = {10.1103/RevModPhys.37.330},
  issue = {3},
  journal = {Rev. Mod. Phys.},
  month = {Jul},
  numpages = {0},
  openalex = {W1972825354},
  pages = {330–335},
  publisher = {American Physical Society},
  title = {A Survey of Simple Mechanisms of Three-Particle Reactions},
  url = {https://link.aps.org/doi/10.1103/RevModPhys.37.330},
  volume = {37},
  year = {1965}
}

@article{RevModPhys.37.336,
  author = {SWAN, P.},
  doi = {10.1103/RevModPhys.37.336},
  issue = {3},
  journal = {Rev. Mod. Phys.},
  month = {Jul},
  numpages = {0},
  openalex = {W2261658722},
  pages = {336–345},
  publisher = {American Physical Society},
  title = {Sequential Decay Theory for the B^11(p, 3) Reaction},
  url = {https://link.aps.org/doi/10.1103/RevModPhys.37.336},
  volume = {37},
  year = {1965}
}

@article{RevModPhys.37.346,
  author = {KRAMER, PETER},
  doi = {10.1103/RevModPhys.37.346},
  issue = {3},
  journal = {Rev. Mod. Phys.},
  month = {Jul},
  numpages = {0},
  pages = {346–349},
  publisher = {American Physical Society},
  title = {Angular Momenta and Pauli Principle in Nuclear Reactions a+AC^*b_1+b_2+b_3},
  url = {https://link.aps.org/doi/10.1103/RevModPhys.37.346},
  volume = {37},
  year = {1965}
}

@article{RevModPhys.37.350,
  author = {KACSER, CLAUDE and AITCHISON, I. J. R.},
  doi = {10.1103/RevModPhys.37.350},
  issue = {3},
  journal = {Rev. Mod. Phys.},
  month = {Jul},
  numpages = {0},
  openalex = {W2036256727},
  pages = {350–353},
  publisher = {American Physical Society},
  title = {Apparent, but Energy-Dependent Pseudo-Resonances Due to Rescattering in Sequential Processes},
  url = {https://link.aps.org/doi/10.1103/RevModPhys.37.350},
  volume = {37},
  year = {1965}
}

@article{RevModPhys.37.354,
  author = {MOAZED, C. and ETTER, J. E. and HOLMGREN, H. D. and WAGGONER, M. A.},
  doi = {10.1103/RevModPhys.37.354},
  issue = {3},
  journal = {Rev. Mod. Phys.},
  month = {Jul},
  numpages = {0},
  pages = {354–357},
  publisher = {American Physical Society},
  title = {The Be^9(He^3, ) Reaction},
  url = {https://link.aps.org/doi/10.1103/RevModPhys.37.354},
  volume = {37},
  year = {1965}
}

@article{RevModPhys.37.358,
  author = {WAGGONER, M. A. and ETTER, J. E. and HOLMGREN, H. D. and MOAZED, C.},
  doi = {10.1103/RevModPhys.37.358},
  issue = {3},
  journal = {Rev. Mod. Phys.},
  month = {Jul},
  numpages = {0},
  pages = {358–361},
  publisher = {American Physical Society},
  title = {The Be^10(He^3, ) Reaction Process},
  url = {https://link.aps.org/doi/10.1103/RevModPhys.37.358},
  volume = {37},
  year = {1965}
}

@article{RevModPhys.37.362,
  author = {YOUNG, F. C. and JAYARAMAN, K. S. and ETTER, J. E. and HOLMGREN, H. D. and WAGGONER, M. A.},
  doi = {10.1103/RevModPhys.37.362},
  issue = {3},
  journal = {Rev. Mod. Phys.},
  month = {Jul},
  numpages = {0},
  pages = {362–364},
  publisher = {American Physical Society},
  title = {The Li^6(He^3, p) Reaction},
  url = {https://link.aps.org/doi/10.1103/RevModPhys.37.362},
  volume = {37},
  year = {1965}
}

@article{RevModPhys.37.365,
  author = {UDO, F.},
  doi = {10.1103/RevModPhys.37.365},
  issue = {3},
  journal = {Rev. Mod. Phys.},
  month = {Jul},
  numpages = {0},
  openalex = {W2035447473},
  pages = {365–368},
  publisher = {American Physical Society},
  title = {Disintegration in Flight of Deuterons under the Influence of Nuclear Fields},
  url = {https://link.aps.org/doi/10.1103/RevModPhys.37.365},
  volume = {37},
  year = {1965}
}

@article{RevModPhys.37.369,
  author = {BAUER, R. W. and HEYMANN, G. and KOSSLER, W. and WALL, N. S. and GRUHN, C. R.},
  doi = {10.1103/RevModPhys.37.369},
  issue = {3},
  journal = {Rev. Mod. Phys.},
  month = {Jul},
  numpages = {0},
  pages = {369–371},
  publisher = {American Physical Society},
  title = {Study of the Ca^40(, 2) Reactions},
  url = {https://link.aps.org/doi/10.1103/RevModPhys.37.369},
  volume = {37},
  year = {1965}
}

@article{RevModPhys.37.372,
  author = {PARKINSON, E. R. and BODANSKY, D.},
  doi = {10.1103/RevModPhys.37.372},
  issue = {3},
  journal = {Rev. Mod. Phys.},
  month = {Jul},
  numpages = {0},
  pages = {372–374},
  publisher = {American Physical Society},
  title = {Proton-Gamma Competition in the Cu^63(p, 2p)Ni^62 Reaction at 10.5 MeV},
  url = {https://link.aps.org/doi/10.1103/RevModPhys.37.372},
  volume = {37},
  year = {1965}
}

@article{RevModPhys.37.375,
  author = {RIOU, M.},
  doi = {10.1103/RevModPhys.37.375},
  issue = {3},
  journal = {Rev. Mod. Phys.},
  month = {Jul},
  numpages = {0},
  openalex = {W2028829690},
  pages = {375–387},
  publisher = {American Physical Society},
  title = {Information on Nuclear Strucure from (p, 2p) and other Knock-Out Reactions},
  url = {https://link.aps.org/doi/10.1103/RevModPhys.37.375},
  volume = {37},
  year = {1965}
}

@article{RevModPhys.37.388,
  author = {McCARTHY, I. E.},
  doi = {10.1103/RevModPhys.37.388},
  issue = {3},
  journal = {Rev. Mod. Phys.},
  month = {Jul},
  numpages = {0},
  openalex = {W2080652121},
  pages = {388–392},
  publisher = {American Physical Society},
  title = {Information Obtainable from (p, 2p) Reactions},
  url = {https://link.aps.org/doi/10.1103/RevModPhys.37.388},
  volume = {37},
  year = {1965}
}

@article{RevModPhys.37.393,
  author = {JACKSON, DAPHNE F.},
  doi = {10.1103/RevModPhys.37.393},
  issue = {3},
  journal = {Rev. Mod. Phys.},
  month = {Jul},
  numpages = {0},
  openalex = {W2027025354},
  pages = {393–395},
  publisher = {American Physical Society},
  title = {Problems in the Analysis of Quasifree Scattering},
  url = {https://link.aps.org/doi/10.1103/RevModPhys.37.393},
  volume = {37},
  year = {1965}
}

@article{RevModPhys.37.396,
  author = {DEVINS, D. W. and SCOTT, BRUCE L. and FORSTER, H. H.},
  doi = {10.1103/RevModPhys.37.396},
  issue = {3},
  journal = {Rev. Mod. Phys.},
  month = {Jul},
  numpages = {0},
  pages = {396–398},
  publisher = {American Physical Society},
  title = {A Simple Analysis of the Li^6(p, pd)He^4 Reaction},
  url = {https://link.aps.org/doi/10.1103/RevModPhys.37.396},
  volume = {37},
  year = {1965}
}

@article{RevModPhys.37.399,
  author = {YUASA, TOSHIKO and HOURANI, EID},
  doi = {10.1103/RevModPhys.37.399},
  issue = {3},
  journal = {Rev. Mod. Phys.},
  month = {Jul},
  numpages = {0},
  openalex = {W3004778670},
  pages = {399–401},
  publisher = {American Physical Society},
  title = {Quasi-Elastic p Scattering in C^12},
  url = {https://link.aps.org/doi/10.1103/RevModPhys.37.399},
  volume = {37},
  year = {1965}
}

@article{RevModPhys.37.402,
  author = {GRIFFY, T. A. and OAKES, R. J.},
  doi = {10.1103/RevModPhys.37.402},
  issue = {3},
  journal = {Rev. Mod. Phys.},
  month = {Jul},
  numpages = {0},
  pages = {402–405},
  publisher = {American Physical Society},
  title = {Structure of He^3 and H^3 from High-Energy Electron Scattering},
  url = {https://link.aps.org/doi/10.1103/RevModPhys.37.402},
  volume = {37},
  year = {1965}
}

@article{RevModPhys.37.406,
  author = {HUBY, R. and MINES, J. R.},
  doi = {10.1103/RevModPhys.37.406},
  issue = {3},
  journal = {Rev. Mod. Phys.},
  month = {Jul},
  numpages = {0},
  openalex = {W3024829513},
  pages = {406–408},
  publisher = {American Physical Society},
  title = {Distorted-Wave Born Approximation for Stripping to Virtual Levels},
  url = {https://link.aps.org/doi/10.1103/RevModPhys.37.406},
  volume = {37},
  year = {1965}
}

@article{RevModPhys.37.409,
  author = {PHILLIPS, G. C.},
  doi = {10.1103/RevModPhys.37.409},
  issue = {3},
  journal = {Rev. Mod. Phys.},
  month = {Jul},
  numpages = {0},
  pages = {409–417},
  publisher = {American Physical Society},
  title = {Sequential Decay of ^12C into Three  Particles},
  url = {https://link.aps.org/doi/10.1103/RevModPhys.37.409},
  volume = {37},
  year = {1965}
}

@article{RevModPhys.37.418,
  author = {DUCK, IAN},
  doi = {10.1103/RevModPhys.37.418},
  issue = {3},
  journal = {Rev. Mod. Phys.},
  month = {Jul},
  numpages = {0},
  openalex = {W2043702521},
  pages = {418–429},
  publisher = {American Physical Society},
  title = {Angular Distributions in Three-Alpha and Three-Nucleon Systems},
  url = {https://link.aps.org/doi/10.1103/RevModPhys.37.418},
  volume = {37},
  year = {1965}
}

@article{RevModPhys.37.430,
  author = {ALDRIDGE, J. P. and WILDENTHAL, B. H. and YOUNGBLOOD, D. H.},
  doi = {10.1103/RevModPhys.37.430},
  issue = {3},
  journal = {Rev. Mod. Phys.},
  month = {Jul},
  numpages = {0},
  pages = {430–432},
  publisher = {American Physical Society},
  title = {The He^3(He^3, 2p)He^4 Reaction},
  url = {https://link.aps.org/doi/10.1103/RevModPhys.37.430},
  volume = {37},
  year = {1965}
}

@article{RevModPhys.37.433,
  author = {BACHER, A. D. and TOMBRELLO, T. A.},
  doi = {10.1103/RevModPhys.37.433},
  issue = {3},
  journal = {Rev. Mod. Phys.},
  month = {Jul},
  numpages = {0},
  pages = {433–436},
  publisher = {American Physical Society},
  title = {p-He^4 Final-State Interaction in He^3(He^3, 2p)He^4},
  url = {https://link.aps.org/doi/10.1103/RevModPhys.37.433},
  volume = {37},
  year = {1965}
}

@article{RevModPhys.37.437,
  author = {JONES, C. M. and BAIR, J. K. and JOHNSON, C. H. and WILLARD, H. B. and REEVES, M.},
  doi = {10.1103/RevModPhys.37.437},
  issue = {3},
  journal = {Rev. Mod. Phys.},
  month = {Jul},
  numpages = {0},
  pages = {437–441},
  publisher = {American Physical Society},
  title = {Sequential Emission in the Reaction ^7Li(d, n)2},
  url = {https://link.aps.org/doi/10.1103/RevModPhys.37.437},
  volume = {37},
  year = {1965}
}

@article{RevModPhys.37.441,
  author = {MOAZED, C. and ETTER, J. E. and HOLMGREN, H. D. and WAGGONER, M. A.},
  doi = {10.1103/RevModPhys.37.441},
  issue = {3},
  journal = {Rev. Mod. Phys.},
  month = {Jul},
  numpages = {0},
  pages = {441–443},
  publisher = {American Physical Society},
  title = {Particle-Particle Angular Correlation for the Be^9(He^3, )Be^8 Reaction},
  url = {https://link.aps.org/doi/10.1103/RevModPhys.37.441},
  volume = {37},
  year = {1965}
}

@article{RevModPhys.37.444,
  author = {ETTER, J. E. and WAGGONER, M. A. and MOAZED, C. and HOLMGREN, H. D. and HAN, C.},
  doi = {10.1103/RevModPhys.37.444},
  issue = {3},
  journal = {Rev. Mod. Phys.},
  month = {Jul},
  numpages = {0},
  pages = {444–447},
  publisher = {American Physical Society},
  title = {Spectroscopic Studies with the B^10(He^3, p) Reaction},
  url = {https://link.aps.org/doi/10.1103/RevModPhys.37.444},
  volume = {37},
  year = {1965}
}

@article{RevModPhys.37.448,
  author = {ALBURGER, D. E. and DONOVAN, P. F.},
  doi = {10.1103/RevModPhys.37.448},
  issue = {3},
  journal = {Rev. Mod. Phys.},
  month = {Jul},
  numpages = {0},
  pages = {448–449},
  publisher = {American Physical Society},
  title = {Studies of Alpha-Particle Emitting States of C^12 Observed in the Reactions B^10(He^3, p)C^12()Be^8 and C^13(He^3, )C^12()Be^8},
  url = {https://link.aps.org/doi/10.1103/RevModPhys.37.448},
  volume = {37},
  year = {1965}
}

@article{RevModPhys.37.450,
  author = {DEHNHARD, D.},
  doi = {10.1103/RevModPhys.37.450},
  issue = {3},
  journal = {Rev. Mod. Phys.},
  month = {Jul},
  numpages = {0},
  pages = {450–452},
  publisher = {American Physical Society},
  title = {Direct Three-Body Decay ^12C3 in the Reaction ^11B(p, )2 at the 163-keV Resonance},
  url = {https://link.aps.org/doi/10.1103/RevModPhys.37.450},
  volume = {37},
  year = {1965}
}

@article{RevModPhys.37.453,
  author = {Kamke, D. and Krug, J. and Richter, F. -W.},
  doi = {10.1103/RevModPhys.37.453},
  issue = {3},
  journal = {Rev. Mod. Phys.},
  month = {Jul},
  numpages = {0},
  pages = {453–454},
  publisher = {American Physical Society},
  title = {Mechanism of the Reaction ^11B(p, )2 below and in the Vicinity of the 675-keV Resonance},
  url = {https://link.aps.org/doi/10.1103/RevModPhys.37.453},
  volume = {37},
  year = {1965}
}

@article{RevModPhys.37.455,
  author = {NORBECK, E. and MANCUSI, M. D. and CARLSON, R. R.},
  doi = {10.1103/RevModPhys.37.455},
  issue = {3},
  journal = {Rev. Mod. Phys.},
  month = {Jul},
  numpages = {0},
  pages = {455–457},
  publisher = {American Physical Society},
  title = {The 2 Li^63 Reaction},
  url = {https://link.aps.org/doi/10.1103/RevModPhys.37.455},
  volume = {37},
  year = {1965}
}

@article{RevModPhys.37.458,
  author = {Bilwes, R. and Bourotte, B.},
  doi = {10.1103/RevModPhys.37.458},
  issue = {3},
  journal = {Rev. Mod. Phys.},
  month = {Jul},
  numpages = {0},
  pages = {458–459},
  publisher = {American Physical Society},
  title = {Study of the Li^7+d2+n Reaction at Low Energy},
  url = {https://link.aps.org/doi/10.1103/RevModPhys.37.458},
  volume = {37},
  year = {1965}
}

@article{RevModPhys.37.46,
  author = {EWALD, P. P.},
  doi = {10.1103/RevModPhys.37.46},
  issue = {1},
  journal = {Rev. Mod. Phys.},
  month = {Jan},
  numpages = {0},
  openalex = {W2057475375},
  pages = {46–56},
  publisher = {American Physical Society},
  title = {Crystal Optics for Visible Light and X Rays},
  url = {https://link.aps.org/doi/10.1103/RevModPhys.37.46},
  volume = {37},
  year = {1965}
}

@article{RevModPhys.37.460,
  author = {SELOVE, W.},
  doi = {10.1103/RevModPhys.37.460},
  issue = {3},
  journal = {Rev. Mod. Phys.},
  month = {Jul},
  numpages = {0},
  openalex = {W2079078783},
  pages = {460–472},
  publisher = {American Physical Society},
  title = {Some Aspects of Final-State Interaction Studies at High Energies},
  url = {https://link.aps.org/doi/10.1103/RevModPhys.37.460},
  volume = {37},
  year = {1965}
}

@article{RevModPhys.37.473,
  author = {ADAIR, ROBERT K.},
  doi = {10.1103/RevModPhys.37.473},
  issue = {3},
  journal = {Rev. Mod. Phys.},
  month = {Jul},
  numpages = {0},
  openalex = {W2001735250},
  pages = {473–483},
  publisher = {American Physical Society},
  title = {Problems in the Analyses of Final-State Resonances},
  url = {https://link.aps.org/doi/10.1103/RevModPhys.37.473},
  volume = {37},
  year = {1965}
}

@article{RevModPhys.37.484,
  author = {JACKSON, J. D.},
  doi = {10.1103/RevModPhys.37.484},
  issue = {3},
  journal = {Rev. Mod. Phys.},
  month = {Jul},
  numpages = {0},
  openalex = {W2050609351},
  pages = {484–500},
  publisher = {American Physical Society},
  title = {Peripheral Production and Decay Correlations of Resonances},
  url = {https://link.aps.org/doi/10.1103/RevModPhys.37.484},
  volume = {37},
  year = {1965}
}

@article{RevModPhys.37.501,
  author = {DONOVAN, PAUL F.},
  doi = {10.1103/RevModPhys.37.501},
  issue = {3},
  journal = {Rev. Mod. Phys.},
  month = {Jul},
  numpages = {0},
  openalex = {W2031743759},
  pages = {501–511},
  publisher = {American Physical Society},
  title = {Experimental Investigations of Several Few-Nucleon Systems},
  url = {https://link.aps.org/doi/10.1103/RevModPhys.37.501},
  volume = {37},
  year = {1965}
}

@article{RevModPhys.37.512,
  author = {MEYERHOF, W. E.},
  doi = {10.1103/RevModPhys.37.512},
  issue = {3},
  journal = {Rev. Mod. Phys.},
  month = {Jul},
  numpages = {0},
  openalex = {W2076622537},
  pages = {512–515},
  publisher = {American Physical Society},
  title = {Comparison of Excited State of Helium 4 from Two Different Reactions},
  url = {https://link.aps.org/doi/10.1103/RevModPhys.37.512},
  volume = {37},
  year = {1965}
}

@article{RevModPhys.37.516,
  author = {AARON, R. and AMADO, R. D. and YAM, Y. Y.},
  doi = {10.1103/RevModPhys.37.516},
  issue = {3},
  journal = {Rev. Mod. Phys.},
  month = {Jul},
  numpages = {0},
  openalex = {W2048354743},
  pages = {516–518},
  publisher = {American Physical Society},
  title = {Theory of the Three-Nucleon System},
  url = {https://link.aps.org/doi/10.1103/RevModPhys.37.516},
  volume = {37},
  year = {1965}
}

@article{RevModPhys.37.519,
  author = {KIM, Y. E. and KANE, J. V.},
  doi = {10.1103/RevModPhys.37.519},
  issue = {3},
  journal = {Rev. Mod. Phys.},
  month = {Jul},
  numpages = {0},
  pages = {519–522},
  publisher = {American Physical Society},
  title = {Some Work on the Theoretical Interpretation of the Reaction D+PP+P+N},
  url = {https://link.aps.org/doi/10.1103/RevModPhys.37.519},
  volume = {37},
  year = {1965}
}

@article{RevModPhys.37.523,
  author = {SIMPSON, W. D. and BRONSON, J. D. and JACKSON, W. R. and PHILLIPS, G. C.},
  doi = {10.1103/RevModPhys.37.523},
  issue = {3},
  journal = {Rev. Mod. Phys.},
  month = {Jul},
  numpages = {0},
  pages = {523–528},
  publisher = {American Physical Society},
  title = {Energy-Angular Correlations and Sequential Decay in the ^2H(p, 2p)n and ^1H(d, 2p)n Reactions},
  url = {https://link.aps.org/doi/10.1103/RevModPhys.37.523},
  volume = {37},
  year = {1965}
}

@article{RevModPhys.37.528,
  author = {BUNCH, S. M. and KIM, C. C. and FORSTER, H. H.},
  doi = {10.1103/RevModPhys.37.528},
  issue = {3},
  journal = {Rev. Mod. Phys.},
  month = {Jul},
  numpages = {0},
  pages = {528–530},
  publisher = {American Physical Society},
  title = {D(p, 2p)n Reaction at 31 MeV},
  url = {https://link.aps.org/doi/10.1103/RevModPhys.37.528},
  volume = {37},
  year = {1965}
}

@article{RevModPhys.37.531,
  author = {CARLSON, RICHARD F.},
  doi = {10.1103/RevModPhys.37.531},
  issue = {3},
  journal = {Rev. Mod. Phys.},
  month = {Jul},
  numpages = {0},
  openalex = {W2080306634},
  pages = {531–532},
  publisher = {American Physical Society},
  title = {Proton Disintegration of the Deuteron—A Test of the Chew-Low Extrapolation Method},
  url = {https://link.aps.org/doi/10.1103/RevModPhys.37.531},
  volume = {37},
  year = {1965}
}

@article{RevModPhys.37.533,
  author = {ESTEN, M. J. and GRIFFITH, T. C. and LUSH, G. J. and METHERINGHAM, A. J.},
  doi = {10.1103/RevModPhys.37.533},
  issue = {3},
  journal = {Rev. Mod. Phys.},
  month = {Jul},
  numpages = {0},
  openalex = {W2035714156},
  pages = {533–536},
  publisher = {American Physical Society},
  title = {Inelastic Proton-Deuteron Scattering at 135 MeV},
  url = {https://link.aps.org/doi/10.1103/RevModPhys.37.533},
  volume = {37},
  year = {1965}
}

@article{RevModPhys.37.537,
  author = {COHEN, E. RICHARD and DuMOND, JESSE W. M.},
  doi = {10.1103/RevModPhys.37.537},
  issue = {4},
  journal = {Rev. Mod. Phys.},
  month = {Oct},
  numpages = {0},
  pages = {537–594},
  publisher = {American Physical Society},
  title = {Our Knowledge of the Fundamental Constants of Physics and Chemistry in 1965},
  url = {https://link.aps.org/doi/10.1103/RevModPhys.37.537},
  volume = {37},
  year = {1965}
}

@article{RevModPhys.37.57,
  author = {WALLACE, DUANE C.},
  doi = {10.1103/RevModPhys.37.57},
  issue = {1},
  journal = {Rev. Mod. Phys.},
  month = {Jan},
  numpages = {0},
  openalex = {W1986808833},
  pages = {57–67},
  publisher = {American Physical Society},
  title = {Lattice Dynamics and Elasticity of Stressed Crystals},
  url = {https://link.aps.org/doi/10.1103/RevModPhys.37.57},
  volume = {37},
  year = {1965}
}

@article{RevModPhys.37.595,
  author = {HOUTAPPEL, R. M. F. and VAN DAM, H. and WIGNER, E. P.},
  doi = {10.1103/RevModPhys.37.595},
  issue = {4},
  journal = {Rev. Mod. Phys.},
  month = {Oct},
  numpages = {0},
  openalex = {W2043087744},
  pages = {595–632},
  publisher = {American Physical Society},
  title = {The Conceptual Basis and Use of the Geometric Invariance Principles},
  url = {https://link.aps.org/doi/10.1103/RevModPhys.37.595},
  volume = {37},
  year = {1965}
}

@article{RevModPhys.37.633,
  author = {ROSENFELD, ARTHUR H. and BARBARO-GALTIERI, ANGELA and BARKAS, WALTER H. and BASTIEN, PIERRE L. and KIRZ, JANOS and ROOS, MATTS},
  doi = {10.1103/RevModPhys.37.633},
  issue = {4},
  journal = {Rev. Mod. Phys.},
  month = {Oct},
  numpages = {0},
  openalex = {W2916440544},
  pages = {633–651},
  publisher = {American Physical Society},
  title = {Data on Particles and Resonant States},
  url = {https://link.aps.org/doi/10.1103/RevModPhys.37.633},
  volume = {37},
  year = {1965}
}

@article{RevModPhys.37.652,
  author = {ALFVÉN, H.},
  doi = {10.1103/RevModPhys.37.652},
  issue = {4},
  journal = {Rev. Mod. Phys.},
  month = {Oct},
  numpages = {0},
  openalex = {W2032229098},
  pages = {652–665},
  publisher = {American Physical Society},
  title = {Antimatter and the Development of the Metagalaxy},
  url = {https://link.aps.org/doi/10.1103/RevModPhys.37.652},
  volume = {37},
  year = {1965}
}

@article{RevModPhys.37.666,
  author = {SCHNITZER, HOWARD J.},
  doi = {10.1103/RevModPhys.37.666},
  issue = {4},
  journal = {Rev. Mod. Phys.},
  month = {Oct},
  numpages = {0},
  openalex = {W2026289723},
  pages = {666–678},
  publisher = {American Physical Society},
  title = {Dispersion Relations and Direct Nuclear Reactions},
  url = {https://link.aps.org/doi/10.1103/RevModPhys.37.666},
  volume = {37},
  year = {1965}
}

@article{RevModPhys.37.679,
  author = {TAMURA, TARO},
  doi = {10.1103/RevModPhys.37.679},
  issue = {4},
  journal = {Rev. Mod. Phys.},
  month = {Oct},
  numpages = {0},
  openalex = {W1996191818},
  pages = {679–708},
  publisher = {American Physical Society},
  title = {Analyses of the Scattering of Nuclear Particles by Collective Nuclei in Terms of the Coupled-Channel Calculation},
  url = {https://link.aps.org/doi/10.1103/RevModPhys.37.679},
  volume = {37},
  year = {1965}
}

@article{RevModPhys.37.68,
  author = {SLATER, J. C.},
  doi = {10.1103/RevModPhys.37.68},
  issue = {1},
  journal = {Rev. Mod. Phys.},
  month = {Jan},
  numpages = {0},
  openalex = {W2038403905},
  pages = {68–83},
  publisher = {American Physical Society},
  title = {Space Groups and Wave-Function Symmetry in Crystals},
  url = {https://link.aps.org/doi/10.1103/RevModPhys.37.68},
  volume = {37},
  year = {1965}
}

@article{RevModPhys.37.709,
  author = {LYTH, D. H.},
  doi = {10.1103/RevModPhys.37.709},
  issue = {4},
  journal = {Rev. Mod. Phys.},
  month = {Oct},
  numpages = {0},
  openalex = {W2068754796},
  pages = {709–723},
  publisher = {American Physical Society},
  title = {Fixed Variable Dispersion Relations for the Pion-Nucleon System},
  url = {https://link.aps.org/doi/10.1103/RevModPhys.37.709},
  volume = {37},
  year = {1965}
}

@article{RevModPhys.37.724,
  author = {GROSS, ROBERT A.},
  doi = {10.1103/RevModPhys.37.724},
  issue = {4},
  journal = {Rev. Mod. Phys.},
  month = {Oct},
  numpages = {0},
  openalex = {W2114004048},
  pages = {724–743},
  publisher = {American Physical Society},
  title = {Strong Ionizing Shock Waves},
  url = {https://link.aps.org/doi/10.1103/RevModPhys.37.724},
  volume = {37},
  year = {1965}
}

@article{RevModPhys.37.743,
  author = {MASON, D. E.},
  doi = {10.1103/RevModPhys.37.743},
  issue = {4},
  journal = {Rev. Mod. Phys.},
  month = {Oct},
  numpages = {0},
  openalex = {W2064525046},
  pages = {743–762},
  publisher = {American Physical Society},
  title = {Stimulation of Zinc Sulfide and Similar Inorganic Phosphors},
  url = {https://link.aps.org/doi/10.1103/RevModPhys.37.743},
  volume = {37},
  year = {1965}
}

@article{RevModPhys.37.762,
  author = {STECKI, J. and TAYLOR, H. S.},
  doi = {10.1103/RevModPhys.37.762},
  issue = {4},
  journal = {Rev. Mod. Phys.},
  month = {Oct},
  numpages = {0},
  openalex = {W1971167010},
  pages = {762–773},
  publisher = {American Physical Society},
  title = {On the Areas of Equivalence of the Bogoliubov Theory and the Prigogine Theory of Irreversible Processes in Classical Gases},
  url = {https://link.aps.org/doi/10.1103/RevModPhys.37.762},
  volume = {37},
  year = {1965}
}

@article{RevModPhys.37.84,
  author = {McVOY, KIRK W.},
  doi = {10.1103/RevModPhys.37.84},
  issue = {1},
  journal = {Rev. Mod. Phys.},
  month = {Jan},
  numpages = {0},
  openalex = {W2065722592},
  pages = {84–104},
  publisher = {American Physical Society},
  title = {Symmetry Groups in Physics},
  url = {https://link.aps.org/doi/10.1103/RevModPhys.37.84},
  volume = {37},
  year = {1965}
}
