@article{RevModPhys.39.1,
  author = {ROSENFELD, ARTHUR H. and BARBARO-GALTIERI, ANGELA and PODOLSKY, WILLIAM J. and PRICE, LEROY R. and SODING, PAUL and WOHL, CHARLES G. and ROOS, MATTS and WILLIS, WILLIAM J.},
  doi = {10.1103/RevModPhys.39.1},
  issue = {1},
  journal = {Rev. Mod. Phys.},
  month = {Jan},
  numpages = {0},
  openalex = {W3126206051},
  pages = {1–51},
  publisher = {American Physical Society},
  title = {Data on Particles and Resonant States},
  url = {https://link.aps.org/doi/10.1103/RevModPhys.39.1},
  volume = {39},
  year = {1967}
}

@article{RevModPhys.39.125,
  author = {BEARDEN, J. A. and BURR, A. F.},
  doi = {10.1103/RevModPhys.39.125},
  issue = {1},
  journal = {Rev. Mod. Phys.},
  month = {Jan},
  numpages = {0},
  openalex = {W2067537996},
  pages = {125–142},
  publisher = {American Physical Society},
  title = {Reevaluation of X-Ray Atomic Energy Levels},
  url = {https://link.aps.org/doi/10.1103/RevModPhys.39.125},
  volume = {39},
  year = {1967}
}

@article{RevModPhys.39.143,
  author = {CHOU, TSU-TEH and DRESDEN, MAX},
  doi = {10.1103/RevModPhys.39.143},
  issue = {1},
  journal = {Rev. Mod. Phys.},
  month = {Jan},
  numpages = {0},
  openalex = {W1987015868},
  pages = {143–166},
  publisher = {American Physical Society},
  title = {S-Matrix Theory of Electromagnetic Interactions},
  url = {https://link.aps.org/doi/10.1103/RevModPhys.39.143},
  volume = {39},
  year = {1967}
}

@article{RevModPhys.39.167,
  author = {COOPER, J.},
  doi = {10.1103/RevModPhys.39.167},
  issue = {1},
  journal = {Rev. Mod. Phys.},
  month = {Jan},
  numpages = {0},
  openalex = {W2057292407},
  pages = {167–177},
  publisher = {American Physical Society},
  title = {Broadening of Isolated Lines in the Impact Approximation Using a Density Matrix Formulation},
  url = {https://link.aps.org/doi/10.1103/RevModPhys.39.167},
  volume = {39},
  year = {1967}
}

@article{RevModPhys.39.178,
  author = {CSONKA, PAUL L. and MORAVCSIK, MICHAEL J. and SCADRON, MICHAEL D.},
  doi = {10.1103/RevModPhys.39.178},
  issue = {1},
  journal = {Rev. Mod. Phys.},
  month = {Jan},
  numpages = {0},
  openalex = {W2066242375},
  pages = {178–202},
  publisher = {American Physical Society},
  title = {Non-Dynamical Structure of Photoproduction Processes},
  url = {https://link.aps.org/doi/10.1103/RevModPhys.39.178},
  volume = {39},
  year = {1967}
}

@article{RevModPhys.39.203,
  author = {MUSHER, JEREMY I.},
  doi = {10.1103/RevModPhys.39.203},
  issue = {1},
  journal = {Rev. Mod. Phys.},
  month = {Jan},
  numpages = {0},
  openalex = {W1987863395},
  pages = {203–227},
  publisher = {American Physical Society},
  title = {Approximate Wave Functions for Molecules and Crystals Using Perturbation Theory},
  url = {https://link.aps.org/doi/10.1103/RevModPhys.39.203},
  volume = {39},
  year = {1967}
}

@article{RevModPhys.39.228,
  author = {SILVERMAN, JEREMIAH N. and BRIGMAN, GEORGE H.},
  doi = {10.1103/RevModPhys.39.228},
  issue = {1},
  journal = {Rev. Mod. Phys.},
  month = {Jan},
  numpages = {0},
  openalex = {W1973693973},
  pages = {228–244},
  publisher = {American Physical Society},
  title = {A Comparative Study of Atomic Variational Wave Functions},
  url = {https://link.aps.org/doi/10.1103/RevModPhys.39.228},
  volume = {39},
  year = {1967}
}

@article{RevModPhys.39.245,
  author = {McVOY, K. W. and HELLER, L. and BOLSTERLI, M.},
  doi = {10.1103/RevModPhys.39.245},
  issue = {1},
  journal = {Rev. Mod. Phys.},
  month = {Jan},
  numpages = {0},
  openalex = {W1973460815},
  pages = {245–258},
  publisher = {American Physical Society},
  title = {Optical Analysis of Potential Well Resonances},
  url = {https://link.aps.org/doi/10.1103/RevModPhys.39.245},
  volume = {39},
  year = {1967}
}

@article{RevModPhys.39.259,
  author = {LÖWDIN, PER-OLOV},
  doi = {10.1103/RevModPhys.39.259},
  issue = {2},
  journal = {Rev. Mod. Phys.},
  month = {Apr},
  numpages = {0},
  openalex = {W2135735197},
  pages = {259–287},
  publisher = {American Physical Society},
  title = {Group Algebra, Convolution Algebra, and Applications to Quantum Mechanics},
  url = {https://link.aps.org/doi/10.1103/RevModPhys.39.259},
  volume = {39},
  year = {1967}
}

@article{RevModPhys.39.288,
  author = {MASSOT, J. -N. and EL-BAZ, E. and LAFOUCRIÈRE, J.},
  doi = {10.1103/RevModPhys.39.288},
  issue = {2},
  journal = {Rev. Mod. Phys.},
  month = {Apr},
  numpages = {0},
  openalex = {W2067020322},
  pages = {288–305},
  publisher = {American Physical Society},
  title = {A General Graphical Method for Angular Momentum},
  url = {https://link.aps.org/doi/10.1103/RevModPhys.39.288},
  volume = {39},
  year = {1967}
}

@article{RevModPhys.39.306,
  author = {ROSE, H. J. and BRINK, D. M.},
  doi = {10.1103/RevModPhys.39.306},
  issue = {2},
  journal = {Rev. Mod. Phys.},
  month = {Apr},
  numpages = {0},
  openalex = {W2084341024},
  pages = {306–347},
  publisher = {American Physical Society},
  title = {Angular Distributions of Gamma Rays in Terms of Phase-Defined Reduced Matrix Elements},
  url = {https://link.aps.org/doi/10.1103/RevModPhys.39.306},
  volume = {39},
  year = {1967}
}

@article{RevModPhys.39.348,
  author = {RHODES, WILLIAM and CHASE, MALCOLM},
  doi = {10.1103/RevModPhys.39.348},
  issue = {2},
  journal = {Rev. Mod. Phys.},
  month = {Apr},
  numpages = {0},
  openalex = {W2009577458},
  pages = {348–361},
  publisher = {American Physical Society},
  title = {Generalized Susceptibility Theory I. Theories of Hypochromism},
  url = {https://link.aps.org/doi/10.1103/RevModPhys.39.348},
  volume = {39},
  year = {1967}
}

@article{RevModPhys.39.361,
  author = {CALKIN, M. G. and NICHOLSON, P. J.},
  doi = {10.1103/RevModPhys.39.361},
  issue = {2},
  journal = {Rev. Mod. Phys.},
  month = {Apr},
  numpages = {0},
  pages = {361–372},
  publisher = {American Physical Society},
  title = {Electrodynamics of a Semiclassical Free-Electron Gas},
  url = {https://link.aps.org/doi/10.1103/RevModPhys.39.361},
  volume = {39},
  year = {1967}
}

@article{RevModPhys.39.373,
  author = {GLYDE, H. R.},
  doi = {10.1103/RevModPhys.39.373},
  issue = {2},
  journal = {Rev. Mod. Phys.},
  month = {Apr},
  numpages = {0},
  openalex = {W2082202188},
  pages = {373–382},
  publisher = {American Physical Society},
  title = {Rate Processes in Solids},
  url = {https://link.aps.org/doi/10.1103/RevModPhys.39.373},
  volume = {39},
  year = {1967}
}

@article{RevModPhys.39.383,
  author = {MANCHESTER, F. D.},
  doi = {10.1103/RevModPhys.39.383},
  issue = {2},
  journal = {Rev. Mod. Phys.},
  month = {Apr},
  numpages = {0},
  openalex = {W2054893304},
  pages = {383–394},
  publisher = {American Physical Society},
  title = {Solid Layers in the Adsorbed Helium Film and Mobility of the Film at Low Coverages},
  url = {https://link.aps.org/doi/10.1103/RevModPhys.39.383},
  volume = {39},
  year = {1967}
}

@article{RevModPhys.39.395,
  author = {KADANOFF, LEO P. and GÖTZE, WOLFGANG and HAMBLEN, DAVID and HECHT, ROBERT and LEWIS, E. A. S. and PALCIAUSKAS, V. V. and RAYL, MARTIN and SWIFT, J. and ASPNES, DAVID and KANE, JOSEPH},
  doi = {10.1103/RevModPhys.39.395},
  issue = {2},
  journal = {Rev. Mod. Phys.},
  month = {Apr},
  numpages = {0},
  openalex = {W4255169706},
  pages = {395–431},
  publisher = {American Physical Society},
  title = {Static Phenomena Near Critical Points: Theory and Experiment},
  url = {https://link.aps.org/doi/10.1103/RevModPhys.39.395},
  volume = {39},
  year = {1967}
}

@article{RevModPhys.39.432,
  author = {ZERNIK, WOLFGANG},
  doi = {10.1103/RevModPhys.39.432},
  issue = {2},
  journal = {Rev. Mod. Phys.},
  month = {Apr},
  numpages = {0},
  openalex = {W2034145722},
  pages = {432–439},
  publisher = {American Physical Society},
  title = {Theory of Infrared Optical Properties of Fluorite Crystals},
  url = {https://link.aps.org/doi/10.1103/RevModPhys.39.432},
  volume = {39},
  year = {1967}
}

@article{RevModPhys.39.439,
  author = {SHORE, BRUCE W.},
  doi = {10.1103/RevModPhys.39.439},
  issue = {2},
  journal = {Rev. Mod. Phys.},
  month = {Apr},
  numpages = {0},
  openalex = {W1989715556},
  pages = {439–462},
  publisher = {American Physical Society},
  title = {Scattering Theory of Absorption-Line Profiles and Refractivity},
  url = {https://link.aps.org/doi/10.1103/RevModPhys.39.439},
  volume = {39},
  year = {1967}
}

@article{RevModPhys.39.463,
  author = {BUNGE, MARIO},
  doi = {10.1103/RevModPhys.39.463},
  issue = {2},
  journal = {Rev. Mod. Phys.},
  month = {Apr},
  numpages = {0},
  openalex = {W4243745961},
  pages = {463–474},
  publisher = {American Physical Society},
  title = {Physical Axiomatics},
  url = {https://link.aps.org/doi/10.1103/RevModPhys.39.463},
  volume = {39},
  year = {1967}
}

@article{RevModPhys.39.475,
  author = {POST, E. J.},
  doi = {10.1103/RevModPhys.39.475},
  issue = {2},
  journal = {Rev. Mod. Phys.},
  month = {Apr},
  numpages = {0},
  openalex = {W4241733850},
  pages = {475–493},
  publisher = {American Physical Society},
  title = {Sagnac Effect},
  url = {https://link.aps.org/doi/10.1103/RevModPhys.39.475},
  volume = {39},
  year = {1967}
}

@article{RevModPhys.39.494,
  author = {ANDRONIKASHVILI, E. L. and MAMALADZE, YU. G.},
  doi = {10.1103/RevModPhys.39.494},
  issue = {2},
  journal = {Rev. Mod. Phys.},
  month = {Apr},
  numpages = {0},
  openalex = {W4245214981},
  pages = {494–494},
  publisher = {American Physical Society},
  title = {Erratum: Quantization of Macroscopic Motions and Hydrodynamics of Rotating Helium II},
  url = {https://link.aps.org/doi/10.1103/RevModPhys.39.494},
  volume = {39},
  year = {1967}
}

@article{RevModPhys.39.495,
  author = {Anonymous},
  doi = {10.1103/RevModPhys.39.495},
  issue = {3},
  journal = {Rev. Mod. Phys.},
  month = {Jul},
  numpages = {0},
  pages = {495–497},
  publisher = {American Physical Society},
  title = {Introduction},
  url = {https://link.aps.org/doi/10.1103/RevModPhys.39.495},
  volume = {39},
  year = {1967}
}

@article{RevModPhys.39.498,
  author = {GREEN, ALEX E. S. and MACGREGOR, MALCOLM H. and WILSON, RICHARD},
  doi = {10.1103/RevModPhys.39.498},
  issue = {3},
  journal = {Rev. Mod. Phys.},
  month = {Jul},
  numpages = {0},
  pages = {498–508},
  publisher = {American Physical Society},
  title = {The NN Interaction, 1967—An Overview and Conference Summary},
  url = {https://link.aps.org/doi/10.1103/RevModPhys.39.498},
  volume = {39},
  year = {1967}
}

@article{RevModPhys.39.509,
  author = {KAZARINOV, YU. M.},
  doi = {10.1103/RevModPhys.39.509},
  issue = {3},
  journal = {Rev. Mod. Phys.},
  month = {Jul},
  numpages = {0},
  openalex = {W2091617323},
  pages = {509–512},
  publisher = {American Physical Society},
  title = {Experimental Investigations of the Nucleon-Nucleon Interaction at 600-650 MeV},
  url = {https://link.aps.org/doi/10.1103/RevModPhys.39.509},
  volume = {39},
  year = {1967}
}

@article{RevModPhys.39.513,
  author = {THORNDIKE, EDWARD H.},
  doi = {10.1103/RevModPhys.39.513},
  issue = {3},
  journal = {Rev. Mod. Phys.},
  month = {Jul},
  numpages = {0},
  openalex = {W2056514937},
  pages = {513–522},
  publisher = {American Physical Society},
  title = {Experimental Aspects of Nucleon-Nucleon Scattering near 210 MeV—A Critical Review},
  url = {https://link.aps.org/doi/10.1103/RevModPhys.39.513},
  volume = {39},
  year = {1967}
}

@article{RevModPhys.39.52,
  author = {KANE, P. P. and BASAVARAJU, G.},
  doi = {10.1103/RevModPhys.39.52},
  issue = {1},
  journal = {Rev. Mod. Phys.},
  month = {Jan},
  numpages = {0},
  openalex = {W1983231696},
  pages = {52–58},
  publisher = {American Physical Society},
  title = {Possibilities of Observation of Nonlinear Quantum Electrodynamic Effects in Vacuum},
  url = {https://link.aps.org/doi/10.1103/RevModPhys.39.52},
  volume = {39},
  year = {1967}
}

@article{RevModPhys.39.523,
  author = {MICHALOWICZ, A.},
  doi = {10.1103/RevModPhys.39.523},
  issue = {3},
  journal = {Rev. Mod. Phys.},
  month = {Jul},
  numpages = {0},
  openalex = {W1977267618},
  pages = {523–525},
  publisher = {American Physical Society},
  title = {A Survey of Experimental Results on Nucleon-Nucleon Scattering Work Done by the Orsay Group},
  url = {https://link.aps.org/doi/10.1103/RevModPhys.39.523},
  volume = {39},
  year = {1967}
}

@article{RevModPhys.39.526,
  author = {CHENG, DAVID},
  doi = {10.1103/RevModPhys.39.526},
  issue = {3},
  journal = {Rev. Mod. Phys.},
  month = {Jul},
  numpages = {0},
  openalex = {W2036127679},
  pages = {526–530},
  publisher = {American Physical Society},
  title = {Nucleon-Nucleon Scattering Experiments at Intermediate Energies in Berkeley},
  url = {https://link.aps.org/doi/10.1103/RevModPhys.39.526},
  volume = {39},
  year = {1967}
}

@article{RevModPhys.39.531,
  author = {DUCROS, Y.},
  doi = {10.1103/RevModPhys.39.531},
  issue = {3},
  journal = {Rev. Mod. Phys.},
  month = {Jul},
  numpages = {0},
  pages = {531–533},
  publisher = {American Physical Society},
  title = {Polarization and C_NN Measurements between 0.5 and 1.2 GeV},
  url = {https://link.aps.org/doi/10.1103/RevModPhys.39.531},
  volume = {39},
  year = {1967}
}

@article{RevModPhys.39.534,
  author = {CATILLON, P.},
  doi = {10.1103/RevModPhys.39.534},
  issue = {3},
  journal = {Rev. Mod. Phys.},
  month = {Jul},
  numpages = {0},
  pages = {534–535},
  publisher = {American Physical Society},
  title = {Spin-Correlation Parameters in pp Scattering},
  url = {https://link.aps.org/doi/10.1103/RevModPhys.39.534},
  volume = {39},
  year = {1967}
}

@article{RevModPhys.39.536,
  author = {BERETVAS, A. and BOOTH, N. E. and DOLNICK, C. and ESTERLING, R. J. and HILL, R. E. and SCHEID, J. and SHERDEN, D. and YOKOSAWA, A.},
  doi = {10.1103/RevModPhys.39.536},
  issue = {3},
  journal = {Rev. Mod. Phys.},
  month = {Jul},
  numpages = {0},
  pages = {536–537},
  publisher = {American Physical Society},
  title = {Measurements of C_NN in Proton-Proton Scattering},
  url = {https://link.aps.org/doi/10.1103/RevModPhys.39.536},
  volume = {39},
  year = {1967}
}

@article{RevModPhys.39.538,
  author = {WHITEHEAD, C.},
  doi = {10.1103/RevModPhys.39.538},
  issue = {3},
  journal = {Rev. Mod. Phys.},
  month = {Jul},
  numpages = {0},
  openalex = {W2018590939},
  pages = {538–541},
  publisher = {American Physical Society},
  title = {Present and Future Work with the Harwell Synchrocyclotron},
  url = {https://link.aps.org/doi/10.1103/RevModPhys.39.538},
  volume = {39},
  year = {1967}
}

@article{RevModPhys.39.542,
  author = {SIMMONS, J. E.},
  doi = {10.1103/RevModPhys.39.542},
  issue = {3},
  journal = {Rev. Mod. Phys.},
  month = {Jul},
  numpages = {0},
  openalex = {W2065754110},
  pages = {542–545},
  publisher = {American Physical Society},
  title = {Low-Energy Neutron-Proton Polarization Experiments},
  url = {https://link.aps.org/doi/10.1103/RevModPhys.39.542},
  volume = {39},
  year = {1967}
}

@article{RevModPhys.39.546,
  author = {HOUK, THEODORE L. and WILSON, RICHARD},
  doi = {10.1103/RevModPhys.39.546},
  issue = {3},
  journal = {Rev. Mod. Phys.},
  month = {Jul},
  numpages = {0},
  openalex = {W2052907469},
  pages = {546–547},
  publisher = {American Physical Society},
  title = {Measurements of the Neutron-Proton and Neutron-Carbon Total Cross Sections at Electron-Volt Energies},
  url = {https://link.aps.org/doi/10.1103/RevModPhys.39.546},
  volume = {39},
  year = {1967}
}

@article{RevModPhys.39.548,
  author = {HOSHIZAKI, NORIO},
  doi = {10.1103/RevModPhys.39.548},
  issue = {3},
  journal = {Rev. Mod. Phys.},
  month = {Jul},
  numpages = {0},
  openalex = {W2016416050},
  pages = {548–549},
  publisher = {American Physical Society},
  title = {Recent pp Measurements at INS, Tokyo, and pp Phase Shifts at 50 MeV—Preliminary Results},
  url = {https://link.aps.org/doi/10.1103/RevModPhys.39.548},
  volume = {39},
  year = {1967}
}

@article{RevModPhys.39.550,
  author = {PERRING, J. K.},
  doi = {10.1103/RevModPhys.39.550},
  issue = {3},
  journal = {Rev. Mod. Phys.},
  month = {Jul},
  numpages = {0},
  openalex = {W1982256524},
  pages = {550–555},
  publisher = {American Physical Society},
  title = {Phase-Shift Analysis at Harwell},
  url = {https://link.aps.org/doi/10.1103/RevModPhys.39.550},
  volume = {39},
  year = {1967}
}

@article{RevModPhys.39.556,
  author = {MACGREGOR, MALCOLM H.},
  doi = {10.1103/RevModPhys.39.556},
  issue = {3},
  journal = {Rev. Mod. Phys.},
  month = {Jul},
  numpages = {0},
  pages = {556–559},
  publisher = {American Physical Society},
  title = {Determination of the pp Elastic Scattering Matrix},
  url = {https://link.aps.org/doi/10.1103/RevModPhys.39.556},
  volume = {39},
  year = {1967}
}

@article{RevModPhys.39.560,
  author = {BREIT, G.},
  doi = {10.1103/RevModPhys.39.560},
  issue = {3},
  journal = {Rev. Mod. Phys.},
  month = {Jul},
  numpages = {0},
  pages = {560–570},
  publisher = {American Physical Society},
  title = {Phenomenological Phase—Parameter Fits to NN Data at Intermediate Energies},
  url = {https://link.aps.org/doi/10.1103/RevModPhys.39.560},
  volume = {39},
  year = {1967}
}

@article{RevModPhys.39.571,
  author = {KAZARINOV, YU. M. and LEHAR, F. and JANOUT, Z.},
  doi = {10.1103/RevModPhys.39.571},
  issue = {3},
  journal = {Rev. Mod. Phys.},
  month = {Jul},
  numpages = {0},
  openalex = {W2614121712},
  pages = {571–573},
  publisher = {American Physical Society},
  title = {Phase-Shift Analysis of Data on Nucleon-Nucleon Scattering at Low Energies},
  url = {https://link.aps.org/doi/10.1103/RevModPhys.39.571},
  volume = {39},
  year = {1967}
}

@article{RevModPhys.39.574,
  author = {Anonymous},
  doi = {10.1103/RevModPhys.39.574},
  issue = {3},
  journal = {Rev. Mod. Phys.},
  month = {Jul},
  numpages = {0},
  pages = {574–574},
  publisher = {American Physical Society},
  title = {Abstracts of Contributed Papers in Session B},
  url = {https://link.aps.org/doi/10.1103/RevModPhys.39.574},
  volume = {39},
  year = {1967}
}

@article{RevModPhys.39.575,
  author = {ŠŠLAUS, IVO},
  doi = {10.1103/RevModPhys.39.575},
  issue = {3},
  journal = {Rev. Mod. Phys.},
  month = {Jul},
  numpages = {0},
  openalex = {W2045136238},
  pages = {575–583},
  publisher = {American Physical Society},
  title = {Neutron-Neutron Interaction},
  url = {https://link.aps.org/doi/10.1103/RevModPhys.39.575},
  volume = {39},
  year = {1967}
}

@article{RevModPhys.39.584,
  author = {HELLER, LEON},
  doi = {10.1103/RevModPhys.39.584},
  issue = {3},
  journal = {Rev. Mod. Phys.},
  month = {Jul},
  numpages = {0},
  openalex = {W1999834040},
  pages = {584–590},
  publisher = {American Physical Society},
  title = {Interaction of Two Nucleons at Low Energies. I=1},
  url = {https://link.aps.org/doi/10.1103/RevModPhys.39.584},
  volume = {39},
  year = {1967}
}

@article{RevModPhys.39.59,
  author = {BELL, GEORGE I.},
  doi = {10.1103/RevModPhys.39.59},
  issue = {1},
  journal = {Rev. Mod. Phys.},
  month = {Jan},
  numpages = {0},
  openalex = {W2034342652},
  pages = {59–68},
  publisher = {American Physical Society},
  title = {Cross Sections for Nucleosynthesis in Stars and Bombs},
  url = {https://link.aps.org/doi/10.1103/RevModPhys.39.59},
  volume = {39},
  year = {1967}
}

@article{RevModPhys.39.591,
  author = {LASSILA, K. E. and PELTOLA, E. I.},
  doi = {10.1103/RevModPhys.39.591},
  issue = {3},
  journal = {Rev. Mod. Phys.},
  month = {Jul},
  numpages = {0},
  openalex = {W2022766097},
  pages = {591–592},
  publisher = {American Physical Society},
  title = {Pion Instability in Nucleon-Nucleon Scattering},
  url = {https://link.aps.org/doi/10.1103/RevModPhys.39.591},
  volume = {39},
  year = {1967}
}

@article{RevModPhys.39.592,
  author = {Anonymous},
  doi = {10.1103/RevModPhys.39.592},
  issue = {3},
  journal = {Rev. Mod. Phys.},
  month = {Jul},
  numpages = {0},
  pages = {592–593},
  publisher = {American Physical Society},
  title = {Abstracts of Contributed Papers in Session C},
  url = {https://link.aps.org/doi/10.1103/RevModPhys.39.592},
  volume = {39},
  year = {1967}
}

@article{RevModPhys.39.594,
  author = {GREEN, A. E. S. and SAWADA, T.},
  doi = {10.1103/RevModPhys.39.594},
  issue = {3},
  journal = {Rev. Mod. Phys.},
  month = {Jul},
  numpages = {0},
  pages = {594–610},
  publisher = {American Physical Society},
  title = {Meson Theoretic NN Interactions for Nuclear Physics},
  url = {https://link.aps.org/doi/10.1103/RevModPhys.39.594},
  volume = {39},
  year = {1967}
}

@article{RevModPhys.39.611,
  author = {LOMON, E. and FESHBACH, H.},
  doi = {10.1103/RevModPhys.39.611},
  issue = {3},
  journal = {Rev. Mod. Phys.},
  month = {Jul},
  numpages = {0},
  openalex = {W2051936693},
  pages = {611–621},
  publisher = {American Physical Society},
  title = {A Nucleon-Nucleon Interaction Consistent with Theory and Experiment},
  url = {https://link.aps.org/doi/10.1103/RevModPhys.39.611},
  volume = {39},
  year = {1967}
}

@article{RevModPhys.39.622,
  author = {WONG, DAVID Y.},
  doi = {10.1103/RevModPhys.39.622},
  issue = {3},
  journal = {Rev. Mod. Phys.},
  month = {Jul},
  numpages = {0},
  openalex = {W2016109958},
  pages = {622–628},
  publisher = {American Physical Society},
  title = {Meson Theory of Nucleon—Nucleon Interaction},
  url = {https://link.aps.org/doi/10.1103/RevModPhys.39.622},
  volume = {39},
  year = {1967}
}

@article{RevModPhys.39.629,
  author = {TAMAGAKI, RYOZO},
  doi = {10.1103/RevModPhys.39.629},
  issue = {3},
  journal = {Rev. Mod. Phys.},
  month = {Jul},
  numpages = {0},
  openalex = {W2064025068},
  pages = {629–634},
  publisher = {American Physical Society},
  title = {Nucleon-Nucleon Interaction at Small Distances},
  url = {https://link.aps.org/doi/10.1103/RevModPhys.39.629},
  volume = {39},
  year = {1967}
}

@article{RevModPhys.39.635,
  author = {SIGNELL, PETER and DURSO, JOHN},
  doi = {10.1103/RevModPhys.39.635},
  issue = {3},
  journal = {Rev. Mod. Phys.},
  month = {Jul},
  numpages = {0},
  openalex = {W2034229326},
  pages = {635–639},
  publisher = {American Physical Society},
  title = {Nucleon-Nucleon Scattering, Pion-Nucleon Scattering, and the Nucleon Form Factors},
  url = {https://link.aps.org/doi/10.1103/RevModPhys.39.635},
  volume = {39},
  year = {1967}
}

@article{RevModPhys.39.640,
  author = {KÖPP, G.},
  doi = {10.1103/RevModPhys.39.640},
  issue = {3},
  journal = {Rev. Mod. Phys.},
  month = {Jul},
  numpages = {0},
  openalex = {W2106361675},
  pages = {640–647},
  publisher = {American Physical Society},
  title = {Meson-Nucleon Coupling Constants from Low-Energy Proton-Proton Scattering},
  url = {https://link.aps.org/doi/10.1103/RevModPhys.39.640},
  volume = {39},
  year = {1967}
}

@article{RevModPhys.39.648,
  author = {Anonymous},
  doi = {10.1103/RevModPhys.39.648},
  issue = {3},
  journal = {Rev. Mod. Phys.},
  month = {Jul},
  numpages = {0},
  pages = {648–648},
  publisher = {American Physical Society},
  title = {Abstracts of Contributed Papers in Session D},
  url = {https://link.aps.org/doi/10.1103/RevModPhys.39.648},
  volume = {39},
  year = {1967}
}

@article{RevModPhys.39.649,
  author = {AMALDI, U.},
  doi = {10.1103/RevModPhys.39.649},
  issue = {3},
  journal = {Rev. Mod. Phys.},
  month = {Jul},
  numpages = {0},
  openalex = {W2118247147},
  pages = {649–656},
  publisher = {American Physical Society},
  title = {Pion-Production Amplitudes and Nucleon-Nucleon Interaction},
  url = {https://link.aps.org/doi/10.1103/RevModPhys.39.649},
  volume = {39},
  year = {1967}
}

@article{RevModPhys.39.657,
  author = {MOSZKOWSKI, STEVEN A.},
  doi = {10.1103/RevModPhys.39.657},
  issue = {3},
  journal = {Rev. Mod. Phys.},
  month = {Jul},
  numpages = {0},
  openalex = {W2002985242},
  pages = {657–662},
  publisher = {American Physical Society},
  title = {Nuclear Structure and the Nucleon-Nucleon Interaction},
  url = {https://link.aps.org/doi/10.1103/RevModPhys.39.657},
  volume = {39},
  year = {1967}
}

@article{RevModPhys.39.663,
  author = {LEADER, E.},
  doi = {10.1103/RevModPhys.39.663},
  issue = {3},
  journal = {Rev. Mod. Phys.},
  month = {Jul},
  numpages = {0},
  openalex = {W2089080324},
  pages = {663–669},
  publisher = {American Physical Society},
  title = {Nucleon-Nucleon Interaction at High Energies},
  url = {https://link.aps.org/doi/10.1103/RevModPhys.39.663},
  volume = {39},
  year = {1967}
}

@article{RevModPhys.39.670,
  author = {MORAVCSIK, MICHAEL J.},
  doi = {10.1103/RevModPhys.39.670},
  issue = {3},
  journal = {Rev. Mod. Phys.},
  month = {Jul},
  numpages = {0},
  openalex = {W2074420762},
  pages = {670–680},
  publisher = {American Physical Society},
  title = {Two-Nucleon Interaction as a Research Tool in Particle Physics},
  url = {https://link.aps.org/doi/10.1103/RevModPhys.39.670},
  volume = {39},
  year = {1967}
}

@article{RevModPhys.39.681,
  author = {PHILLIPS, R. J. N.},
  doi = {10.1103/RevModPhys.39.681},
  issue = {3},
  journal = {Rev. Mod. Phys.},
  month = {Jul},
  numpages = {0},
  openalex = {W4232392561},
  pages = {681–688},
  publisher = {American Physical Society},
  title = {Antinuclear Forces},
  url = {https://link.aps.org/doi/10.1103/RevModPhys.39.681},
  volume = {39},
  year = {1967}
}

@article{RevModPhys.39.689,
  author = {LAPIDUS, L. I.},
  doi = {10.1103/RevModPhys.39.689},
  issue = {3},
  journal = {Rev. Mod. Phys.},
  month = {Jul},
  numpages = {0},
  pages = {689–694},
  publisher = {American Physical Society},
  title = {Ideas on New Experiments on Polarized Target},
  url = {https://link.aps.org/doi/10.1103/RevModPhys.39.689},
  volume = {39},
  year = {1967}
}

@article{RevModPhys.39.69,
  author = {PETERSON, ROBERT L.},
  doi = {10.1103/RevModPhys.39.69},
  issue = {1},
  journal = {Rev. Mod. Phys.},
  month = {Jan},
  numpages = {0},
  openalex = {W1991331262},
  pages = {69–77},
  publisher = {American Physical Society},
  title = {Formal Theory of Nonlinear Response},
  url = {https://link.aps.org/doi/10.1103/RevModPhys.39.69},
  volume = {39},
  year = {1967}
}

@article{RevModPhys.39.695,
  author = {WALKER, W. D.},
  doi = {10.1103/RevModPhys.39.695},
  issue = {3},
  journal = {Rev. Mod. Phys.},
  month = {Jul},
  numpages = {0},
  openalex = {W2039710560},
  pages = {695–699},
  publisher = {American Physical Society},
  title = {A Review of pi-pi Phase Shifts},
  url = {https://link.aps.org/doi/10.1103/RevModPhys.39.695},
  volume = {39},
  year = {1967}
}

@article{RevModPhys.39.699,
  author = {Anonymous},
  doi = {10.1103/RevModPhys.39.699},
  issue = {3},
  journal = {Rev. Mod. Phys.},
  month = {Jul},
  numpages = {0},
  pages = {699–699},
  publisher = {American Physical Society},
  title = {Abstracts of Contributed Papers in Session E},
  url = {https://link.aps.org/doi/10.1103/RevModPhys.39.699},
  volume = {39},
  year = {1967}
}

@article{RevModPhys.39.700,
  author = {HOSHIZAKI, NORIO},
  doi = {10.1103/RevModPhys.39.700},
  issue = {3},
  journal = {Rev. Mod. Phys.},
  month = {Jul},
  numpages = {0},
  openalex = {W2017216195},
  pages = {700–705},
  publisher = {American Physical Society},
  title = {Phenomenological Analysis of Proton-Proton Scattering in the Inelastic Region},
  url = {https://link.aps.org/doi/10.1103/RevModPhys.39.700},
  volume = {39},
  year = {1967}
}

@article{RevModPhys.39.706,
  author = {KAZARINOV, YU. M.},
  doi = {10.1103/RevModPhys.39.706},
  issue = {3},
  journal = {Rev. Mod. Phys.},
  month = {Jul},
  numpages = {0},
  openalex = {W1968262123},
  pages = {706–709},
  publisher = {American Physical Society},
  title = {Phase-Shift Analysis of Data and the Determination of the Scattering Amplitude in the Nucleon Energy Region Above Pion-Production Threshold},
  url = {https://link.aps.org/doi/10.1103/RevModPhys.39.706},
  volume = {39},
  year = {1967}
}

@article{RevModPhys.39.710,
  author = {ARNDT, RICHARD A.},
  doi = {10.1103/RevModPhys.39.710},
  issue = {3},
  journal = {Rev. Mod. Phys.},
  month = {Jul},
  numpages = {0},
  openalex = {W2019845367},
  pages = {710–715},
  publisher = {American Physical Society},
  title = {Phase-Shift Representation for Nucleon-Nucleon Scattering Above Pion-Production Threshold},
  url = {https://link.aps.org/doi/10.1103/RevModPhys.39.710},
  volume = {39},
  year = {1967}
}

@article{RevModPhys.39.716,
  author = {Anonymous},
  doi = {10.1103/RevModPhys.39.716},
  issue = {3},
  journal = {Rev. Mod. Phys.},
  month = {Jul},
  numpages = {0},
  pages = {716–717},
  publisher = {American Physical Society},
  title = {Abstracts of Contributed Papers in Session F},
  url = {https://link.aps.org/doi/10.1103/RevModPhys.39.716},
  volume = {39},
  year = {1967}
}

@article{RevModPhys.39.719,
  author = {DAY, B. D.},
  doi = {10.1103/RevModPhys.39.719},
  issue = {4},
  journal = {Rev. Mod. Phys.},
  month = {Oct},
  numpages = {0},
  openalex = {W1968679403},
  pages = {719–744},
  publisher = {American Physical Society},
  title = {Elements of the Brueckner-Goldstone Theory of Nuclear Matter},
  url = {https://link.aps.org/doi/10.1103/RevModPhys.39.719},
  volume = {39},
  year = {1967}
}

@article{RevModPhys.39.745,
  author = {RAJARAMAN, R. and BETHE, H. A.},
  doi = {10.1103/RevModPhys.39.745},
  issue = {4},
  journal = {Rev. Mod. Phys.},
  month = {Oct},
  numpages = {0},
  openalex = {W2080459261},
  pages = {745–770},
  publisher = {American Physical Society},
  title = {Three-Body Problem in Nuclear Matter},
  url = {https://link.aps.org/doi/10.1103/RevModPhys.39.745},
  volume = {39},
  year = {1967}
}

@article{RevModPhys.39.771,
  author = {BRANDOW, BAIRD H.},
  doi = {10.1103/RevModPhys.39.771},
  issue = {4},
  journal = {Rev. Mod. Phys.},
  month = {Oct},
  numpages = {0},
  openalex = {W2018632465},
  pages = {771–828},
  publisher = {American Physical Society},
  title = {Linked-Cluster Expansions for the Nuclear Many-Body Problem},
  url = {https://link.aps.org/doi/10.1103/RevModPhys.39.771},
  volume = {39},
  year = {1967}
}

@article{RevModPhys.39.78,
  author = {BEARDEN, J. A.},
  doi = {10.1103/RevModPhys.39.78},
  issue = {1},
  journal = {Rev. Mod. Phys.},
  month = {Jan},
  numpages = {0},
  openalex = {W2027377845},
  pages = {78–124},
  publisher = {American Physical Society},
  title = {X-Ray Wavelengths},
  url = {https://link.aps.org/doi/10.1103/RevModPhys.39.78},
  volume = {39},
  year = {1967}
}

@article{RevModPhys.39.829,
  author = {JOSEPH, A.},
  doi = {10.1103/RevModPhys.39.829},
  issue = {4},
  journal = {Rev. Mod. Phys.},
  month = {Oct},
  numpages = {0},
  openalex = {W2034870899},
  pages = {829–837},
  publisher = {American Physical Society},
  title = {Self-Adjoint Ladder Operators (I)},
  url = {https://link.aps.org/doi/10.1103/RevModPhys.39.829},
  volume = {39},
  year = {1967}
}

@article{RevModPhys.39.838,
  author = {COULSON, C. A. and JOSEPH, A.},
  doi = {10.1103/RevModPhys.39.838},
  issue = {4},
  journal = {Rev. Mod. Phys.},
  month = {Oct},
  numpages = {0},
  openalex = {W4230678373},
  pages = {838–849},
  publisher = {American Physical Society},
  title = {Self-Adjoint Ladder Operators. II},
  url = {https://link.aps.org/doi/10.1103/RevModPhys.39.838},
  volume = {39},
  year = {1967}
}

@article{RevModPhys.39.850,
  author = {DALGARNO, A.},
  doi = {10.1103/RevModPhys.39.850},
  issue = {4},
  journal = {Rev. Mod. Phys.},
  month = {Oct},
  numpages = {0},
  openalex = {W2094389411},
  pages = {850–857},
  publisher = {American Physical Society},
  title = {Atom—Atom Collision Processes in Astrophysics: Theoretical Studies},
  url = {https://link.aps.org/doi/10.1103/RevModPhys.39.850},
  volume = {39},
  year = {1967}
}

@article{RevModPhys.39.858,
  author = {DALGARNO, A.},
  doi = {10.1103/RevModPhys.39.858},
  issue = {4},
  journal = {Rev. Mod. Phys.},
  month = {Oct},
  numpages = {0},
  openalex = {W2037442848},
  pages = {858–861},
  publisher = {American Physical Society},
  title = {Some Problems in Planetary Atmospheres Involving Collision Processes},
  url = {https://link.aps.org/doi/10.1103/RevModPhys.39.858},
  volume = {39},
  year = {1967}
}

@article{RevModPhys.39.862,
  author = {HARRISON, E. R.},
  doi = {10.1103/RevModPhys.39.862},
  issue = {4},
  journal = {Rev. Mod. Phys.},
  month = {Oct},
  numpages = {0},
  openalex = {W2091540268},
  pages = {862–882},
  publisher = {American Physical Society},
  title = {Normal Modes of Vibrations of the Universe},
  url = {https://link.aps.org/doi/10.1103/RevModPhys.39.862},
  volume = {39},
  year = {1967}
}

@article{RevModPhys.39.883,
  author = {BRUSH, STEPHEN G.},
  doi = {10.1103/RevModPhys.39.883},
  issue = {4},
  journal = {Rev. Mod. Phys.},
  month = {Oct},
  numpages = {0},
  openalex = {W2065704711},
  pages = {883–893},
  publisher = {American Physical Society},
  title = {History of the Lenz-Ising Model},
  url = {https://link.aps.org/doi/10.1103/RevModPhys.39.883},
  volume = {39},
  year = {1967}
}

@article{RevModPhys.39.894,
  author = {BOHM, D. and SALT, B.},
  doi = {10.1103/RevModPhys.39.894},
  issue = {4},
  journal = {Rev. Mod. Phys.},
  month = {Oct},
  numpages = {0},
  openalex = {W2028589366},
  pages = {894–910},
  publisher = {American Physical Society},
  title = {Collective Treatment of Liquid Helium},
  url = {https://link.aps.org/doi/10.1103/RevModPhys.39.894},
  volume = {39},
  year = {1967}
}

@article{RevModPhys.39.911,
  author = {CHANG, TAI YUP},
  doi = {10.1103/RevModPhys.39.911},
  issue = {4},
  journal = {Rev. Mod. Phys.},
  month = {Oct},
  numpages = {0},
  pages = {911–942},
  publisher = {American Physical Society},
  title = {Moderately Long-Range Interatomic Forces},
  url = {https://link.aps.org/doi/10.1103/RevModPhys.39.911},
  volume = {39},
  year = {1967}
}

@article{RevModPhys.39.942,
  author = {KANE, P. P. and BASAVARAJU, G.},
  doi = {10.1103/RevModPhys.39.942},
  issue = {4},
  journal = {Rev. Mod. Phys.},
  month = {Oct},
  numpages = {0},
  openalex = {W4239398159},
  pages = {942–942},
  publisher = {American Physical Society},
  title = {Erratum: Possibilities of Observation of Nonlinear Quantum Electrodynamic Effects in Vacuum},
  url = {https://link.aps.org/doi/10.1103/RevModPhys.39.942},
  volume = {39},
  year = {1967}
}
