@article{RevModPhys.58.1,
  author = {Sarazin, Craig L.},
  doi = {10.1103/RevModPhys.58.1},
  issue = {1},
  journal = {Rev. Mod. Phys.},
  month = {Jan},
  numpages = {0},
  openalex = {W4211212318},
  pages = {1–115},
  publisher = {American Physical Society},
  title = {X-ray emission from clusters of galaxies},
  url = {https://link.aps.org/doi/10.1103/RevModPhys.58.1},
  volume = {58},
  year = {1986}
}

@article{RevModPhys.58.1001,
  author = {Yamamoto, Y. and Haus, H. A.},
  doi = {10.1103/RevModPhys.58.1001},
  issue = {4},
  journal = {Rev. Mod. Phys.},
  month = {Oct},
  numpages = {0},
  openalex = {W2011103107},
  pages = {1001–1020},
  publisher = {American Physical Society},
  title = {Preparation, measurement and information capacity of optical quantum states},
  url = {https://link.aps.org/doi/10.1103/RevModPhys.58.1001},
  volume = {58},
  year = {1986}
}

@article{RevModPhys.58.1021,
  author = {McLerran, Larry},
  doi = {10.1103/RevModPhys.58.1021},
  issue = {4},
  journal = {Rev. Mod. Phys.},
  month = {Oct},
  numpages = {0},
  openalex = {W2078165782},
  pages = {1021–1064},
  publisher = {American Physical Society},
  title = {The physics of the quark-gluon plasma},
  url = {https://link.aps.org/doi/10.1103/RevModPhys.58.1021},
  volume = {58},
  year = {1986}
}

@article{RevModPhys.58.1065,
  author = {Eichten, E. and Hinchliffe, I. and Lane, K. and Quigg, C.},
  doi = {10.1103/RevModPhys.58.1065},
  issue = {4},
  journal = {Rev. Mod. Phys.},
  month = {Oct},
  numpages = {0},
  openalex = {W2048526827},
  pages = {1065–1073},
  publisher = {American Physical Society},
  title = {Erratum: Supercollider physics},
  url = {https://link.aps.org/doi/10.1103/RevModPhys.58.1065},
  volume = {58},
  year = {1986}
}

@article{RevModPhys.58.117,
  author = {Campos, L. M. B. C.},
  doi = {10.1103/RevModPhys.58.117},
  issue = {1},
  journal = {Rev. Mod. Phys.},
  month = {Jan},
  numpages = {0},
  openalex = {W1964148142},
  pages = {117–182},
  publisher = {American Physical Society},
  title = {On waves in gases. Part I: Acoustics of jets, turbulence, and ducts},
  url = {https://link.aps.org/doi/10.1103/RevModPhys.58.117},
  volume = {58},
  year = {1986}
}

@article{RevModPhys.58.183,
  author = {White, R. B.},
  doi = {10.1103/RevModPhys.58.183},
  issue = {1},
  journal = {Rev. Mod. Phys.},
  month = {Jan},
  numpages = {0},
  openalex = {W4241562040},
  pages = {183–207},
  publisher = {American Physical Society},
  title = {Resistive reconnection},
  url = {https://link.aps.org/doi/10.1103/RevModPhys.58.183},
  volume = {58},
  year = {1986}
}

@article{RevModPhys.58.209,
  author = {Paul, H.},
  doi = {10.1103/RevModPhys.58.209},
  issue = {1},
  journal = {Rev. Mod. Phys.},
  month = {Jan},
  numpages = {0},
  openalex = {W1974304030},
  pages = {209–231},
  publisher = {American Physical Society},
  title = {Interference between independent photons},
  url = {https://link.aps.org/doi/10.1103/RevModPhys.58.209},
  volume = {58},
  year = {1986}
}

@article{RevModPhys.58.233,
  author = {Brown, Lowell S. and Gabrielse, Gerald},
  doi = {10.1103/RevModPhys.58.233},
  issue = {1},
  journal = {Rev. Mod. Phys.},
  month = {Jan},
  numpages = {0},
  openalex = {W1973703726},
  pages = {233–311},
  publisher = {American Physical Society},
  title = {Geonium theory: Physics of a single electron or ion in a Penning trap},
  url = {https://link.aps.org/doi/10.1103/RevModPhys.58.233},
  volume = {58},
  year = {1986}
}

@article{RevModPhys.58.323,
  author = {Rammer, J. and Smith, H.},
  doi = {10.1103/RevModPhys.58.323},
  issue = {2},
  journal = {Rev. Mod. Phys.},
  month = {Apr},
  numpages = {0},
  openalex = {W1985301714},
  pages = {323–359},
  publisher = {American Physical Society},
  title = {Quantum field-theoretical methods in transport theory of metals},
  url = {https://link.aps.org/doi/10.1103/RevModPhys.58.323},
  volume = {58},
  year = {1986}
}

@article{RevModPhys.58.361,
  author = {Mattis, Daniel C.},
  doi = {10.1103/RevModPhys.58.361},
  issue = {2},
  journal = {Rev. Mod. Phys.},
  month = {Apr},
  numpages = {0},
  openalex = {W2053853222},
  pages = {361–379},
  publisher = {American Physical Society},
  title = {The few-body problem on a lattice},
  url = {https://link.aps.org/doi/10.1103/RevModPhys.58.361},
  volume = {58},
  year = {1986}
}

@article{RevModPhys.58.381,
  author = {Tam, Andrew C.},
  doi = {10.1103/RevModPhys.58.381},
  issue = {2},
  journal = {Rev. Mod. Phys.},
  month = {Apr},
  numpages = {0},
  openalex = {W1992623540},
  pages = {381–431},
  publisher = {American Physical Society},
  title = {Applications of photoacoustic sensing techniques},
  url = {https://link.aps.org/doi/10.1103/RevModPhys.58.381},
  volume = {58},
  year = {1986}
}

@article{RevModPhys.58.433,
  author = {Rigden, John S.},
  doi = {10.1103/RevModPhys.58.433},
  issue = {2},
  journal = {Rev. Mod. Phys.},
  month = {Apr},
  numpages = {0},
  openalex = {W1992280293},
  pages = {433–448},
  publisher = {American Physical Society},
  title = {Quantum states and precession: The two discoveries of NMR},
  url = {https://link.aps.org/doi/10.1103/RevModPhys.58.433},
  volume = {58},
  year = {1986}
}

@article{RevModPhys.58.449,
  author = {Schweber, Silvan S.},
  doi = {10.1103/RevModPhys.58.449},
  issue = {2},
  journal = {Rev. Mod. Phys.},
  month = {Apr},
  numpages = {0},
  openalex = {W2012128412},
  pages = {449–508},
  publisher = {American Physical Society},
  title = {Feynman and the visualization of space-time processes},
  url = {https://link.aps.org/doi/10.1103/RevModPhys.58.449},
  volume = {58},
  year = {1986}
}

@article{RevModPhys.58.517,
  author = {Pines, David},
  doi = {10.1103/RevModPhys.58.517},
  issue = {3},
  journal = {Rev. Mod. Phys.},
  month = {Jul},
  numpages = {0},
  openalex = {W2059932885},
  pages = {517–517},
  publisher = {American Physical Society},
  title = {Editorial: Color Illustrations in Reviews of Modern Physics},
  url = {https://link.aps.org/doi/10.1103/RevModPhys.58.517},
  volume = {58},
  year = {1986}
}

@article{RevModPhys.58.519,
  author = {von Klitzing, Klaus},
  doi = {10.1103/RevModPhys.58.519},
  issue = {3},
  journal = {Rev. Mod. Phys.},
  month = {Jul},
  numpages = {0},
  openalex = {W2571385219},
  pages = {519–531},
  publisher = {American Physical Society},
  title = {The quantized Hall effect},
  url = {https://link.aps.org/doi/10.1103/RevModPhys.58.519},
  volume = {58},
  year = {1986}
}

@article{RevModPhys.58.533,
  author = {Halperin, W. P.},
  doi = {10.1103/RevModPhys.58.533},
  issue = {3},
  journal = {Rev. Mod. Phys.},
  month = {Jul},
  numpages = {0},
  openalex = {W2083980527},
  pages = {533–606},
  publisher = {American Physical Society},
  title = {Quantum size effects in metal particles},
  url = {https://link.aps.org/doi/10.1103/RevModPhys.58.533},
  volume = {58},
  year = {1986}
}

@article{RevModPhys.58.607,
  author = {Harney, H. L. and Richter, A. and Weidenmüller, H. A.},
  doi = {10.1103/RevModPhys.58.607},
  issue = {3},
  journal = {Rev. Mod. Phys.},
  month = {Jul},
  numpages = {0},
  openalex = {W2038835957},
  pages = {607–645},
  publisher = {American Physical Society},
  title = {Breaking of isospin symmetry in compound-nucleus reactions},
  url = {https://link.aps.org/doi/10.1103/RevModPhys.58.607},
  volume = {58},
  year = {1986}
}

@article{RevModPhys.58.647,
  author = {Cramer, John G.},
  doi = {10.1103/RevModPhys.58.647},
  issue = {3},
  journal = {Rev. Mod. Phys.},
  month = {Jul},
  numpages = {0},
  openalex = {W1974023876},
  pages = {647–687},
  publisher = {American Physical Society},
  title = {The transactional interpretation of quantum mechanics},
  url = {https://link.aps.org/doi/10.1103/RevModPhys.58.647},
  volume = {58},
  year = {1986}
}

@article{RevModPhys.58.689,
  author = {Felten, James E. and Isaacman, Richard},
  doi = {10.1103/RevModPhys.58.689},
  issue = {3},
  journal = {Rev. Mod. Phys.},
  month = {Jul},
  numpages = {0},
  openalex = {W1666937906},
  pages = {689–698},
  publisher = {American Physical Society},
  title = {Scale factors R(t) and critical values of the cosmological constant  in Friedmann universes},
  url = {https://link.aps.org/doi/10.1103/RevModPhys.58.689},
  volume = {58},
  year = {1986}
}

@article{RevModPhys.58.699,
  author = {Stenholm, Stig},
  doi = {10.1103/RevModPhys.58.699},
  issue = {3},
  journal = {Rev. Mod. Phys.},
  month = {Jul},
  numpages = {0},
  openalex = {W2012054446},
  pages = {699–739},
  publisher = {American Physical Society},
  title = {The semiclassical theory of laser cooling},
  url = {https://link.aps.org/doi/10.1103/RevModPhys.58.699},
  volume = {58},
  year = {1986}
}

@article{RevModPhys.58.741,
  author = {Taylor, J. B.},
  doi = {10.1103/RevModPhys.58.741},
  issue = {3},
  journal = {Rev. Mod. Phys.},
  month = {Jul},
  numpages = {0},
  openalex = {W1988370772},
  pages = {741–763},
  publisher = {American Physical Society},
  title = {Relaxation and magnetic reconnection in plasmas},
  url = {https://link.aps.org/doi/10.1103/RevModPhys.58.741},
  volume = {58},
  year = {1986}
}

@article{RevModPhys.58.765,
  author = {Rammal, R. and Toulouse, G. and Virasoro, M. A.},
  doi = {10.1103/RevModPhys.58.765},
  issue = {3},
  journal = {Rev. Mod. Phys.},
  month = {Jul},
  numpages = {0},
  openalex = {W1979199694},
  pages = {765–788},
  publisher = {American Physical Society},
  title = {Ultrametricity for physicists},
  url = {https://link.aps.org/doi/10.1103/RevModPhys.58.765},
  volume = {58},
  year = {1986}
}

@article{RevModPhys.58.801,
  author = {Binder, K. and Young, A. P.},
  doi = {10.1103/RevModPhys.58.801},
  issue = {4},
  journal = {Rev. Mod. Phys.},
  month = {Oct},
  numpages = {0},
  openalex = {W2000449275},
  pages = {801–976},
  publisher = {American Physical Society},
  title = {Spin glasses: Experimental facts, theoretical concepts, and open questions},
  url = {https://link.aps.org/doi/10.1103/RevModPhys.58.801},
  volume = {58},
  year = {1986}
}

@article{RevModPhys.58.977,
  author = {Bensimon, David and Kadanoff, Leo P. and Liang, Shoudan and Shraiman, Boris I. and Tang, Chao},
  doi = {10.1103/RevModPhys.58.977},
  issue = {4},
  journal = {Rev. Mod. Phys.},
  month = {Oct},
  numpages = {0},
  openalex = {W2151838369},
  pages = {977–999},
  publisher = {American Physical Society},
  title = {Viscous flows in two dimensions},
  url = {https://link.aps.org/doi/10.1103/RevModPhys.58.977},
  volume = {58},
  year = {1986}
}
