@article{RevModPhys.74.1,
  author = {Lucas, A. A. and Moreau, F. and Lambin, Ph.},
  doi = {10.1103/RevModPhys.74.1},
  issue = {1},
  journal = {Rev. Mod. Phys.},
  month = {Jan},
  numpages = {0},
  openalex = {W2032728440},
  pages = {1–10},
  publisher = {American Physical Society},
  title = {Optical simulations of electron diffraction by carbon nanotubes},
  url = {https://link.aps.org/doi/10.1103/RevModPhys.74.1},
  volume = {74},
  year = {2002}
}

@article{RevModPhys.74.1015,
  author = {Woosley, S. E. and Heger, A. and Weaver, T. A.},
  doi = {10.1103/RevModPhys.74.1015},
  issue = {4},
  journal = {Rev. Mod. Phys.},
  month = {Nov},
  numpages = {0},
  openalex = {W2063437365},
  pages = {1015–1071},
  publisher = {American Physical Society},
  title = {The evolution and explosion of massive stars},
  url = {https://link.aps.org/doi/10.1103/RevModPhys.74.1015},
  volume = {74},
  year = {2002}
}

@article{RevModPhys.74.1073,
  author = {Christensen-Dalsgaard, Jørgen},
  doi = {10.1103/RevModPhys.74.1073},
  issue = {4},
  journal = {Rev. Mod. Phys.},
  month = {Nov},
  numpages = {0},
  openalex = {W4210953223},
  pages = {1073–1129},
  publisher = {American Physical Society},
  title = {Helioseismology},
  url = {https://link.aps.org/doi/10.1103/RevModPhys.74.1073},
  volume = {74},
  year = {2002}
}

@article{RevModPhys.74.11,
  author = {van de Walle, A. and Ceder, G.},
  doi = {10.1103/RevModPhys.74.11},
  issue = {1},
  journal = {Rev. Mod. Phys.},
  month = {Jan},
  numpages = {0},
  openalex = {W1975172861},
  pages = {11–45},
  publisher = {American Physical Society},
  title = {The effect of lattice vibrations on substitutional alloy thermodynamics},
  url = {https://link.aps.org/doi/10.1103/RevModPhys.74.11},
  volume = {74},
  year = {2002}
}

@article{RevModPhys.74.1131,
  author = {Ketterle, Wolfgang},
  doi = {10.1103/RevModPhys.74.1131},
  issue = {4},
  journal = {Rev. Mod. Phys.},
  month = {Nov},
  numpages = {0},
  openalex = {W1987549347},
  pages = {1131–1151},
  publisher = {American Physical Society},
  title = {Nobel lecture: When atoms behave as waves: Bose-Einstein condensation and the atom laser},
  url = {https://link.aps.org/doi/10.1103/RevModPhys.74.1131},
  volume = {74},
  year = {2002}
}

@article{RevModPhys.74.1153,
  author = {Budker, D. and Gawlik, W. and Kimball, D. F. and Rochester, S. M. and Yashchuk, V. V. and Weis, A.},
  doi = {10.1103/RevModPhys.74.1153},
  issue = {4},
  journal = {Rev. Mod. Phys.},
  month = {Nov},
  numpages = {0},
  openalex = {W2074728909},
  pages = {1153–1201},
  publisher = {American Physical Society},
  title = {Resonant nonlinear magneto-optical effects in atoms},
  url = {https://link.aps.org/doi/10.1103/RevModPhys.74.1153},
  volume = {74},
  year = {2002}
}

@article{RevModPhys.74.1203,
  author = {Succi, Sauro and Karlin, Iliya V. and Chen, Hudong},
  doi = {10.1103/RevModPhys.74.1203},
  issue = {4},
  journal = {Rev. Mod. Phys.},
  month = {Nov},
  numpages = {0},
  openalex = {W1995514446},
  pages = {1203–1220},
  publisher = {American Physical Society},
  title = {Colloquium: Role of the H theorem in lattice Boltzmann hydrodynamic simulations},
  url = {https://link.aps.org/doi/10.1103/RevModPhys.74.1203},
  volume = {74},
  year = {2002}
}

@article{RevModPhys.74.1221,
  author = {Klasen, Michael},
  doi = {10.1103/RevModPhys.74.1221},
  issue = {4},
  journal = {Rev. Mod. Phys.},
  month = {Nov},
  numpages = {0},
  openalex = {W2058369080},
  pages = {1221–1282},
  publisher = {American Physical Society},
  title = {Theory of hard photoproduction},
  url = {https://link.aps.org/doi/10.1103/RevModPhys.74.1221},
  volume = {74},
  year = {2002}
}

@article{RevModPhys.74.1283,
  author = {Reimann, Stephanie M. and Manninen, Matti},
  doi = {10.1103/RevModPhys.74.1283},
  issue = {4},
  journal = {Rev. Mod. Phys.},
  month = {Nov},
  numpages = {0},
  openalex = {W1998674391},
  pages = {1283–1342},
  publisher = {American Physical Society},
  title = {Electronic structure of quantum dots},
  url = {https://link.aps.org/doi/10.1103/RevModPhys.74.1283},
  volume = {74},
  year = {2002}
}

@article{RevModPhys.74.1343,
  author = {'t Hooft, Gerard},
  doi = {10.1103/RevModPhys.74.1343},
  issue = {4},
  journal = {Rev. Mod. Phys.},
  month = {Nov},
  numpages = {0},
  openalex = {W2028192595},
  pages = {1343–1343},
  publisher = {American Physical Society},
  title = {Erratum: Nobel Lecture: A confrontation with infinity [Rev. Mod. Phys. 72, 333 (2000)]},
  url = {https://link.aps.org/doi/10.1103/RevModPhys.74.1343},
  volume = {74},
  year = {2002}
}

@article{RevModPhys.74.145,
  author = {Gisin, Nicolas and Ribordy, Grégoire and Tittel, Wolfgang and Zbinden, Hugo},
  doi = {10.1103/RevModPhys.74.145},
  issue = {1},
  journal = {Rev. Mod. Phys.},
  month = {Mar},
  numpages = {0},
  openalex = {W3038067977},
  pages = {145–195},
  publisher = {American Physical Society},
  title = {Quantum cryptography},
  url = {https://link.aps.org/doi/10.1103/RevModPhys.74.145},
  volume = {74},
  year = {2002}
}

@article{RevModPhys.74.197,
  author = {Vedral, V.},
  doi = {10.1103/RevModPhys.74.197},
  issue = {1},
  journal = {Rev. Mod. Phys.},
  month = {Mar},
  numpages = {0},
  openalex = {W2151773880},
  pages = {197–234},
  publisher = {American Physical Society},
  title = {The role of relative entropy in quantum information theory},
  url = {https://link.aps.org/doi/10.1103/RevModPhys.74.197},
  volume = {74},
  year = {2002}
}

@article{RevModPhys.74.235,
  author = {Joynt, Robert and Taillefer, Louis},
  doi = {10.1103/RevModPhys.74.235},
  issue = {1},
  journal = {Rev. Mod. Phys.},
  month = {Mar},
  numpages = {0},
  pages = {235–294},
  publisher = {American Physical Society},
  title = {The superconducting phases of UPt_3},
  url = {https://link.aps.org/doi/10.1103/RevModPhys.74.235},
  volume = {74},
  year = {2002}
}

@article{RevModPhys.74.297,
  author = {Bemporad, Carlo and Gratta, Giorgio and Vogel, Petr},
  doi = {10.1103/RevModPhys.74.297},
  issue = {2},
  journal = {Rev. Mod. Phys.},
  month = {Mar},
  numpages = {0},
  openalex = {W2019549956},
  pages = {297–328},
  publisher = {American Physical Society},
  title = {Reactor-based neutrino oscillation experiments},
  url = {https://link.aps.org/doi/10.1103/RevModPhys.74.297},
  volume = {74},
  year = {2002}
}

@article{RevModPhys.74.329,
  author = {Grosberg, A. Yu. and Nguyen, T. T. and Shklovskii, B. I.},
  doi = {10.1103/RevModPhys.74.329},
  issue = {2},
  journal = {Rev. Mod. Phys.},
  month = {Apr},
  numpages = {0},
  openalex = {W2079410681},
  pages = {329–345},
  publisher = {American Physical Society},
  title = {Colloquium: The physics of charge inversion in chemical and biological systems},
  url = {https://link.aps.org/doi/10.1103/RevModPhys.74.329},
  volume = {74},
  year = {2002}
}

@article{RevModPhys.74.347,
  author = {Galindo, A. and Martín-Delgado, M. A.},
  doi = {10.1103/RevModPhys.74.347},
  issue = {2},
  journal = {Rev. Mod. Phys.},
  month = {May},
  numpages = {0},
  openalex = {W2006575921},
  pages = {347–423},
  publisher = {American Physical Society},
  title = {Information and computation: Classical and quantum aspects},
  url = {https://link.aps.org/doi/10.1103/RevModPhys.74.347},
  volume = {74},
  year = {2002}
}

@article{RevModPhys.74.425,
  author = {Brenner, Michael P. and Hilgenfeldt, Sascha and Lohse, Detlef},
  doi = {10.1103/RevModPhys.74.425},
  issue = {2},
  journal = {Rev. Mod. Phys.},
  month = {May},
  numpages = {0},
  openalex = {W2071665694},
  pages = {425–484},
  publisher = {American Physical Society},
  title = {Single-bubble sonoluminescence},
  url = {https://link.aps.org/doi/10.1103/RevModPhys.74.425},
  volume = {74},
  year = {2002}
}

@article{RevModPhys.74.47,
  author = {Albert, Réka and Barabási, Albert-László},
  doi = {10.1103/RevModPhys.74.47},
  issue = {1},
  journal = {Rev. Mod. Phys.},
  month = {Jan},
  numpages = {0},
  openalex = {W2124637492},
  pages = {47–97},
  publisher = {American Physical Society},
  title = {Statistical mechanics of complex networks},
  url = {https://link.aps.org/doi/10.1103/RevModPhys.74.47},
  volume = {74},
  year = {2002}
}

@article{RevModPhys.74.485,
  author = {Hilgenkamp, H. and Mannhart, J.},
  doi = {10.1103/RevModPhys.74.485},
  issue = {2},
  journal = {Rev. Mod. Phys.},
  month = {May},
  numpages = {0},
  pages = {485–549},
  publisher = {American Physical Society},
  title = {Grain boundaries in high-T_c superconductors},
  url = {https://link.aps.org/doi/10.1103/RevModPhys.74.485},
  volume = {74},
  year = {2002}
}

@article{RevModPhys.74.551,
  author = {Saha, Swapan K.},
  doi = {10.1103/RevModPhys.74.551},
  issue = {2},
  journal = {Rev. Mod. Phys.},
  month = {May},
  numpages = {0},
  openalex = {W2017017339},
  pages = {551–600},
  publisher = {American Physical Society},
  title = {Modern optical astronomy: technology and impact of interferometry},
  url = {https://link.aps.org/doi/10.1103/RevModPhys.74.551},
  volume = {74},
  year = {2002}
}

@article{RevModPhys.74.601,
  author = {Onida, Giovanni and Reining, Lucia and Rubio, Angel},
  doi = {10.1103/RevModPhys.74.601},
  issue = {2},
  journal = {Rev. Mod. Phys.},
  month = {Jun},
  numpages = {0},
  openalex = {W2053499780},
  pages = {601–659},
  publisher = {American Physical Society},
  title = {Electronic excitations: density-functional versus many-body Green's-function approaches},
  url = {https://link.aps.org/doi/10.1103/RevModPhys.74.601},
  volume = {74},
  year = {2002}
}

@article{RevModPhys.74.663,
  author = {Zdesenko, Yuri},
  doi = {10.1103/RevModPhys.74.663},
  issue = {3},
  journal = {Rev. Mod. Phys.},
  month = {Jun},
  numpages = {0},
  openalex = {W1970537590},
  pages = {663–684},
  publisher = {American Physical Society},
  title = {Colloquium : The future of double  decay research},
  url = {https://link.aps.org/doi/10.1103/RevModPhys.74.663},
  volume = {74},
  year = {2002}
}

@article{RevModPhys.74.685,
  author = {Neil, George R. and Merminga, Lia},
  doi = {10.1103/RevModPhys.74.685},
  issue = {3},
  journal = {Rev. Mod. Phys.},
  month = {Jul},
  numpages = {0},
  openalex = {W2066782259},
  pages = {685–701},
  publisher = {American Physical Society},
  title = {Technical approaches for high-average-power free-electron lasers},
  url = {https://link.aps.org/doi/10.1103/RevModPhys.74.685},
  volume = {74},
  year = {2002}
}

@article{RevModPhys.74.703,
  author = {Brühwiler, P. A. and Karis, O. and Mårtensson, N.},
  doi = {10.1103/RevModPhys.74.703},
  issue = {3},
  journal = {Rev. Mod. Phys.},
  month = {Jul},
  numpages = {0},
  openalex = {W2082594363},
  pages = {703–740},
  publisher = {American Physical Society},
  title = {Charge-transfer dynamics studied using resonant core spectroscopies},
  url = {https://link.aps.org/doi/10.1103/RevModPhys.74.703},
  volume = {74},
  year = {2002}
}

@article{RevModPhys.74.741,
  author = {Davis, J. C. and Packard, R. E.},
  doi = {10.1103/RevModPhys.74.741},
  issue = {3},
  journal = {Rev. Mod. Phys.},
  month = {Jul},
  numpages = {0},
  pages = {741–773},
  publisher = {American Physical Society},
  title = {Superfluid ^3He Josephson weak links},
  url = {https://link.aps.org/doi/10.1103/RevModPhys.74.741},
  volume = {74},
  year = {2002}
}

@article{RevModPhys.74.775,
  author = {Widrow, Lawrence M.},
  doi = {10.1103/RevModPhys.74.775},
  issue = {3},
  journal = {Rev. Mod. Phys.},
  month = {Jul},
  numpages = {0},
  openalex = {W2114870168},
  pages = {775–823},
  publisher = {American Physical Society},
  title = {Origin of galactic and extragalactic magnetic fields},
  url = {https://link.aps.org/doi/10.1103/RevModPhys.74.775},
  volume = {74},
  year = {2002}
}

@article{RevModPhys.74.825,
  author = {Bousso, Raphael},
  doi = {10.1103/RevModPhys.74.825},
  issue = {3},
  journal = {Rev. Mod. Phys.},
  month = {Aug},
  numpages = {0},
  openalex = {W2062750063},
  pages = {825–874},
  publisher = {American Physical Society},
  title = {The holographic principle},
  url = {https://link.aps.org/doi/10.1103/RevModPhys.74.825},
  volume = {74},
  year = {2002}
}

@article{RevModPhys.74.875,
  author = {Cornell, E. A. and Wieman, C. E.},
  doi = {10.1103/RevModPhys.74.875},
  issue = {3},
  journal = {Rev. Mod. Phys.},
  month = {Aug},
  numpages = {0},
  pages = {875–893},
  publisher = {American Physical Society},
  title = {Nobel Lecture: Bose-Einstein condensation in a dilute gas, the first 70 years and some recent experiments},
  url = {https://link.aps.org/doi/10.1103/RevModPhys.74.875},
  volume = {74},
  year = {2002}
}

@article{RevModPhys.74.895,
  author = {Rossi, Fausto and Kuhn, Tilmann},
  doi = {10.1103/RevModPhys.74.895},
  issue = {3},
  journal = {Rev. Mod. Phys.},
  month = {Aug},
  numpages = {0},
  openalex = {W2056312128},
  pages = {895–950},
  publisher = {American Physical Society},
  title = {Theory of ultrafast phenomena in photoexcited semiconductors},
  url = {https://link.aps.org/doi/10.1103/RevModPhys.74.895},
  volume = {74},
  year = {2002}
}

@article{RevModPhys.74.953,
  author = {Kamien, Randall D.},
  doi = {10.1103/RevModPhys.74.953},
  issue = {4},
  journal = {Rev. Mod. Phys.},
  month = {Sep},
  numpages = {0},
  openalex = {W2150086799},
  pages = {953–971},
  publisher = {American Physical Society},
  title = {The geometry of soft materials: a primer},
  url = {https://link.aps.org/doi/10.1103/RevModPhys.74.953},
  volume = {74},
  year = {2002}
}

@article{RevModPhys.74.973,
  author = {Gailitis, Agris and Lielausis, Olgerts and Platacis, Ernests and Gerbeth, Gunter and Stefani, Frank},
  doi = {10.1103/RevModPhys.74.973},
  issue = {4},
  journal = {Rev. Mod. Phys.},
  month = {Sep},
  numpages = {0},
  openalex = {W2027795150},
  pages = {973–990},
  publisher = {American Physical Society},
  title = {Colloquium: Laboratory experiments on hydromagnetic dynamos},
  url = {https://link.aps.org/doi/10.1103/RevModPhys.74.973},
  volume = {74},
  year = {2002}
}

@article{RevModPhys.74.99,
  author = {Aranson, Igor S. and Kramer, Lorenz},
  doi = {10.1103/RevModPhys.74.99},
  issue = {1},
  journal = {Rev. Mod. Phys.},
  month = {Feb},
  numpages = {0},
  openalex = {W2002094651},
  pages = {99–143},
  publisher = {American Physical Society},
  title = {The world of the complex Ginzburg-Landau equation},
  url = {https://link.aps.org/doi/10.1103/RevModPhys.74.99},
  volume = {74},
  year = {2002}
}

@article{RevModPhys.74.991,
  author = {Pohl, Robert O. and Liu, Xiao and Thompson, EunJoo},
  doi = {10.1103/RevModPhys.74.991},
  issue = {4},
  journal = {Rev. Mod. Phys.},
  month = {Oct},
  numpages = {0},
  openalex = {W2086208146},
  pages = {991–1013},
  publisher = {American Physical Society},
  title = {Low-temperature thermal conductivity and acoustic attenuation in amorphous solids},
  url = {https://link.aps.org/doi/10.1103/RevModPhys.74.991},
  volume = {74},
  year = {2002}
}
