@article{RevModPhys.89.010001,
  author = {Meystre, Pierre},
  doi = {10.1103/RevModPhys.89.010001},
  issue = {1},
  journal = {Rev. Mod. Phys.},
  month = {Feb},
  numpages = {1},
  openalex = {W4243267325},
  pages = {010001},
  publisher = {American Physical Society},
  title = {Editorial: From the APS Editor in Chief},
  url = {https://link.aps.org/doi/10.1103/RevModPhys.89.010001},
  volume = {89},
  year = {2017}
}

@article{RevModPhys.89.011001,
  author = {Schliemann, John},
  doi = {10.1103/RevModPhys.89.011001},
  issue = {1},
  journal = {Rev. Mod. Phys.},
  month = {Jan},
  numpages = {17},
  openalex = {W2338411175},
  pages = {011001},
  publisher = {American Physical Society},
  title = {Colloquium: Persistent spin textures in semiconductor nanostructures},
  url = {https://link.aps.org/doi/10.1103/RevModPhys.89.011001},
  volume = {89},
  year = {2017}
}

@article{RevModPhys.89.011002,
  author = {Tohsaki, Akihiro and Horiuchi, Hisashi and Schuck, Peter and Röpke, Gerd},
  doi = {10.1103/RevModPhys.89.011002},
  issue = {1},
  journal = {Rev. Mod. Phys.},
  month = {Jan},
  numpages = {16},
  openalex = {W2582379479},
  pages = {011002},
  publisher = {American Physical Society},
  title = {Colloquium: Status of -particle condensate structure of the Hoyle state},
  url = {https://link.aps.org/doi/10.1103/RevModPhys.89.011002},
  volume = {89},
  year = {2017}
}

@article{RevModPhys.89.011003,
  author = {Davis, T. J. and Gómez, D. E.},
  doi = {10.1103/RevModPhys.89.011003},
  issue = {1},
  journal = {Rev. Mod. Phys.},
  month = {Jan},
  numpages = {20},
  openalex = {W2584503484},
  pages = {011003},
  publisher = {American Physical Society},
  title = {Colloquium: An algebraic model of localized surface plasmons and their interactions},
  url = {https://link.aps.org/doi/10.1103/RevModPhys.89.011003},
  volume = {89},
  year = {2017}
}

@article{RevModPhys.89.011004,
  author = {Eckardt, André},
  doi = {10.1103/RevModPhys.89.011004},
  issue = {1},
  journal = {Rev. Mod. Phys.},
  month = {Mar},
  numpages = {30},
  openalex = {W2466426585},
  pages = {011004},
  publisher = {American Physical Society},
  title = {Colloquium: Atomic quantum gases in periodically driven optical lattices},
  url = {https://link.aps.org/doi/10.1103/RevModPhys.89.011004},
  volume = {89},
  year = {2017}
}

@article{RevModPhys.89.015001,
  author = {de Vega, Inés and Alonso, Daniel},
  doi = {10.1103/RevModPhys.89.015001},
  issue = {1},
  journal = {Rev. Mod. Phys.},
  month = {Jan},
  numpages = {58},
  openalex = {W2181284682},
  pages = {015001},
  publisher = {American Physical Society},
  title = {Dynamics of non-Markovian open quantum systems},
  url = {https://link.aps.org/doi/10.1103/RevModPhys.89.015001},
  volume = {89},
  year = {2017}
}

@article{RevModPhys.89.015002,
  author = {Coles, Patrick J. and Berta, Mario and Tomamichel, Marco and Wehner, Stephanie},
  doi = {10.1103/RevModPhys.89.015002},
  issue = {1},
  journal = {Rev. Mod. Phys.},
  month = {Feb},
  numpages = {58},
  openalex = {W2173401535},
  pages = {015002},
  publisher = {American Physical Society},
  title = {Entropic uncertainty relations and their applications},
  url = {https://link.aps.org/doi/10.1103/RevModPhys.89.015002},
  volume = {89},
  year = {2017}
}

@article{RevModPhys.89.015003,
  author = {Giustino, Feliciano},
  doi = {10.1103/RevModPhys.89.015003},
  issue = {1},
  journal = {Rev. Mod. Phys.},
  month = {Feb},
  numpages = {63},
  openalex = {W2310390902},
  pages = {015003},
  publisher = {American Physical Society},
  title = {Electron-phonon interactions from first principles},
  url = {https://link.aps.org/doi/10.1103/RevModPhys.89.015003},
  volume = {89},
  year = {2017}
}

@article{RevModPhys.89.015004,
  author = {Herrero-Collantes, Miguel and Garcia-Escartin, Juan Carlos},
  doi = {10.1103/RevModPhys.89.015004},
  issue = {1},
  journal = {Rev. Mod. Phys.},
  month = {Feb},
  numpages = {48},
  openalex = {W2988683112},
  pages = {015004},
  publisher = {American Physical Society},
  title = {Quantum random number generators},
  url = {https://link.aps.org/doi/10.1103/RevModPhys.89.015004},
  volume = {89},
  year = {2017}
}

@article{RevModPhys.89.015005,
  author = {Rotter, Stefan and Gigan, Sylvain},
  doi = {10.1103/RevModPhys.89.015005},
  issue = {1},
  journal = {Rev. Mod. Phys.},
  month = {Mar},
  numpages = {57},
  openalex = {W2590142075},
  pages = {015005},
  publisher = {American Physical Society},
  title = {Light fields in complex media: Mesoscopic scattering meets wave control},
  url = {https://link.aps.org/doi/10.1103/RevModPhys.89.015005},
  volume = {89},
  year = {2017}
}

@article{RevModPhys.89.015006,
  author = {Vitanov, Nikolay V. and Rangelov, Andon A. and Shore, Bruce W. and Bergmann, Klaas},
  doi = {10.1103/RevModPhys.89.015006},
  issue = {1},
  journal = {Rev. Mod. Phys.},
  month = {Mar},
  numpages = {66},
  openalex = {W2346806770},
  pages = {015006},
  publisher = {American Physical Society},
  title = {Stimulated Raman adiabatic passage in physics, chemistry, and beyond},
  url = {https://link.aps.org/doi/10.1103/RevModPhys.89.015006},
  volume = {89},
  year = {2017}
}

@article{RevModPhys.89.015007,
  author = {Oertel, M. and Hempel, M. and Klähn, T. and Typel, S.},
  doi = {10.1103/RevModPhys.89.015007},
  issue = {1},
  journal = {Rev. Mod. Phys.},
  month = {Mar},
  numpages = {68},
  openalex = {W2531534365},
  pages = {015007},
  publisher = {American Physical Society},
  title = {Equations of state for supernovae and compact stars},
  url = {https://link.aps.org/doi/10.1103/RevModPhys.89.015007},
  volume = {89},
  year = {2017}
}

@article{RevModPhys.89.021001,
  author = {Roy, Dibyendu and Wilson, C. M. and Firstenberg, Ofer},
  doi = {10.1103/RevModPhys.89.021001},
  issue = {2},
  journal = {Rev. Mod. Phys.},
  month = {May},
  numpages = {23},
  openalex = {W2310189657},
  pages = {021001},
  publisher = {American Physical Society},
  title = {Colloquium: Strongly interacting photons in one-dimensional continuum},
  url = {https://link.aps.org/doi/10.1103/RevModPhys.89.021001},
  volume = {89},
  year = {2017}
}

@article{RevModPhys.89.025001,
  author = {Bambi, Cosimo},
  doi = {10.1103/RevModPhys.89.025001},
  issue = {2},
  journal = {Rev. Mod. Phys.},
  month = {Apr},
  numpages = {38},
  openalex = {W2203602425},
  pages = {025001},
  publisher = {American Physical Society},
  title = {Testing black hole candidates with electromagnetic radiation},
  url = {https://link.aps.org/doi/10.1103/RevModPhys.89.025001},
  volume = {89},
  year = {2017}
}

@article{RevModPhys.89.025002,
  author = {Nagel, Sidney R.},
  doi = {10.1103/RevModPhys.89.025002},
  issue = {2},
  journal = {Rev. Mod. Phys.},
  month = {Apr},
  numpages = {23},
  openalex = {W2606810392},
  pages = {025002},
  publisher = {American Physical Society},
  title = {Experimental soft-matter science},
  url = {https://link.aps.org/doi/10.1103/RevModPhys.89.025002},
  volume = {89},
  year = {2017}
}

@article{RevModPhys.89.025003,
  author = {Zhou, Yi and Kanoda, Kazushi and Ng, Tai-Kai},
  doi = {10.1103/RevModPhys.89.025003},
  issue = {2},
  journal = {Rev. Mod. Phys.},
  month = {Apr},
  numpages = {50},
  openalex = {W2479153330},
  pages = {025003},
  publisher = {American Physical Society},
  title = {Quantum spin liquid states},
  url = {https://link.aps.org/doi/10.1103/RevModPhys.89.025003},
  volume = {89},
  year = {2017}
}

@article{RevModPhys.89.025004,
  author = {de Rham, Claudia and Deskins, J. Tate and Tolley, Andrew J. and Zhou, Shuang-Yong},
  doi = {10.1103/RevModPhys.89.025004},
  issue = {2},
  journal = {Rev. Mod. Phys.},
  month = {May},
  numpages = {29},
  openalex = {W2465524581},
  pages = {025004},
  publisher = {American Physical Society},
  title = {Graviton mass bounds},
  url = {https://link.aps.org/doi/10.1103/RevModPhys.89.025004},
  volume = {89},
  year = {2017}
}

@article{RevModPhys.89.025005,
  author = {Hansson, T. H. and Hermanns, M. and Simon, S. H. and Viefers, S. F.},
  doi = {10.1103/RevModPhys.89.025005},
  issue = {2},
  journal = {Rev. Mod. Phys.},
  month = {May},
  numpages = {61},
  pages = {025005},
  publisher = {American Physical Society},
  title = {Quantum Hall physics: Hierarchies and conformal field theory techniques},
  url = {https://link.aps.org/doi/10.1103/RevModPhys.89.025005},
  volume = {89},
  year = {2017}
}

@article{RevModPhys.89.025006,
  author = {Hellman, Frances and Hoffmann, Axel and Tserkovnyak, Yaroslav and Beach, Geoffrey S. D. and Fullerton, Eric E. and Leighton, Chris and MacDonald, Allan H. and Ralph, Daniel C. and Arena, Dario A. and Dürr, Hermann A. and Fischer, Peter and Grollier, Julie and Heremans, Joseph P. and Jungwirth, Tomas and Kimel, Alexey V. and Koopmans, Bert and Krivorotov, Ilya N. and May, Steven J. and Petford-Long, Amanda K. and Rondinelli, James M. and Samarth, Nitin and Schuller, Ivan K. and Slavin, Andrei N. and Stiles, Mark D. and Tchernyshyov, Oleg and Thiaville, André and Zink, Barry L.},
  doi = {10.1103/RevModPhys.89.025006},
  issue = {2},
  journal = {Rev. Mod. Phys.},
  month = {Jun},
  numpages = {79},
  openalex = {W2465001862},
  pages = {025006},
  publisher = {American Physical Society},
  title = {Interface-induced phenomena in magnetism},
  url = {https://link.aps.org/doi/10.1103/RevModPhys.89.025006},
  volume = {89},
  year = {2017}
}

@article{RevModPhys.89.025007,
  author = {Aref, Hassan and Blake, John R. and Budiššićć, Marko and Cardoso, Silvana S. S. and Cartwright, Julyan H. E. and Clercx, Herman J. H. and El Omari, Kamal and Feudel, Ulrike and Golestanian, Ramin and Gouillart, Emmanuelle and van Heijst, GertJan F. and Krasnopolskaya, Tatyana S. and Le Guer, Yves and MacKay, Robert S. and Meleshko, Vyacheslav V. and Metcalfe, Guy and Mezićć, Igor and de Moura, Alessandro P. S. and Piro, Oreste and Speetjens, Michel F. M. and Sturman, Rob and Thiffeault, Jean-Luc and Tuval, Idan},
  doi = {10.1103/RevModPhys.89.025007},
  issue = {2},
  journal = {Rev. Mod. Phys.},
  month = {Jun},
  numpages = {66},
  openalex = {W1501738873},
  pages = {025007},
  publisher = {American Physical Society},
  title = {Frontiers of chaotic advection},
  url = {https://link.aps.org/doi/10.1103/RevModPhys.89.025007},
  volume = {89},
  year = {2017}
}

@article{RevModPhys.89.025008,
  author = {Dieny, B. and Chshiev, M.},
  doi = {10.1103/RevModPhys.89.025008},
  issue = {2},
  journal = {Rev. Mod. Phys.},
  month = {Jun},
  numpages = {54},
  openalex = {W2729805806},
  pages = {025008},
  publisher = {American Physical Society},
  title = {Perpendicular magnetic anisotropy at transition metal/oxide interfaces and applications},
  url = {https://link.aps.org/doi/10.1103/RevModPhys.89.025008},
  volume = {89},
  year = {2017}
}

@article{RevModPhys.89.029901,
  author = {Ulbricht, Ronald and Hendry, Euan and Shan, Jie and Heinz, Tony F. and Bonn, Mischa},
  doi = {10.1103/RevModPhys.89.029901},
  issue = {2},
  journal = {Rev. Mod. Phys.},
  month = {Apr},
  numpages = {1},
  openalex = {W2605191128},
  pages = {029901},
  publisher = {American Physical Society},
  title = {Erratum: Carrier dynamics in semiconductors studied with time-resolved terahertz spectroscopy [Rev. Mod. Phys. 83, 543 (2011)]},
  url = {https://link.aps.org/doi/10.1103/RevModPhys.89.029901},
  volume = {89},
  year = {2017}
}

@article{RevModPhys.89.031001,
  author = {Zeravcic, Zorana and Manoharan, Vinothan N. and Brenner, Michael P.},
  doi = {10.1103/RevModPhys.89.031001},
  issue = {3},
  journal = {Rev. Mod. Phys.},
  month = {Sep},
  numpages = {14},
  openalex = {W2756453057},
  pages = {031001},
  publisher = {American Physical Society},
  title = {Colloquium: Toward living matter with colloidal particles},
  url = {https://link.aps.org/doi/10.1103/RevModPhys.89.031001},
  volume = {89},
  year = {2017}
}

@article{RevModPhys.89.035001,
  author = {Shuryak, Edward},
  doi = {10.1103/RevModPhys.89.035001},
  issue = {3},
  journal = {Rev. Mod. Phys.},
  month = {Jul},
  numpages = {61},
  openalex = {W1503676866},
  pages = {035001},
  publisher = {American Physical Society},
  title = {Strongly coupled quark-gluon plasma in heavy ion collisions},
  url = {https://link.aps.org/doi/10.1103/RevModPhys.89.035001},
  volume = {89},
  year = {2017}
}

@article{RevModPhys.89.035002,
  author = {Degen, C. L. and Reinhard, F. and Cappellaro, P.},
  doi = {10.1103/RevModPhys.89.035002},
  issue = {3},
  journal = {Rev. Mod. Phys.},
  month = {Jul},
  numpages = {39},
  openalex = {W3037447387},
  pages = {035002},
  publisher = {American Physical Society},
  title = {Quantum sensing},
  url = {https://link.aps.org/doi/10.1103/RevModPhys.89.035002},
  volume = {89},
  year = {2017}
}

@article{RevModPhys.89.035003,
  author = {Cazorla, Claudio and Boronat, Jordi},
  doi = {10.1103/RevModPhys.89.035003},
  issue = {3},
  journal = {Rev. Mod. Phys.},
  month = {Aug},
  numpages = {54},
  openalex = {W2402086711},
  pages = {035003},
  publisher = {American Physical Society},
  title = {Simulation and understanding of atomic and molecular quantum crystals},
  url = {https://link.aps.org/doi/10.1103/RevModPhys.89.035003},
  volume = {89},
  year = {2017}
}

@article{RevModPhys.89.035004,
  author = {Lloyd, S. M. and Babiker, M. and Thirunavukkarasu, G. and Yuan, J.},
  doi = {10.1103/RevModPhys.89.035004},
  issue = {3},
  journal = {Rev. Mod. Phys.},
  month = {Aug},
  numpages = {44},
  pages = {035004},
  publisher = {American Physical Society},
  title = {Electron vortices: Beams with orbital angular momentum},
  url = {https://link.aps.org/doi/10.1103/RevModPhys.89.035004},
  volume = {89},
  year = {2017}
}

@article{RevModPhys.89.035005,
  author = {Bonn, Daniel and Denn, Morton M. and Berthier, Ludovic and Divoux, Thibaut and Manneville, Sébastien},
  doi = {10.1103/RevModPhys.89.035005},
  issue = {3},
  journal = {Rev. Mod. Phys.},
  month = {Aug},
  numpages = {40},
  openalex = {W1539004828},
  pages = {035005},
  publisher = {American Physical Society},
  title = {Yield stress materials in soft condensed matter},
  url = {https://link.aps.org/doi/10.1103/RevModPhys.89.035005},
  volume = {89},
  year = {2017}
}

@article{RevModPhys.89.035006,
  author = {Greene, Chris H. and Giannakeas, P. and Pérez-Ríos, J.},
  doi = {10.1103/RevModPhys.89.035006},
  issue = {3},
  journal = {Rev. Mod. Phys.},
  month = {Aug},
  numpages = {66},
  openalex = {W2605612642},
  pages = {035006},
  publisher = {American Physical Society},
  title = {Universal few-body physics and cluster formation},
  url = {https://link.aps.org/doi/10.1103/RevModPhys.89.035006},
  volume = {89},
  year = {2017}
}

@article{RevModPhys.89.035007,
  author = {deBoer, R. J. and Görres, J. and Wiescher, M. and Azuma, R. E. and Best, A. and Brune, C. R. and Fields, C. E. and Jones, S. and Pignatari, M. and Sayre, D. and Smith, K. and Timmes, F. X. and Uberseder, E.},
  doi = {10.1103/RevModPhys.89.035007},
  issue = {3},
  journal = {Rev. Mod. Phys.},
  month = {Sep},
  numpages = {74},
  pages = {035007},
  publisher = {American Physical Society},
  title = {The ^12𝐂(,)^16𝐎 reaction and its implications for stellar helium burning},
  url = {https://link.aps.org/doi/10.1103/RevModPhys.89.035007},
  volume = {89},
  year = {2017}
}

@article{RevModPhys.89.035008,
  author = {Green, D. R. and Meade, P. and Pleier, M.-A.},
  doi = {10.1103/RevModPhys.89.035008},
  issue = {3},
  journal = {Rev. Mod. Phys.},
  month = {Sep},
  numpages = {44},
  openalex = {W2755155949},
  pages = {035008},
  publisher = {American Physical Society},
  title = {Multiboson interactions at the LHC},
  url = {https://link.aps.org/doi/10.1103/RevModPhys.89.035008},
  volume = {89},
  year = {2017}
}

@article{RevModPhys.89.040501,
  author = {Kosterlitz, John Michael},
  doi = {10.1103/RevModPhys.89.040501},
  issue = {4},
  journal = {Rev. Mod. Phys.},
  month = {Oct},
  numpages = {7},
  openalex = {W2761711518},
  pages = {040501},
  publisher = {American Physical Society},
  title = {Nobel Lecture: Topological defects and phase transitions},
  url = {https://link.aps.org/doi/10.1103/RevModPhys.89.040501},
  volume = {89},
  year = {2017}
}

@article{RevModPhys.89.040502,
  author = {Haldane, F. Duncan M.},
  doi = {10.1103/RevModPhys.89.040502},
  issue = {4},
  journal = {Rev. Mod. Phys.},
  month = {Oct},
  numpages = {10},
  pages = {040502},
  publisher = {American Physical Society},
  title = {Nobel Lecture: Topological quantum matter},
  url = {https://link.aps.org/doi/10.1103/RevModPhys.89.040502},
  volume = {89},
  year = {2017}
}

@article{RevModPhys.89.041001,
  author = {Metcalf, Harold},
  doi = {10.1103/RevModPhys.89.041001},
  issue = {4},
  journal = {Rev. Mod. Phys.},
  month = {Oct},
  numpages = {18},
  openalex = {W2766026291},
  pages = {041001},
  publisher = {American Physical Society},
  title = {Colloquium: Strong optical forces on atoms in multifrequency light},
  url = {https://link.aps.org/doi/10.1103/RevModPhys.89.041001},
  volume = {89},
  year = {2017}
}

@article{RevModPhys.89.041002,
  author = {Caplan, M. E. and Horowitz, C. J.},
  doi = {10.1103/RevModPhys.89.041002},
  issue = {4},
  journal = {Rev. Mod. Phys.},
  month = {Oct},
  numpages = {13},
  openalex = {W2429014725},
  pages = {041002},
  publisher = {American Physical Society},
  title = {Colloquium: Astromaterial science and nuclear pasta},
  url = {https://link.aps.org/doi/10.1103/RevModPhys.89.041002},
  volume = {89},
  year = {2017}
}

@article{RevModPhys.89.041003,
  author = {Streltsov, Alexander and Adesso, Gerardo and Plenio, Martin B.},
  doi = {10.1103/RevModPhys.89.041003},
  issue = {4},
  journal = {Rev. Mod. Phys.},
  month = {Oct},
  numpages = {34},
  openalex = {W2519383683},
  pages = {041003},
  publisher = {American Physical Society},
  title = {Colloquium: Quantum coherence as a resource},
  url = {https://link.aps.org/doi/10.1103/RevModPhys.89.041003},
  volume = {89},
  year = {2017}
}

@article{RevModPhys.89.041004,
  author = {Wen, Xiao-Gang},
  doi = {10.1103/RevModPhys.89.041004},
  issue = {4},
  journal = {Rev. Mod. Phys.},
  month = {Dec},
  numpages = {17},
  openalex = {W2892305748},
  pages = {041004},
  publisher = {American Physical Society},
  title = {Colloquium: Zoo of quantum-topological phases of matter},
  url = {https://link.aps.org/doi/10.1103/RevModPhys.89.041004},
  volume = {89},
  year = {2017}
}

@article{RevModPhys.89.045001,
  author = {Stankovski, Tomislav and Pereira, Tiago and McClintock, Peter V. E. and Stefanovska, Aneta},
  doi = {10.1103/RevModPhys.89.045001},
  issue = {4},
  journal = {Rev. Mod. Phys.},
  month = {Nov},
  numpages = {50},
  openalex = {W2623481294},
  pages = {045001},
  publisher = {American Physical Society},
  title = {Coupling functions: Universal insights into dynamical interaction mechanisms},
  url = {https://link.aps.org/doi/10.1103/RevModPhys.89.045001},
  volume = {89},
  year = {2017}
}

@article{RevModPhys.89.045002,
  author = {Hen, Or and Miller, Gerald A. and Piasetzky, Eli and Weinstein, Lawrence B.},
  doi = {10.1103/RevModPhys.89.045002},
  issue = {4},
  journal = {Rev. Mod. Phys.},
  month = {Nov},
  numpages = {49},
  openalex = {W2614107189},
  pages = {045002},
  publisher = {American Physical Society},
  title = {Nucleon-nucleon correlations, short-lived excitations, and the quarks within},
  url = {https://link.aps.org/doi/10.1103/RevModPhys.89.045002},
  volume = {89},
  year = {2017}
}

@article{RevModPhys.89.045003,
  author = {Markos, Christos and Travers, John C. and Abdolvand, Amir and Eggleton, Benjamin J. and Bang, Ole},
  doi = {10.1103/RevModPhys.89.045003},
  issue = {4},
  journal = {Rev. Mod. Phys.},
  month = {Nov},
  numpages = {55},
  openalex = {W2755567273},
  pages = {045003},
  publisher = {American Physical Society},
  title = {Hybrid photonic-crystal fiber},
  url = {https://link.aps.org/doi/10.1103/RevModPhys.89.045003},
  volume = {89},
  year = {2017}
}

@article{RevModPhys.89.045004,
  author = {Gentile, T. R. and Nacher, P. J. and Saam, B. and Walker, T. G.},
  doi = {10.1103/RevModPhys.89.045004},
  issue = {4},
  journal = {Rev. Mod. Phys.},
  month = {Dec},
  numpages = {59},
  pages = {045004},
  publisher = {American Physical Society},
  title = {Optically polarized ^3He},
  url = {https://link.aps.org/doi/10.1103/RevModPhys.89.045004},
  volume = {89},
  year = {2017}
}

@article{RevModPhys.89.045005,
  author = {Jain, Sudhir Ranjan and Samajdar, Rhine},
  doi = {10.1103/RevModPhys.89.045005},
  issue = {4},
  journal = {Rev. Mod. Phys.},
  month = {Dec},
  numpages = {66},
  openalex = {W2756349350},
  pages = {045005},
  publisher = {American Physical Society},
  title = {Nodal portraits of quantum billiards: Domains, lines, and statistics},
  url = {https://link.aps.org/doi/10.1103/RevModPhys.89.045005},
  volume = {89},
  year = {2017}
}

@article{RevModPhys.89.049901,
  author = {Mermin, N. David},
  doi = {10.1103/RevModPhys.89.049901},
  issue = {4},
  journal = {Rev. Mod. Phys.},
  month = {Dec},
  numpages = {1},
  openalex = {W2315658227},
  pages = {049901},
  publisher = {American Physical Society},
  title = {Erratum: Hidden variables and the two theorems of John Bell [Rev. Mod. Phys. 65, 803 (1993)]},
  url = {https://link.aps.org/doi/10.1103/RevModPhys.89.049901},
  volume = {89},
  year = {2017}
}
