@inproceedings{bruna2013learning,
  address = {Scottsdale, Arizona, USA},
  author = {Bruna, Joan and Szlam, Arthur and LeCun, Yann},
  booktitle = {1st International Conference on Learning Representations (ICLR)},
  editor = {Bengio, Yoshua and LeCun, Yann},
  month = {May},
  note = {\url{http://arxiv.org/abs/1301.3537}},
  openalex = {W2963888223},
  series = {Workshop Track Proceedings},
  title = {Learning Stable Group Invariant Representations with Convolutional Networks},
  year = {2013}
}

@inproceedings{chalasani2013deep,
  address = {Scottsdale, Arizona, USA},
  author = {Chalasani, Rakesh and Prı́ncipe, José C.},
  booktitle = {1st International Conference on Learning Representations (ICLR)},
  editor = {Bengio, Yoshua and LeCun, Yann},
  month = {May},
  note = {\url{http://arxiv.org/abs/1301.3541}},
  openalex = {W1911093723},
  series = {Workshop Track Proceedings},
  title = {Deep Predictive Coding Networks},
  year = {2013}
}

@inproceedings{chen2013learning,
  address = {Scottsdale, Arizona, USA},
  author = {Chen, Danqi and Socher, Richard and Manning, Christopher D. and Ng, Andrew Y.},
  booktitle = {1st International Conference on Learning Representations (ICLR)},
  editor = {Bengio, Yoshua and LeCun, Yann},
  month = {May},
  note = {\url{http://arxiv.org/abs/1301.3618}},
  openalex = {W1771625187},
  series = {Workshop Track Proceedings},
  title = {Learning New Facts From Knowledge Bases With Neural Tensor Networks and Semantic Word Vectors},
  year = {2013}
}

@inproceedings{cho2013boltzmann,
  address = {Scottsdale, Arizona, USA},
  author = {Cho, Kyunghyun},
  booktitle = {1st International Conference on Learning Representations (ICLR)},
  editor = {Bengio, Yoshua and LeCun, Yann},
  month = {May},
  note = {\url{http://arxiv.org/abs/1301.3468}},
  openalex = {W1873032297},
  series = {Workshop Track Proceedings},
  title = {Boltzmann Machines and Denoising Autoencoders for Image Denoising},
  year = {2013}
}

@inproceedings{culurciello2013clustering,
  address = {Scottsdale, Arizona, USA},
  author = {Culurciello, Eugenio and Bates, Jordan and Dundar, Aysegul and Carrasco, José Antonio Pérez and Farabet, Clément},
  booktitle = {1st International Conference on Learning Representations (ICLR)},
  editor = {Bengio, Yoshua and LeCun, Yann},
  month = {May},
  note = {\url{http://arxiv.org/abs/1301.2820}},
  openalex = {W2963863620},
  series = {Workshop Track Proceedings},
  title = {Clustering learning for robotic vision},
  year = {2013}
}

@inproceedings{dauphin2013big,
  address = {Scottsdale, Arizona, USA},
  author = {Dauphin, Yann N. and Bengio, Yoshua},
  booktitle = {1st International Conference on Learning Representations (ICLR)},
  editor = {Bengio, Yoshua and LeCun, Yann},
  month = {May},
  note = {\url{http://arxiv.org/abs/1301.3583}},
  openalex = {W1544532352},
  series = {Workshop Track Proceedings},
  title = {Big Neural Networks Waste Capacity},
  year = {2013}
}

@inproceedings{glorot2013semantic,
  address = {Scottsdale, Arizona, USA},
  author = {Bordes, Antoine and Glorot, Xavier and Weston, Jason and Bengio, Yoshua},
  booktitle = {1st International Conference on Learning Representations (ICLR)},
  editor = {Bengio, Yoshua and LeCun, Yann},
  month = {May},
  note = {\url{http://arxiv.org/abs/1301.3485}},
  openalex = {W68132019},
  series = {Workshop Track Proceedings},
  title = {A semantic matching energy function for learning with multi-relational data},
  year = {2013}
}

@inproceedings{goodfellow2013joint,
  address = {Scottsdale, Arizona, USA},
  author = {Goodfellow, Ian and Courville, Aaron and Bengio, Yoshua},
  booktitle = {1st International Conference on Learning Representations (ICLR)},
  editor = {Bengio, Yoshua and LeCun, Yann},
  month = {May},
  note = {\url{http://arxiv.org/abs/1301.3568}},
  openalex = {W1544983288},
  series = {Workshop Track Proceedings},
  title = {Joint Training Deep Boltzmann Machines for Classification},
  year = {2013}
}

@inproceedings{kang2013learning,
  address = {Scottsdale, Arizona, USA},
  author = {Kang, Yoonseop and Choi, Seungjin},
  booktitle = {1st International Conference on Learning Representations (ICLR)},
  editor = {Bengio, Yoshua and LeCun, Yann},
  month = {May},
  note = {\url{http://arxiv.org/abs/1301.3539}},
  openalex = {W2951941663},
  series = {Workshop Track Proceedings},
  title = {Learning Features with Structure-Adapting Multi-view Exponential Family Harmoniums},
  year = {2013}
}

@inproceedings{kim2013manifold,
  address = {Scottsdale, Arizona, USA},
  author = {Kim, Seungyeon and Li, Fuxin and Lebanon, Guy and Essa, Irfan},
  booktitle = {1st International Conference on Learning Representations (ICLR)},
  editor = {Bengio, Yoshua and LeCun, Yann},
  month = {May},
  note = {\url{http://arxiv.org/abs/1301.3214}},
  openalex = {W2138859814},
  series = {Workshop Track Proceedings},
  title = {Beyond Sentiment: The Manifold of Human Emotions},
  year = {2013}
}

@inproceedings{kim2013regularized,
  address = {Scottsdale, Arizona, USA},
  author = {Kim, Kye-Hyeon and Cai, Rui and Zhang, Lei and Choi, Seungjin},
  booktitle = {1st International Conference on Learning Representations (ICLR)},
  editor = {Bengio, Yoshua and LeCun, Yann},
  month = {May},
  note = {\url{http://arxiv.org/abs/1301.3644}},
  openalex = {W1983525108},
  series = {Workshop Track Proceedings},
  title = {Regularized discriminant embedding for visual descriptor learning},
  year = {2013}
}

@inproceedings{lee2013matrix,
  address = {Scottsdale, Arizona, USA},
  author = {Lee, Joonseok and Kim, Seungyeon and Lebanon, Guy and Singer, Yoram},
  booktitle = {1st International Conference on Learning Representations (ICLR)},
  editor = {Bengio, Yoshua and LeCun, Yann},
  month = {May},
  note = {\url{http://arxiv.org/abs/1301.3192}},
  openalex = {W2964258528},
  series = {Workshop Track Proceedings},
  title = {Matrix Approximation under Local Low-Rank Assumption},
  year = {2013}
}

@inproceedings{lenz2013deep,
  address = {Scottsdale, Arizona, USA},
  author = {Lenz, Ian and Lee, Honglak and Saxena, Ashutosh},
  booktitle = {1st International Conference on Learning Representations (ICLR)},
  editor = {Bengio, Yoshua and LeCun, Yann},
  month = {May},
  note = {\url{http://arxiv.org/abs/1301.3592}},
  openalex = {W1999156278},
  series = {Workshop Track Proceedings},
  title = {Deep learning for detecting robotic grasps},
  year = {2013}
}

@inproceedings{lim2013visual,
  address = {Scottsdale, Arizona, USA},
  author = {Lim, Hao Wooi and Tay, Yong Haur},
  booktitle = {1st International Conference on Learning Representations (ICLR)},
  editor = {Bengio, Yoshua and LeCun, Yann},
  month = {May},
  note = {\url{http://arxiv.org/abs/1212.3767}},
  openalex = {W1923061197},
  series = {Workshop Track Proceedings},
  title = {Visual Objects Classification with Sliding Spatial Pyramid Matching},
  year = {2013}
}

@inproceedings{malinowski2013learnable,
  address = {Scottsdale, Arizona, USA},
  author = {Malinowski, Mateusz and Fritz, Mario},
  booktitle = {1st International Conference on Learning Representations (ICLR)},
  editor = {Bengio, Yoshua and LeCun, Yann},
  month = {May},
  note = {\url{http://arxiv.org/abs/1301.3516}},
  openalex = {W1832069583},
  series = {Workshop Track Proceedings},
  title = {Learnable Pooling Regions for Image Classification},
  year = {2013}
}

@inproceedings{mikolov2013efficient,
  address = {Scottsdale, Arizona, USA},
  author = {Mikolov, Tomás and Chen, Kai and Corrado, Greg and Dean, Jeffrey},
  booktitle = {1st International Conference on Learning Representations (ICLR)},
  editor = {Bengio, Yoshua and LeCun, Yann},
  month = {May},
  note = {\url{http://arxiv.org/abs/1301.3781}},
  series = {Workshop Track Proceedings},
  title = {Efficient Estimation of Word Representations in Vector Space},
  year = {2013}
}

@inproceedings{montufar2013does,
  address = {Scottsdale, Arizona, USA},
  author = {Montúfar, Guido and Morton, Jason},
  booktitle = {1st International Conference on Learning Representations (ICLR)},
  editor = {Bengio, Yoshua and LeCun, Yann},
  month = {May},
  note = {\url{http://arxiv.org/abs/1206.0387}},
  openalex = {W2102612409},
  series = {Workshop Track Proceedings},
  title = {When Does a Mixture of Products Contain a Product of Mixtures?},
  year = {2013}
}

@inproceedings{osendorfer2013unsupervised,
  address = {Scottsdale, Arizona, USA},
  author = {Osendorfer, Christian and Bayer, Justin and Urban, Sebastian and Smagt, Patrick van der},
  booktitle = {1st International Conference on Learning Representations (ICLR)},
  editor = {Bengio, Yoshua and LeCun, Yann},
  month = {May},
  note = {\url{http://arxiv.org/abs/1301.2840}},
  openalex = {W1505616161},
  series = {Workshop Track Proceedings},
  title = {Unsupervised Feature Learning for low-level Local Image Descriptors},
  year = {2013}
}

@inproceedings{paisley2013nested,
  address = {Scottsdale, Arizona, USA},
  author = {Paisley, John and Wang, Chong and Blei, David M. and Jordan, Michael I.},
  booktitle = {1st International Conference on Learning Representations (ICLR)},
  editor = {Bengio, Yoshua and LeCun, Yann},
  month = {May},
  note = {\url{http://arxiv.org/abs/1301.3570}},
  openalex = {W2963181793},
  series = {Workshop Track Proceedings},
  title = {A Nested HDP for Hierarchical Topic Models},
  year = {2013}
}

@inproceedings{pascanu2013natural,
  address = {Scottsdale, Arizona, USA},
  author = {Pascanu, Razvan and Bengio, Yoshua},
  booktitle = {1st International Conference on Learning Representations (ICLR)},
  editor = {Bengio, Yoshua and LeCun, Yann},
  month = {May},
  note = {\url{http://arxiv.org/abs/1301.3584v4}},
  openalex = {W2962936867},
  series = {Workshop Track Proceedings},
  title = {Natural Gradient Revisited},
  year = {2013}
}

@inproceedings{riedel2013latent,
  address = {Scottsdale, Arizona, USA},
  author = {Riedel, Sebastian and Yao, Limin and McCallum, Andrew},
  booktitle = {1st International Conference on Learning Representations (ICLR)},
  editor = {Bengio, Yoshua and LeCun, Yann},
  month = {May},
  note = {\url{http://arxiv.org/abs/1301.4293}},
  openalex = {W1624686957},
  series = {Workshop Track Proceedings},
  title = {Latent Relation Representations for Universal Schemas},
  year = {2013}
}

@inproceedings{rose2013gradient,
  address = {Scottsdale, Arizona, USA},
  author = {Rose, Derek and Arel, Itamar},
  booktitle = {1st International Conference on Learning Representations (ICLR)},
  editor = {Bengio, Yoshua and LeCun, Yann},
  month = {May},
  note = {\url{http://arxiv.org/abs/1301.3755}},
  openalex = {W2963993565},
  series = {Workshop Track Proceedings},
  title = {Gradient Driven Learning for Pooling in Visual Pipeline Feature Extraction Models},
  year = {2013}
}

@inproceedings{schutze2013two,
  address = {Scottsdale, Arizona, USA},
  author = {Schuetze, Hinrich and Scheible, Christian},
  booktitle = {1st International Conference on Learning Representations (ICLR)},
  editor = {Bengio, Yoshua and LeCun, Yann},
  month = {May},
  note = {\url{http://arxiv.org/abs/1301.3627}},
  openalex = {W1499726567},
  series = {Workshop Track Proceedings},
  title = {Two SVDs produce more focal deep learning representations},
  year = {2013}
}

@inproceedings{shao2013linear,
  address = {Scottsdale, Arizona, USA},
  author = {Shao, Louis Yuanlong},
  booktitle = {1st International Conference on Learning Representations (ICLR)},
  editor = {Bengio, Yoshua and LeCun, Yann},
  month = {May},
  note = {\url{http://arxiv.org/abs/1210.8442}},
  openalex = {W2962977051},
  series = {Workshop Track Proceedings},
  title = {Linear-Nonlinear-Poisson Neurons Can Do Inference On Deep Boltzmann Machines},
  year = {2013}
}

@inproceedings{socher2013zero,
  address = {Scottsdale, Arizona, USA},
  author = {Socher, Richard and Ganjoo, Milind and Sridhar, Hamsa and Bastani, Osbert and Manning, Christopher D. and Ng, Andrew Y.},
  booktitle = {1st International Conference on Learning Representations (ICLR)},
  editor = {Bengio, Yoshua and LeCun, Yann},
  month = {May},
  note = {\url{http://arxiv.org/abs/1301.3666}},
  openalex = {W2950276680},
  series = {Workshop Track Proceedings},
  title = {Zero-Shot Learning Through Cross-Modal Transfer},
  year = {2013}
}

@inproceedings{song2013hierarchical,
  address = {Scottsdale, Arizona, USA},
  author = {Song, Hyun Ah and Lee, Soo-Young},
  booktitle = {1st International Conference on Learning Representations (ICLR)},
  editor = {Bengio, Yoshua and LeCun, Yann},
  month = {May},
  note = {\url{http://arxiv.org/abs/1301.6316}},
  openalex = {W1876460402},
  series = {Workshop Track Proceedings},
  title = {Hierarchical Data Representation Model - Multi-layer NMF},
  year = {2013}
}

@inproceedings{sukhbaatar2013auto,
  address = {Scottsdale, Arizona, USA},
  author = {Sukhbaatar, Sainbayar and Makino, Takaki and Aihara, Kazuyuki},
  booktitle = {1st International Conference on Learning Representations (ICLR)},
  editor = {Bengio, Yoshua and LeCun, Yann},
  month = {May},
  note = {\url{http://arxiv.org/abs/1301.3323}},
  openalex = {W1888192055},
  series = {Workshop Track Proceedings},
  title = {Auto-pooling: Learning to Improve Invariance of Image Features from Image Sequences},
  year = {2013}
}

@inproceedings{szlam2013tree,
  address = {Scottsdale, Arizona, USA},
  author = {Szlam, Arthur},
  booktitle = {1st International Conference on Learning Representations (ICLR)},
  editor = {Bengio, Yoshua and LeCun, Yann},
  month = {May},
  note = {\url{http://arxiv.org/abs/1301.3590}},
  openalex = {W2963597018},
  series = {Workshop Track Proceedings},
  title = {Tree structured sparse coding on cubes},
  year = {2013}
}

@inproceedings{vatanen2013pushing,
  address = {Scottsdale, Arizona, USA},
  author = {Vatanen, Tommi and Raiko, Tapani and Valpola, Harri and LeCun, Yann},
  booktitle = {1st International Conference on Learning Representations (ICLR)},
  editor = {Bengio, Yoshua and LeCun, Yann},
  month = {May},
  note = {\url{http://arxiv.org/abs/1301.3476}},
  openalex = {W2964103341},
  series = {Workshop Track Proceedings},
  title = {Pushing Stochastic Gradient towards Second-Order Methods – Backpropagation Learning with Transformations in Nonlinearities},
  year = {2013}
}

@inproceedings{vinyals2013size,
  address = {Scottsdale, Arizona, USA},
  author = {Vinyals, Oriol and Jia, Yangqing and Darrell, Trevor},
  booktitle = {1st International Conference on Learning Representations (ICLR)},
  editor = {Bengio, Yoshua and LeCun, Yann},
  month = {May},
  note = {\url{http://arxiv.org/abs/1301.5348}},
  openalex = {W1950452052},
  series = {Workshop Track Proceedings},
  title = {Why Size Matters: Feature Coding as Nystrom Sampling},
  year = {2013}
}

@inproceedings{weston2013affinity,
  address = {Scottsdale, Arizona, USA},
  author = {Weston, Jason and Weiss, Ron J. and Yee, Hector},
  booktitle = {1st International Conference on Learning Representations (ICLR)},
  editor = {Bengio, Yoshua and LeCun, Yann},
  month = {May},
  note = {\url{http://arxiv.org/abs/1301.4171}},
  openalex = {W2950171555},
  series = {Workshop Track Proceedings},
  title = {Affinity Weighted Embedding},
  year = {2013}
}

@inproceedings{zhang2013factorized,
  address = {Scottsdale, Arizona, USA},
  author = {Zhang, Cheng and Ek, Carl Henrik and Damianou, Andreas and Kjellström, Hedvig},
  booktitle = {1st International Conference on Learning Representations (ICLR)},
  editor = {Bengio, Yoshua and LeCun, Yann},
  month = {May},
  note = {\url{http://arxiv.org/abs/1301.3461}},
  openalex = {W2963208507},
  series = {Workshop Track Proceedings},
  title = {Factorized topic models},
  year = {2013}
}
