@inproceedings{alain2013regularized,
  address =      {Scottsdale, Arizona, USA},
  author =       {Alain, Guillaume and Bengio, Yoshua and Rifai,
                  Salah},
  booktitle =    {1st International Conference on Learning
                  Representations (ICLR)},
  editor =       {Bengio, Yoshua and LeCun, Yann},
  month =        {May},
  note =         {\url{http://arxiv.org/abs/1211.4246}},
  openalex =     {W2963698439},
  series =       {Conference Track Proceedings},
  title =        {Regularized Auto-Encoders Estimate Local Statistics},
  year =         2013
}

@inproceedings{bauer2013feature,
  address =      {Scottsdale, Arizona, USA},
  author =       {Bauer, Felix and Memisevic, Roland},
  booktitle =    {1st International Conference on Learning
                  Representations (ICLR)},
  editor =       {Bengio, Yoshua and LeCun, Yann},
  month =        {May},
  note =         {\url{http://arxiv.org/abs/1301.3391}},
  openalex =     {W1697970681},
  series =       {Conference Track Proceedings},
  title =        {Feature grouping from spatially constrained
                  multiplicative interaction},
  year =         2013
}

@inproceedings{bornn2013herded,
  address =      {Scottsdale, Arizona, USA},
  author =       {Chen, Yutian and Bornn, Luke and Freitas, Nando de
                  and Eskelin, Mareija and Fang, Jing and Welling,
                  Max},
  booktitle =    {1st International Conference on Learning
                  Representations (ICLR)},
  editor =       {Bengio, Yoshua and LeCun, Yann},
  month =        {May},
  note =         {\url{http://arxiv.org/abs/1301.4168}},
  openalex =     {W2616741364},
  series =       {Conference Track Proceedings},
  title =        {Herded gibbs sampling},
  year =         2013
}

@inproceedings{cadieu2013neural,
  address =      {Scottsdale, Arizona, USA},
  author =       {Cadieu, Charles F. and Hong, Ha and Yamins, Dan and
                  Pinto, Nicolas and Majaj, Najib J. and DiCarlo,
                  James J.},
  booktitle =    {1st International Conference on Learning
                  Representations (ICLR)},
  editor =       {Bengio, Yoshua and LeCun, Yann},
  month =        {May},
  note =         {\url{http://arxiv.org/abs/1301.3530}},
  openalex =     {W1693580658},
  series =       {Conference Track Proceedings},
  title =        {The Neural Representation Benchmark and its
                  Evaluation on Brain and Machine},
  year =         2013
}

@inproceedings{couprie2013indoor,
  address =      {Scottsdale, Arizona, USA},
  author =       {Couprie, Camille and Farabet, Clément and Najman,
                  Laurent and LeCun, Yann},
  booktitle =    {1st International Conference on Learning
                  Representations (ICLR)},
  editor =       {Bengio, Yoshua and LeCun, Yann},
  month =        {May},
  note =         {\url{http://arxiv.org/abs/1301.3572}},
  openalex =     {W2963038646},
  series =       {Conference Track Proceedings},
  title =        {Indoor Semantic Segmentation using depth
                  information},
  year =         2013
}

@inproceedings{desjardins2013metricfree,
  address =      {Scottsdale, Arizona, USA},
  author =       {Desjardins, Guillaume and Pascanu, Razvan and
                  Courville, Aaron and Bengio, Yoshua},
  booktitle =    {1st International Conference on Learning
                  Representations (ICLR)},
  editor =       {Bengio, Yoshua and LeCun, Yann},
  month =        {May},
  note =         {\url{http://arxiv.org/abs/1301.3545}},
  openalex =     {W1579917626},
  series =       {Conference Track Proceedings},
  title =        {Metric-Free Natural Gradient for Joint-Training of
                  Boltzmann Machines},
  year =         2013
}

@inproceedings{giraldo2013information,
  address =      {Scottsdale, Arizona, USA},
  author =       {Giraldo, Luis G. Sánchez and Prı́ncipe, José C.},
  booktitle =    {1st International Conference on Learning
                  Representations (ICLR)},
  editor =       {Bengio, Yoshua and LeCun, Yann},
  month =        {May},
  note =         {\url{http://arxiv.org/abs/1301.3551}},
  openalex =     {W2963689085},
  series =       {Conference Track Proceedings},
  title =        {Information Theoretic Learning with Infinitely
                  Divisible Kernels},
  year =         2013
}

@inproceedings{goroshin2013saturating,
  address =      {Scottsdale, Arizona, USA},
  author =       {Goroshin, Rostislav and LeCun, Yann},
  booktitle =    {1st International Conference on Learning
                  Representations (ICLR)},
  editor =       {Bengio, Yoshua and LeCun, Yann},
  month =        {May},
  note =         {\url{http://arxiv.org/abs/1301.3577}},
  openalex =     {W1816237714},
  series =       {Conference Track Proceedings},
  title =        {Saturating Auto-Encoders},
  year =         2013
}

@inproceedings{gulcehre2013knowledge,
  address =      {Scottsdale, Arizona, USA},
  author =       {Gülçehre, Çağlar and Bengio, Yoshua},
  booktitle =    {1st International Conference on Learning
                  Representations (ICLR)},
  editor =       {Bengio, Yoshua and LeCun, Yann},
  month =        {May},
  note =         {\url{http://arxiv.org/abs/1301.4083}},
  openalex =     {W2614311475},
  series =       {Conference Track Proceedings},
  title =        {Knowledge Matters: Importance of Prior Information
                  for Optimization},
  year =         2013
}

@inproceedings{hamme2013diagonalized,
  address =      {Scottsdale, Arizona, USA},
  author =       {hamme, Hugo Van},
  booktitle =    {1st International Conference on Learning
                  Representations (ICLR)},
  editor =       {Bengio, Yoshua and LeCun, Yann},
  month =        {May},
  note =         {\url{http://arxiv.org/abs/1301.3389}},
  openalex =     {W1595767945},
  series =       {Conference Track Proceedings},
  title =        {The Diagonalized Newton Algorithm for Nonnegative
                  Matrix Factorization},
  year =         2013
}

@inproceedings{hitziger2013jitteradaptive,
  address =      {Scottsdale, Arizona, USA},
  author =       {Hitziger, Sebastian and Clerc, Maureen and Gramfort,
                  Alexandre and Saillet, Sandrine and Bénar, Christian
                  and Papadopoulo, Théodore},
  booktitle =    {1st International Conference on Learning
                  Representations (ICLR)},
  editor =       {Bengio, Yoshua and LeCun, Yann},
  month =        {May},
  note =         {\url{http://arxiv.org/abs/1301.3611}},
  openalex =     {W2964251316},
  series =       {Conference Track Proceedings},
  title =        {Jitter-Adaptive Dictionary Learning - Application to
                  Multi-Trial Neuroelectric Signals},
  year =         2013
}

@inproceedings{hoffman2013efficient,
  address =      {Scottsdale, Arizona, USA},
  author =       {Hoffman, Judy and Rodner, Erik and Donahue, Jeff and
                  Darrell, Trevor and Saenko, Kate},
  booktitle =    {1st International Conference on Learning
                  Representations (ICLR)},
  editor =       {Bengio, Yoshua and LeCun, Yann},
  month =        {May},
  note =         {\url{http://arxiv.org/abs/1301.3224}},
  openalex =     {W1565176903},
  series =       {Conference Track Proceedings},
  title =        {Efficient Learning of Domain-invariant Image
                  Representations},
  year =         2013
}

@inproceedings{kiros2013training,
  address =      {Scottsdale, Arizona, USA},
  author =       {Kiros, Ryan},
  booktitle =    {1st International Conference on Learning
                  Representations (ICLR)},
  editor =       {Bengio, Yoshua and LeCun, Yann},
  month =        {May},
  note =         {\url{http://arxiv.org/abs/1301.3641}},
  openalex =     {W1932057668},
  series =       {Conference Track Proceedings},
  title =        {Training Neural Networks with Stochastic
                  Hessian-Free Optimization},
  year =         2013
}

@inproceedings{maaten2013barneshutsne,
  address =      {Scottsdale, Arizona, USA},
  author =       {Maaten, Laurens van der},
  booktitle =    {1st International Conference on Learning
                  Representations (ICLR)},
  editor =       {Bengio, Yoshua and LeCun, Yann},
  month =        {May},
  note =         {\url{http://arxiv.org/abs/1301.3342}},
  openalex =     {W1490600648},
  series =       {Conference Track Proceedings},
  title =        {Barnes-Hut-SNE},
  year =         2013
}

@inproceedings{montufar2013discrete,
  address =      {Scottsdale, Arizona, USA},
  author =       {Montúfar, Guido and Morton, Jason},
  booktitle =    {1st International Conference on Learning
                  Representations (ICLR)},
  editor =       {Bengio, Yoshua and LeCun, Yann},
  month =        {May},
  note =         {\url{http://arxiv.org/abs/1301.3529}},
  openalex =     {W2614986750},
  series =       {Conference Track Proceedings},
  title =        {Discrete restricted Boltzmann machines},
  year =         2013
}

@inproceedings{potluru2013block,
  address =      {Scottsdale, Arizona, USA},
  author =       {Potluru, Vamsi K. and Plis, Sergey M. and Roux,
                  Jonathan Le and Pearlmutter, Barak A. and Calhoun,
                  Vince D. and Hayes, Thomas P.},
  booktitle =    {1st International Conference on Learning
                  Representations (ICLR)},
  editor =       {Bengio, Yoshua and LeCun, Yann},
  month =        {May},
  note =         {\url{http://arxiv.org/abs/1301.3527}},
  openalex =     {W1594793942},
  series =       {Conference Track Proceedings},
  title =        {Block Coordinate Descent for Sparse NMF},
  year =         2013
}

@inproceedings{rolfe2013discriminative,
  address =      {Scottsdale, Arizona, USA},
  author =       {Rolfe, Jason Tyler and LeCun, Yann},
  booktitle =    {1st International Conference on Learning
                  Representations (ICLR)},
  editor =       {Bengio, Yoshua and LeCun, Yann},
  month =        {May},
  note =         {\url{http://arxiv.org/abs/1301.3775}},
  openalex =     {W1483064949},
  series =       {Conference Track Proceedings},
  title =        {Discriminative Recurrent Sparse Auto-Encoders},
  year =         2013
}

@inproceedings{roux2013local,
  address =      {Scottsdale, Arizona, USA},
  author =       {Roux, Nicolas Le and Bach, Francis},
  booktitle =    {1st International Conference on Learning
                  Representations (ICLR)},
  editor =       {Bengio, Yoshua and LeCun, Yann},
  month =        {May},
  note =         {\url{http://arxiv.org/abs/1109.0093}},
  openalex =     {W1552452485},
  series =       {Conference Track Proceedings},
  title =        {Local Component Analysis},
  year =         2013
}

@inproceedings{schaul2013adaptive,
  address =      {Scottsdale, Arizona, USA},
  author =       {Schaul, Tom and LeCun, Yann},
  booktitle =    {1st International Conference on Learning
                  Representations (ICLR)},
  editor =       {Bengio, Yoshua and LeCun, Yann},
  month =        {May},
  note =         {\url{http://arxiv.org/abs/1301.3764}},
  openalex =     {W2151098176},
  series =       {Conference Track Proceedings},
  title =        {Adaptive learning rates and parallelization for
                  stochastic, sparse, non-smooth gradients},
  year =         2013
}

@inproceedings{scheible2013cutting,
  address =      {Scottsdale, Arizona, USA},
  author =       {Scheible, Christian and Schuetze, Hinrich},
  booktitle =    {1st International Conference on Learning
                  Representations (ICLR)},
  editor =       {Bengio, Yoshua and LeCun, Yann},
  month =        {May},
  note =         {\url{http://arxiv.org/abs/1301.2811}},
  openalex =     {W2964086180},
  series =       {Conference Track Proceedings},
  title =        {Cutting Recursive Autoencoder Trees},
  year =         2013
}

@inproceedings{yu2013feature,
  address =      {Scottsdale, Arizona, USA},
  author =       {Yu, Dong and Seltzer, Michael L. and Li, Jinyu and
                  Huang, Jui-Ting and Seide, Frank},
  booktitle =    {1st International Conference on Learning
                  Representations (ICLR)},
  editor =       {Bengio, Yoshua and LeCun, Yann},
  month =        {May},
  note =         {\url{http://arxiv.org/abs/1301.3605}},
  openalex =     {W2213952365},
  series =       {Conference Track Proceedings},
  title =        {Feature Learning in Deep Neural Networks - Studies
                  on Speech Recognition Tasks.},
  year =         2013
}

@inproceedings{yuille2013complexity,
  address =      {Scottsdale, Arizona, USA},
  author =       {Yuille, Alan and Mottaghi, Roozbeh},
  booktitle =    {1st International Conference on Learning
                  Representations (ICLR)},
  editor =       {Bengio, Yoshua and LeCun, Yann},
  month =        {May},
  note =         {\url{http://arxiv.org/abs/1301.3560}},
  openalex =     {W2616769016},
  series =       {Conference Track Proceedings},
  title =        {Complexity of representation and inference in
                  compositional models with part sharing},
  year =         2013
}

@inproceedings{zeiler2013stochastic,
  address =      {Scottsdale, Arizona, USA},
  author =       {Zeiler, Matthew D. and Fergus, Rob},
  booktitle =    {1st International Conference on Learning
                  Representations (ICLR)},
  editor =       {Bengio, Yoshua and LeCun, Yann},
  month =        {May},
  note =         {\url{http://arxiv.org/abs/1301.3557}},
  openalex =     {W1907282891},
  series =       {Conference Track Proceedings},
  title =        {Stochastic Pooling for Regularization of Deep
                  Convolutional Neural Networks},
  year =         2013
}
