@inproceedings{alain2013regularized,
 address = {Scottsdale, Arizona, USA},
 author = {Alain, Guillaume and Bengio, Yoshua and Rifai, Salah},
 booktitle = {1st International Conference on Learning Representations (ICLR)},
 editor = {Bengio, Yoshua and LeCun, Yann},
 month = {May},
 note = {\url{http://arxiv.org/abs/1211.4246}},
 series = {Conference Track Proceedings},
 title = {Regularized Auto-Encoders Estimate Local Statistics},
 year = {2013}
}

@inproceedings{bauer2013feature,
 address = {Scottsdale, Arizona, USA},
 author = {Bauer, Felix and Rol, and Memisevic, },
 booktitle = {1st International Conference on Learning Representations (ICLR)},
 editor = {Bengio, Yoshua and LeCun, Yann},
 month = {May},
 note = {\url{http://arxiv.org/abs/1301.3391}},
 series = {Conference Track Proceedings},
 title = {Feature grouping from spatially constrained multiplicative interaction},
 year = {2013}
}

@inproceedings{bornn2013herded,
 address = {Scottsdale, Arizona, USA},
 author = {Bornn, Luke and Chen, Yutian and de Freitas, Nando and Eskelin, Mareija and Fang, Jing and Welling, Max},
 booktitle = {1st International Conference on Learning Representations (ICLR)},
 editor = {Bengio, Yoshua and LeCun, Yann},
 month = {May},
 note = {\url{http://arxiv.org/abs/1301.4168}},
 series = {Conference Track Proceedings},
 title = {Herded Gibbs Sampling},
 year = {2013}
}

@inproceedings{cadieu2013neural,
 address = {Scottsdale, Arizona, USA},
 author = {Cadieu, Charles F. and Hong, Ha and Yamins, Dan and Pinto, Nicolas and Majaj, Najib J. and DiCarlo, James J.},
 booktitle = {1st International Conference on Learning Representations (ICLR)},
 editor = {Bengio, Yoshua and LeCun, Yann},
 month = {May},
 note = {\url{http://arxiv.org/abs/1301.3530}},
 series = {Conference Track Proceedings},
 title = {The Neural Representation Benchmark and its Evaluation on Brain and Machine},
 year = {2013}
}

@inproceedings{couprie2013indoor,
 address = {Scottsdale, Arizona, USA},
 author = {Couprie, Camille and Farabet, Clément and Najman, Laurent and LeCun, Yann},
 booktitle = {1st International Conference on Learning Representations (ICLR)},
 editor = {Bengio, Yoshua and LeCun, Yann},
 month = {May},
 note = {\url{http://arxiv.org/abs/1301.3572}},
 series = {Conference Track Proceedings},
 title = {Indoor Semantic Segmentation using depth information},
 year = {2013}
}

@inproceedings{desjardins2013metricfree,
 address = {Scottsdale, Arizona, USA},
 author = {Desjardins, Guillaume and Pascanu, Razvan and Courville, Aaron C. and Bengio, Yoshua},
 booktitle = {1st International Conference on Learning Representations (ICLR)},
 editor = {Bengio, Yoshua and LeCun, Yann},
 month = {May},
 note = {\url{http://arxiv.org/abs/1301.3545}},
 series = {Conference Track Proceedings},
 title = {Metric-Free Natural Gradient for Joint-Training of Boltzmann Machines},
 year = {2013}
}

@inproceedings{giraldo2013information,
 address = {Scottsdale, Arizona, USA},
 author = {Giraldo, Luis Gonzalo Sánchez and Príncipe, José C.},
 booktitle = {1st International Conference on Learning Representations (ICLR)},
 editor = {Bengio, Yoshua and LeCun, Yann},
 month = {May},
 note = {\url{http://arxiv.org/abs/1301.3551}},
 series = {Conference Track Proceedings},
 title = {Information Theoretic Learning with Infinitely Divisible Kernels},
 year = {2013}
}

@inproceedings{goroshin2013saturating,
 address = {Scottsdale, Arizona, USA},
 author = {Goroshin, Rostislav and LeCun, Yann},
 booktitle = {1st International Conference on Learning Representations (ICLR)},
 editor = {Bengio, Yoshua and LeCun, Yann},
 month = {May},
 note = {\url{http://arxiv.org/abs/1301.3577}},
 series = {Conference Track Proceedings},
 title = {Saturating Auto-Encoder},
 year = {2013}
}

@inproceedings{gulcehre2013knowledge,
 address = {Scottsdale, Arizona, USA},
 author = {Gülçehre, Çağlar and Bengio, Yoshua},
 booktitle = {1st International Conference on Learning Representations (ICLR)},
 editor = {Bengio, Yoshua and LeCun, Yann},
 month = {May},
 note = {\url{http://arxiv.org/abs/1301.4083}},
 series = {Conference Track Proceedings},
 title = {Knowledge Matters: Importance of Prior Information for Optimization},
 year = {2013}
}

@inproceedings{hamme2013diagonalized,
 address = {Scottsdale, Arizona, USA},
 author = {Hamme, Hugo Van},
 booktitle = {1st International Conference on Learning Representations (ICLR)},
 editor = {Bengio, Yoshua and LeCun, Yann},
 month = {May},
 note = {\url{http://arxiv.org/abs/1301.3389}},
 series = {Conference Track Proceedings},
 title = {The Diagonalized Newton Algorithm for Nonnegative Matrix Factorization},
 year = {2013}
}

@inproceedings{hitziger2013jitteradaptive,
 address = {Scottsdale, Arizona, USA},
 author = {Hitziger, Sebastian and Clerc, Maureen and Alex, and Gramfort, re and S, and Saillet, rine and Bénaar, Christian G. and Papadopoulo, Théo},
 booktitle = {1st International Conference on Learning Representations (ICLR)},
 editor = {Bengio, Yoshua and LeCun, Yann},
 month = {May},
 note = {\url{http://arxiv.org/abs/1301.3611}},
 series = {Conference Track Proceedings},
 title = {Jitter-Adaptive Dictionary Learning - Application to Multi-Trial Neuroelectric Signals},
 year = {2013}
}

@inproceedings{hoffman2013efficient,
 address = {Scottsdale, Arizona, USA},
 author = {Hoffman, Judy and Rodner, Erik and Donahue, Jeff and Saenko, Kate and Darrell, Trevor},
 booktitle = {1st International Conference on Learning Representations (ICLR)},
 editor = {Bengio, Yoshua and LeCun, Yann},
 month = {May},
 note = {\url{http://arxiv.org/abs/1301.3224}},
 series = {Conference Track Proceedings},
 title = {Efficient Learning of Domain-invariant Image Representations},
 year = {2013}
}

@inproceedings{kiros2013training,
 address = {Scottsdale, Arizona, USA},
 author = {Kiros, Ryan},
 booktitle = {1st International Conference on Learning Representations (ICLR)},
 editor = {Bengio, Yoshua and LeCun, Yann},
 month = {May},
 note = {\url{http://arxiv.org/abs/1301.3641}},
 series = {Conference Track Proceedings},
 title = {Training Neural Networks with Stochastic Hessian-Free Optimization},
 year = {2013}
}

@inproceedings{maaten2013barneshutsne,
 address = {Scottsdale, Arizona, USA},
 author = {Maaten, Laurens van der},
 booktitle = {1st International Conference on Learning Representations (ICLR)},
 editor = {Bengio, Yoshua and LeCun, Yann},
 month = {May},
 note = {\url{http://arxiv.org/abs/1301.3342}},
 series = {Conference Track Proceedings},
 title = {Barnes-Hut-SNE},
 year = {2013}
}

@inproceedings{montufar2013discrete,
 address = {Scottsdale, Arizona, USA},
 author = {Montúfar, Guido and Morton, Jason},
 booktitle = {1st International Conference on Learning Representations (ICLR)},
 editor = {Bengio, Yoshua and LeCun, Yann},
 month = {May},
 note = {\url{http://arxiv.org/abs/1301.3529}},
 series = {Conference Track Proceedings},
 title = {Discrete Restricted Boltzmann Machines},
 year = {2013}
}

@inproceedings{potluru2013block,
 address = {Scottsdale, Arizona, USA},
 author = {Potluru, Vamsi K. and Plis, Sergey M. and Roux, Jonathan Le and Pearlmutter, Barak A. and Calhoun, Vince D. and Hayes, Thomas P.},
 booktitle = {1st International Conference on Learning Representations (ICLR)},
 editor = {Bengio, Yoshua and LeCun, Yann},
 month = {May},
 note = {\url{http://arxiv.org/abs/1301.3527}},
 series = {Conference Track Proceedings},
 title = {Block Coordinate Descent for Sparse NMF},
 year = {2013}
}

@inproceedings{rolfe2013discriminative,
 address = {Scottsdale, Arizona, USA},
 author = {Rolfe, Jason Tyler and LeCun, Yann},
 booktitle = {1st International Conference on Learning Representations (ICLR)},
 editor = {Bengio, Yoshua and LeCun, Yann},
 month = {May},
 note = {\url{http://arxiv.org/abs/1301.3775}},
 series = {Conference Track Proceedings},
 title = {Discriminative Recurrent Sparse Auto-Encoders},
 year = {2013}
}

@inproceedings{roux2013local,
 address = {Scottsdale, Arizona, USA},
 author = {Roux, Nicolas Le and Bach, Francis R.},
 booktitle = {1st International Conference on Learning Representations (ICLR)},
 editor = {Bengio, Yoshua and LeCun, Yann},
 month = {May},
 note = {\url{http://arxiv.org/abs/1109.0093}},
 series = {Conference Track Proceedings},
 title = {Local Component Analysis},
 year = {2013}
}

@inproceedings{schaul2013adaptive,
 address = {Scottsdale, Arizona, USA},
 author = {Schaul, Tom and LeCun, Yann},
 booktitle = {1st International Conference on Learning Representations (ICLR)},
 editor = {Bengio, Yoshua and LeCun, Yann},
 month = {May},
 note = {\url{http://arxiv.org/abs/1301.3764}},
 series = {Conference Track Proceedings},
 title = {Adaptive learning rates and parallelization for stochastic, sparse, non-smooth gradients},
 year = {2013}
}

@inproceedings{scheible2013cutting,
 address = {Scottsdale, Arizona, USA},
 author = {Scheible, Christian and Schütze, Hinrich},
 booktitle = {1st International Conference on Learning Representations (ICLR)},
 editor = {Bengio, Yoshua and LeCun, Yann},
 month = {May},
 note = {\url{http://arxiv.org/abs/1301.2811}},
 series = {Conference Track Proceedings},
 title = {Cutting Recursive Autoencoder Trees},
 year = {2013}
}

@inproceedings{yu2013feature,
 address = {Scottsdale, Arizona, USA},
 author = {Yu, Dong and Seltzer, Michael L. and Li, Jinyu and Huang, Jui-Ting and Seide, Frank},
 booktitle = {1st International Conference on Learning Representations (ICLR)},
 editor = {Bengio, Yoshua and LeCun, Yann},
 month = {May},
 note = {\url{http://arxiv.org/abs/1301.3605}},
 series = {Conference Track Proceedings},
 title = {Feature Learning in Deep Neural Networks - A Study on Speech Recognition Tasks},
 year = {2013}
}

@inproceedings{yuille2013complexity,
 address = {Scottsdale, Arizona, USA},
 author = {Yuille, Alan L. and Mottaghi, Roozbeh},
 booktitle = {1st International Conference on Learning Representations (ICLR)},
 editor = {Bengio, Yoshua and LeCun, Yann},
 month = {May},
 note = {\url{http://arxiv.org/abs/1301.3560}},
 series = {Conference Track Proceedings},
 title = {Complexity of Representation and Inference in Compositional Models with Part Sharing},
 year = {2013}
}

@inproceedings{zeiler2013stochastic,
 address = {Scottsdale, Arizona, USA},
 author = {Zeiler, Matthew D. and Fergus, Rob},
 booktitle = {1st International Conference on Learning Representations (ICLR)},
 editor = {Bengio, Yoshua and LeCun, Yann},
 month = {May},
 note = {\url{http://arxiv.org/abs/1301.3557}},
 series = {Conference Track Proceedings},
 title = {Stochastic Pooling for Regularization of Deep Convolutional Neural Networks},
 year = {2013}
}
