@inproceedings{aleks2014semistochastic,
  address = {Banff, Alberta, Canada},
  author = {Aleks and Aravkin, r Y. and Choromanska, Anna and Kanevsky, Dimitri and Jebara, Tony},
  booktitle = {2nd International Conference on Learning Representations (ICLR)},
  editor = {Bengio, Yoshua and LeCun, Yann},
  month = {April},
  note = {<http://arxiv.org/abs/1309.1369>},
  openalex = {W2408164939},
  series = {Workshop Track Proceedings},
  title = {Semistochastic Quadratic Bound Methods for Convex and Nonconvex Learning Problems},
  year = {2014}
}

@inproceedings{alsharif2014endtoend,
  address = {Banff, Alberta, Canada},
  author = {Alsharif, Ouais and Pineau, Joelle},
  booktitle = {2nd International Conference on Learning Representations (ICLR)},
  editor = {Bengio, Yoshua and LeCun, Yann},
  month = {April},
  note = {<http://arxiv.org/abs/1310.1811>},
  openalex = {W1557952530},
  series = {Workshop Track Proceedings},
  title = {End-to-End Text Recognition with Hybrid HMM Maxout Models},
  year = {2014}
}

@inproceedings{athanasakis2014learning,
  address = {Banff, Alberta, Canada},
  author = {Athanasakis, Dimitris and Shawe-Taylor, John and Fern, Delmiro and ez-Reyes},
  booktitle = {2nd International Conference on Learning Representations (ICLR)},
  editor = {Bengio, Yoshua and LeCun, Yann},
  month = {April},
  note = {<http://arxiv.org/abs/1312.5869>},
  openalex = {W2979940277},
  series = {Workshop Track Proceedings},
  title = {Learning Non-Linear Feature Maps, With An Application To Representation Learning},
  year = {2014}
}

@inproceedings{bai2014learning,
  address = {Banff, Alberta, Canada},
  author = {Bai, Yalong and Yang, Kuiyuan and Yu, Wei and Ma, Wei-Ying and Zhao, Tiejun},
  booktitle = {2nd International Conference on Learning Representations (ICLR)},
  editor = {Bengio, Yoshua and LeCun, Yann},
  month = {April},
  note = {<http://arxiv.org/abs/1312.4740>},
  openalex = {W2294339199},
  series = {Workshop Track Proceedings},
  title = {Learning High-level Image Representation for Image Retrieval via Multi-Task DNN using Clickthrough Data},
  year = {2014}
}

@inproceedings{berglund2014stochastic,
  address = {Banff, Alberta, Canada},
  author = {Berglund, Mathias and Raiko, Tapani},
  booktitle = {2nd International Conference on Learning Representations (ICLR)},
  editor = {Bengio, Yoshua and LeCun, Yann},
  month = {April},
  note = {<http://arxiv.org/abs/1312.6002>},
  openalex = {W1821506916},
  series = {Workshop Track Proceedings},
  title = {Stochastic Gradient Estimate Variance in Contrastive Divergence and Persistent Contrastive Divergence},
  year = {2014}
}

@inproceedings{bowman2014can,
  address = {Banff, Alberta, Canada},
  author = {Bowman, Samuel R.},
  booktitle = {2nd International Conference on Learning Representations (ICLR)},
  editor = {Bengio, Yoshua and LeCun, Yann},
  month = {April},
  note = {<http://arxiv.org/abs/1312.6192>},
  openalex = {W1652981786},
  series = {Workshop Track Proceedings},
  title = {Can recursive neural tensor networks learn logical reasoning?},
  year = {2014}
}

@inproceedings{chen2014new,
  address = {Banff, Alberta, Canada},
  author = {Chen, Jianshu and Deng, Li},
  booktitle = {2nd International Conference on Learning Representations (ICLR)},
  editor = {Bengio, Yoshua and LeCun, Yann},
  month = {April},
  note = {<http://arxiv.org/abs/1311.6091>},
  openalex = {W2964207879},
  series = {Workshop Track Proceedings},
  title = {A New Method for Learning Deep Recurrent Neural Networks},
  year = {2014}
}

@inproceedings{connor2014architecture,
  address = {Banff, Alberta, Canada},
  author = {Connor, Patrick C. and Trappenberg, Thomas},
  booktitle = {2nd International Conference on Learning Representations (ICLR)},
  editor = {Bengio, Yoshua and LeCun, Yann},
  month = {April},
  note = {<http://arxiv.org/abs/1312.5714>},
  openalex = {W197688093},
  series = {Workshop Track Proceedings},
  title = {An Architecture for Distinguishing between Predictors and Inhibitors in Reinforcement Learning},
  year = {2014}
}

@inproceedings{contardo2014learning,
  address = {Banff, Alberta, Canada},
  author = {Contardo, Gabriella and Denoyer, Ludovic and Artières, Thierry and Gallinari, Patrick},
  booktitle = {2nd International Conference on Learning Representations (ICLR)},
  editor = {Bengio, Yoshua and LeCun, Yann},
  month = {April},
  note = {<http://arxiv.org/abs/1312.6042>},
  openalex = {W2964019573},
  series = {Workshop Track Proceedings},
  title = {Learning States Representations in POMDP},
  year = {2014}
}

@inproceedings{davis2014lowrank,
  address = {Banff, Alberta, Canada},
  author = {Davis, Andrew S. and Arel, Itamar},
  booktitle = {2nd International Conference on Learning Representations (ICLR)},
  editor = {Bengio, Yoshua and LeCun, Yann},
  month = {April},
  note = {<http://arxiv.org/abs/1312.4461>},
  openalex = {W1549825062},
  series = {Workshop Track Proceedings},
  title = {Low-Rank Approximations for Conditional Feedforward Computation in Deep Neural Networks},
  year = {2014}
}

@inproceedings{dosovitskiy2014unsupervised,
  address = {Banff, Alberta, Canada},
  author = {Dosovitskiy, Alexey and Springenberg, Jost Tobias and Brox, Thomas},
  booktitle = {2nd International Conference on Learning Representations (ICLR)},
  editor = {Bengio, Yoshua and LeCun, Yann},
  month = {April},
  note = {<http://arxiv.org/abs/1312.5242>},
  openalex = {W1804629308},
  series = {Workshop Track Proceedings},
  title = {Unsupervised feature learning by augmenting single images},
  year = {2014}
}

@inproceedings{eigen2014learning,
  address = {Banff, Alberta, Canada},
  author = {Eigen, David and Ranzato, Marc'Aurelio and Sutskever, Ilya},
  booktitle = {2nd International Conference on Learning Representations (ICLR)},
  editor = {Bengio, Yoshua and LeCun, Yann},
  month = {April},
  note = {<http://arxiv.org/abs/1312.4314>},
  openalex = {W1593114658},
  series = {Workshop Track Proceedings},
  title = {Learning Factored Representations in a Deep Mixture of Experts},
  year = {2014}
}

@inproceedings{eigen2014understanding,
  address = {Banff, Alberta, Canada},
  author = {Eigen, David and Rolfe, Jason Tyler and Fergus, Rob and LeCun, Yann},
  booktitle = {2nd International Conference on Learning Representations (ICLR)},
  editor = {Bengio, Yoshua and LeCun, Yann},
  month = {April},
  note = {<http://arxiv.org/abs/1312.1847>},
  openalex = {W2963025229},
  series = {Workshop Track Proceedings},
  title = {Understanding Deep Architectures using a Recursive Convolutional Network},
  year = {2014}
}

@inproceedings{giraldo2014ratedistortion,
  address = {Banff, Alberta, Canada},
  author = {Giraldo, Luis Gonzalo Sánchez and Príncipe, José C.},
  booktitle = {2nd International Conference on Learning Representations (ICLR)},
  editor = {Bengio, Yoshua and LeCun, Yann},
  month = {April},
  note = {<http://arxiv.org/abs/1312.7381>},
  series = {Workshop Track Proceedings},
  title = {Rate-Distortion Auto-Encoders},
  year = {2014}
}

@inproceedings{he2014unsupervised,
  address = {Banff, Alberta, Canada},
  author = {He, Yunlong and Kavukcuoglu, Koray and Wang, Yun and Szlam, Arthur and Qi, Yanjun},
  booktitle = {2nd International Conference on Learning Representations (ICLR)},
  editor = {Bengio, Yoshua and LeCun, Yann},
  month = {April},
  note = {<http://arxiv.org/abs/1312.5783>},
  openalex = {W2931883679},
  series = {Workshop Track Proceedings},
  title = {Unsupervised Feature Learning by Deep Sparse Coding},
  year = {2014}
}

@inproceedings{hoffman2014oneshot,
  address = {Banff, Alberta, Canada},
  author = {Hoffman, Judy and Tzeng, Eric and Donahue, Jeff and Jia, Yangqing and Saenko, Kate and Darrell, Trevor},
  booktitle = {2nd International Conference on Learning Representations (ICLR)},
  editor = {Bengio, Yoshua and LeCun, Yann},
  month = {April},
  note = {<http://arxiv.org/abs/1312.6204>},
  openalex = {W2117155597},
  series = {Workshop Track Proceedings},
  title = {One-Shot Adaptation of Supervised Deep Convolutional Models},
  year = {2014}
}

@inproceedings{huval2014deep,
  address = {Banff, Alberta, Canada},
  author = {Huval, Brody and Coates, Adam and Ng, Andrew Y.},
  booktitle = {2nd International Conference on Learning Representations (ICLR)},
  editor = {Bengio, Yoshua and LeCun, Yann},
  month = {April},
  note = {<http://arxiv.org/abs/1312.6885>},
  openalex = {W2963095109},
  series = {Workshop Track Proceedings},
  title = {Deep learning for class-generic object detection},
  year = {2014}
}

@inproceedings{kegl2014correlationbased,
  address = {Banff, Alberta, Canada},
  author = {Kégl, Balázs},
  booktitle = {2nd International Conference on Learning Representations (ICLR)},
  editor = {Bengio, Yoshua and LeCun, Yann},
  month = {April},
  note = {<http://arxiv.org/abs/1312.7335>},
  openalex = {W2963547708},
  series = {Workshop Track Proceedings},
  title = {Correlation-based construction of neighborhood and edge features},
  year = {2014}
}

@inproceedings{keyvanrad2014deep,
  address = {Banff, Alberta, Canada},
  author = {Keyvanrad, Mohammad Ali and Pezeshki, Mohammad and Homayounpour, Mohammad Ali},
  booktitle = {2nd International Conference on Learning Representations (ICLR)},
  editor = {Bengio, Yoshua and LeCun, Yann},
  month = {April},
  note = {<http://arxiv.org/abs/1312.6158>},
  openalex = {W1856983386},
  series = {Workshop Track Proceedings},
  title = {Deep Belief Networks for Image Denoising},
  year = {2014}
}

@inproceedings{kiwaki2014approximated,
  address = {Banff, Alberta, Canada},
  author = {Kiwaki, Taichi and Makino, Takaki and Aihara, Kazuyuki},
  booktitle = {2nd International Conference on Learning Representations (ICLR)},
  editor = {Bengio, Yoshua and LeCun, Yann},
  month = {April},
  note = {<http://arxiv.org/abs/1312.5412>},
  openalex = {W2964113419},
  series = {Workshop Track Proceedings},
  title = {Approximated Infomax Early Stopping: Revisiting Gaussian RBMs on Natural Images},
  year = {2014}
}

@inproceedings{lagnier2014learning,
  address = {Banff, Alberta, Canada},
  author = {Lagnier, Cédric and Bourigault, Simon and Lamprier, Sylvain and Denoyer, Ludovic and Gallinari, Patrick},
  booktitle = {2nd International Conference on Learning Representations (ICLR)},
  editor = {Bengio, Yoshua and LeCun, Yann},
  month = {April},
  note = {<http://arxiv.org/abs/1312.6169>},
  openalex = {W1647163553},
  series = {Workshop Track Proceedings},
  title = {Learning Information Spread in Content Networks},
  year = {2014}
}

@inproceedings{liao2014image,
  address = {Banff, Alberta, Canada},
  author = {Liao, Yiyi and Wang, Yue and Liu, Yong},
  booktitle = {2nd International Conference on Learning Representations (ICLR)},
  editor = {Bengio, Yoshua and LeCun, Yann},
  month = {April},
  note = {<http://arxiv.org/abs/1312.0786>},
  openalex = {W2962932753},
  series = {Workshop Track Proceedings},
  title = {Image Representation Learning Using Graph Regularized Auto-Encoders},
  year = {2014}
}

@inproceedings{modi2014learning,
  address = {Banff, Alberta, Canada},
  author = {Modi, Ashutosh and Titov, Ivan},
  booktitle = {2nd International Conference on Learning Representations (ICLR)},
  editor = {Bengio, Yoshua and LeCun, Yann},
  month = {April},
  note = {<http://arxiv.org/abs/1312.5198>},
  openalex = {W2963838094},
  series = {Workshop Track Proceedings},
  title = {Learning Semantic Script Knowledge with Event Embeddings},
  year = {2014}
}

@inproceedings{nepal2014factorial,
  address = {Banff, Alberta, Canada},
  author = {Nepal, Anjan and Alex and Yates, er},
  booktitle = {2nd International Conference on Learning Representations (ICLR)},
  editor = {Bengio, Yoshua and LeCun, Yann},
  month = {April},
  note = {<http://arxiv.org/abs/1312.6168>},
  openalex = {W2963939516},
  series = {Workshop Track Proceedings},
  title = {Factorial Hidden Markov Models for Learning Representations of Natural Language},
  year = {2014}
}

@inproceedings{oyallon2014generic,
  address = {Banff, Alberta, Canada},
  author = {Oyallon, Edouard and Mallat, Stéphane and Sifre, Laurent},
  booktitle = {2nd International Conference on Learning Representations (ICLR)},
  editor = {Bengio, Yoshua and LeCun, Yann},
  month = {April},
  note = {<http://arxiv.org/abs/1312.5940>},
  openalex = {W1540630895},
  series = {Workshop Track Proceedings},
  title = {Generic Deep Networks with Wavelet Scattering},
  year = {2014}
}

@inproceedings{ozair2014multimodal,
  address = {Banff, Alberta, Canada},
  author = {Ozair, Sherjil and Yao, Li and Bengio, Yoshua},
  booktitle = {2nd International Conference on Learning Representations (ICLR)},
  editor = {Bengio, Yoshua and LeCun, Yann},
  month = {April},
  note = {<http://arxiv.org/abs/1312.5578>},
  openalex = {W1814923578},
  series = {Workshop Track Proceedings},
  title = {Multimodal Transitions for Generative Stochastic Networks},
  year = {2014}
}

@inproceedings{paine2014gpu,
  address = {Banff, Alberta, Canada},
  author = {Paine, Thomas and Jin, Hailin and Yang, Jianchao and Lin, Zhe and Huang, Thomas S.},
  booktitle = {2nd International Conference on Learning Representations (ICLR)},
  editor = {Bengio, Yoshua and LeCun, Yann},
  month = {April},
  note = {<http://arxiv.org/abs/1312.6186>},
  openalex = {W2117499659},
  series = {Workshop Track Proceedings},
  title = {GPU Asynchronous Stochastic Gradient Descent to Speed Up Neural Network Training},
  year = {2014}
}

@inproceedings{plis2014deep,
  address = {Banff, Alberta, Canada},
  author = {Plis, Sergey M. and Hjelm, R. Devon and Salakhutdinov, Ruslan and Calhoun, Vince D.},
  booktitle = {2nd International Conference on Learning Representations (ICLR)},
  editor = {Bengio, Yoshua and LeCun, Yann},
  month = {April},
  note = {<http://arxiv.org/abs/1312.5847>},
  openalex = {W1972498024},
  series = {Workshop Track Proceedings},
  title = {Deep learning for neuroimaging: a validation study},
  year = {2014}
}

@inproceedings{prats2014stopping,
  address = {Banff, Alberta, Canada},
  author = {Prats, David Buchaca and Romero, Enrique and Mazzanti, Ferran and Delgado, Jordi},
  booktitle = {2nd International Conference on Learning Representations (ICLR)},
  editor = {Bengio, Yoshua and LeCun, Yann},
  month = {April},
  note = {<http://arxiv.org/abs/1312.6062>},
  openalex = {W1979025975},
  series = {Workshop Track Proceedings},
  title = {Stopping Criteria in Contrastive Divergence: Alternatives to the Reconstruction Error},
  year = {2014}
}

@inproceedings{sergienya2014distributional,
  address = {Banff, Alberta, Canada},
  author = {Sergienya, Irina and Schütze, Hinrich},
  booktitle = {2nd International Conference on Learning Representations (ICLR)},
  editor = {Bengio, Yoshua and LeCun, Yann},
  month = {April},
  note = {<http://arxiv.org/abs/1312.5559>},
  openalex = {W2963083994},
  series = {Workshop Track Proceedings},
  title = {Distributional Models and Deep Learning Embeddings: Combining the Best of Both Worlds},
  year = {2014}
}

@inproceedings{shan2014efficient,
  address = {Banff, Alberta, Canada},
  author = {Shan, Honghao and Cottrell, Garrison W.},
  booktitle = {2nd International Conference on Learning Representations (ICLR)},
  editor = {Bengio, Yoshua and LeCun, Yann},
  month = {April},
  note = {<http://arxiv.org/abs/1312.6077>},
  openalex = {W1783208898},
  series = {Workshop Track Proceedings},
  title = {Efficient Visual Coding: From Retina To V2},
  year = {2014}
}

@inproceedings{simonyan2014deep,
  address = {Banff, Alberta, Canada},
  author = {Simonyan, Karen and Vedaldi, Andrea and Zisserman, Andrew},
  booktitle = {2nd International Conference on Learning Representations (ICLR)},
  editor = {Bengio, Yoshua and LeCun, Yann},
  month = {April},
  note = {<http://arxiv.org/abs/1312.6034>},
  openalex = {W2962851944},
  series = {Workshop Track Proceedings},
  title = {Deep Inside Convolutional Networks: Visualising Image Classification Models and Saliency Maps},
  year = {2014}
}

@inproceedings{springenberg2014improving,
  address = {Banff, Alberta, Canada},
  author = {Springenberg, Jost Tobias and Riedmiller, Martin A.},
  booktitle = {2nd International Conference on Learning Representations (ICLR)},
  editor = {Bengio, Yoshua and LeCun, Yann},
  month = {April},
  note = {<http://arxiv.org/abs/1312.6116>},
  openalex = {W1694178301},
  series = {Workshop Track Proceedings},
  title = {Improving Deep Neural Networks with Probabilistic Maxout Units},
  year = {2014}
}

@inproceedings{tetelman2014continuous,
  address = {Banff, Alberta, Canada},
  author = {Tetelman, Michael},
  booktitle = {2nd International Conference on Learning Representations (ICLR)},
  editor = {Bengio, Yoshua and LeCun, Yann},
  month = {April},
  note = {<http://arxiv.org/abs/1312.5398>},
  openalex = {W2115339451},
  series = {Workshop Track Proceedings},
  title = {Continuous Learning: Engineering Super Features With Feature Algebras},
  year = {2014}
}

@inproceedings{wang2014modeling,
  address = {Banff, Alberta, Canada},
  author = {Wang, Nan and Wiskott, Laurenz and Jancke, Dirk},
  booktitle = {2nd International Conference on Learning Representations (ICLR)},
  editor = {Bengio, Yoshua and LeCun, Yann},
  month = {April},
  note = {<http://arxiv.org/abs/1312.6108>},
  openalex = {W1730342082},
  series = {Workshop Track Proceedings},
  title = {Modeling correlations in spontaneous activity of visual cortex with centered Gaussian-binary deep Boltzmann machines},
  year = {2014}
}

@inproceedings{wang2014relaxations,
  address = {Banff, Alberta, Canada},
  author = {Wang, Sida I. and Frostig, Roy and Liang, Percy and Manning, Christopher D.},
  booktitle = {2nd International Conference on Learning Representations (ICLR)},
  editor = {Bengio, Yoshua and LeCun, Yann},
  month = {April},
  note = {<http://arxiv.org/abs/1312.6205>},
  openalex = {W2152887538},
  series = {Workshop Track Proceedings},
  title = {Relaxations for inference in restricted Boltzmann machines},
  year = {2014}
}

@inproceedings{yadan2014multigpu,
  address = {Banff, Alberta, Canada},
  author = {Yadan, Omry and Adams, Keith and Taigman, Yaniv and Ranzato, Marc'Aurelio},
  booktitle = {2nd International Conference on Learning Representations (ICLR)},
  editor = {Bengio, Yoshua and LeCun, Yann},
  month = {April},
  note = {<http://arxiv.org/abs/1312.5853>},
  openalex = {W2952388062},
  series = {Workshop Track Proceedings},
  title = {Multi-GPU Training of ConvNets},
  year = {2014}
}

@inproceedings{yin2014deep,
  address = {Banff, Alberta, Canada},
  author = {Yin, Wenpeng and Schütze, Hinrich},
  booktitle = {2nd International Conference on Learning Representations (ICLR)},
  editor = {Bengio, Yoshua and LeCun, Yann},
  month = {April},
  note = {<http://arxiv.org/abs/1312.5129>},
  openalex = {W1560939323},
  series = {Workshop Track Proceedings},
  title = {Deep Learning Embeddings for Discontinuous Linguistic Units},
  year = {2014}
}
