@inproceedings{bayer2014on,
  address =      {Banff, Alberta, Canada},
  author =       {Bayer, Justin and Osendorfer, Christian and
                  Korhammer, Daniela and Chen, Nutan and Urban,
                  Sebastian and Smagt, Patrick van der},
  booktitle =    {2nd International Conference on Learning
                  Representations (ICLR)},
  editor =       {Bengio, Yoshua and LeCun, Yann},
  month =        {April},
  note =         {\url{http://arxiv.org/abs/1311.0701}},
  openalex =     {W2115701093},
  series =       {Conference Track Proceedings},
  title =        {On Fast Dropout and its Applicability to Recurrent
                  Networks},
  year =         2014
}

@inproceedings{bengio2014bounding,
  address =      {Banff, Alberta, Canada},
  author =       {Bengio, Yoshua and Yao, Li and Cho, Kyunghyun},
  booktitle =    {2nd International Conference on Learning
                  Representations (ICLR)},
  editor =       {Bengio, Yoshua and LeCun, Yann},
  month =        {April},
  note =         {\url{http://arxiv.org/abs/1311.6184}},
  openalex =     {W1843615162},
  series =       {Conference Track Proceedings},
  title =        {Bounding the Test Log-Likelihood of Generative
                  Models},
  year =         2014
}

@inproceedings{bogovic2014learned,
  address =      {Banff, Alberta, Canada},
  author =       {Bogovic, John and Huang, Gary B. and Jain, Viren},
  booktitle =    {2nd International Conference on Learning
                  Representations (ICLR)},
  editor =       {Bengio, Yoshua and LeCun, Yann},
  month =        {April},
  note =         {\url{http://arxiv.org/abs/1312.6159}},
  openalex =     {W1770122472},
  series =       {Conference Track Proceedings},
  title =        {Learned versus Hand-Designed Feature Representations
                  for 3d Agglomeration},
  year =         2014
}

@inproceedings{bruna2014spectral,
  address =      {Banff, Alberta, Canada},
  author =       {Bruna, Joan and Zaremba, Wojciech and Szlam, Arthur
                  and LeCun, Yann},
  booktitle =    {2nd International Conference on Learning
                  Representations (ICLR)},
  editor =       {Bengio, Yoshua and LeCun, Yann},
  month =        {April},
  note =         {\url{http://arxiv.org/abs/1312.6203}},
  openalex =     {W2964311892},
  series =       {Conference Track Proceedings},
  title =        {Spectral Networks and Locally Connected Networks on
                  Graphs},
  year =         2014
}

@inproceedings{dauphin2014zero,
  address =      {Banff, Alberta, Canada},
  author =       {Dauphin, Yann N. and Tür, Gökhan and Hakkani‐Tür,
                  Dilek and Heck, Larry},
  booktitle =    {2nd International Conference on Learning
                  Representations (ICLR)},
  editor =       {Bengio, Yoshua and LeCun, Yann},
  month =        {April},
  note =         {\url{http://arxiv.org/abs/1401.0509}},
  openalex =     {W2974986490},
  series =       {Conference Track Proceedings},
  title =        {Zero-Shot Learning and Clustering for Semantic
                  Utterance Classification},
  year =         2014
}

@inproceedings{dulacarnold2014sequentially,
  address =      {Banff, Alberta, Canada},
  author =       {Dulac-Arnold, Gabriel and Denoyer, Ludovic and
                  Thome, Nicolas and Cord, Matthieu and Gallinari,
                  Patrick},
  booktitle =    {2nd International Conference on Learning
                  Representations (ICLR)},
  editor =       {Bengio, Yoshua and LeCun, Yann},
  month =        {April},
  note =         {\url{http://arxiv.org/abs/1312.6594}},
  openalex =     {W2964182148},
  series =       {Conference Track Proceedings},
  title =        {Sequentially Generated Instance-Dependent Image
                  Representations for Classification},
  year =         2014
}

@inproceedings{gong2014deep,
  address =      {Banff, Alberta, Canada},
  author =       {Gong, Yunchao and Jia, Yangqing and Leung, Thomas
                  and Toshev, Alexander and Ioffe, Sergey},
  booktitle =    {2nd International Conference on Learning
                  Representations (ICLR)},
  editor =       {Bengio, Yoshua and LeCun, Yann},
  month =        {April},
  note =         {\url{http://arxiv.org/abs/1312.4894}},
  openalex =     {W1514027499},
  series =       {Conference Track Proceedings},
  title =        {Deep Convolutional Ranking for Multilabel Image
                  Annotation},
  year =         2014
}

@inproceedings{goodfellow2014empirical,
  address =      {Banff, Alberta, Canada},
  author =       {Goodfellow, Ian and Mirza, Mehdi and Da, Xiao and
                  Courville, Aaron and Bengio, Yoshua},
  booktitle =    {2nd International Conference on Learning
                  Representations (ICLR)},
  editor =       {Bengio, Yoshua and LeCun, Yann},
  month =        {April},
  note =         {\url{http://arxiv.org/abs/1312.6211}},
  openalex =     {W2113839990},
  series =       {Conference Track Proceedings},
  title =        {An Empirical Investigation of Catastrophic
                  Forgetting in Gradient-Based Neural Networks},
  year =         2014
}

@inproceedings{goodfellow2014multi,
  address =      {Banff, Alberta, Canada},
  author =       {Goodfellow, Ian and Bulatov, Yaroslav and Ibarz,
                  Julian and Arnoud, Sacha and Shet, Vinay},
  booktitle =    {2nd International Conference on Learning
                  Representations (ICLR)},
  editor =       {Bengio, Yoshua and LeCun, Yann},
  month =        {April},
  note =         {\url{http://arxiv.org/abs/1312.6082}},
  openalex =     {W1827297289},
  series =       {Conference Track Proceedings},
  title =        {Multi-digit Number Recognition from Street View
                  Imagery using Deep Convolutional Neural Networks},
  year =         2014
}

@inproceedings{hermann2014simple,
  address =      {Banff, Alberta, Canada},
  author =       {Hermann, Karl Moritz and Blunsom, Phil},
  booktitle =    {2nd International Conference on Learning
                  Representations (ICLR)},
  editor =       {Bengio, Yoshua and LeCun, Yann},
  month =        {April},
  note =         {\url{http://arxiv.org/abs/1312.6173}},
  openalex =     {W2987352513},
  series =       {Conference Track Proceedings},
  title =        {A Simple Model for Learning Multilingual
                  Compositional Semantics},
  year =         2014
}

@inproceedings{howard2014some,
  address =      {Banff, Alberta, Canada},
  author =       {Howard, Andrew},
  booktitle =    {2nd International Conference on Learning
                  Representations (ICLR)},
  editor =       {Bengio, Yoshua and LeCun, Yann},
  month =        {April},
  note =         {\url{http://arxiv.org/abs/1312.5402}},
  openalex =     {W1709548961},
  series =       {Conference Track Proceedings},
  title =        {Some Improvements on Deep Convolutional Neural
                  Network Based Image Classification},
  year =         2014
}

@inproceedings{huang2014deep,
  address =      {Banff, Alberta, Canada},
  author =       {Huang, Gary B. and Jain, Viren},
  booktitle =    {2nd International Conference on Learning
                  Representations (ICLR)},
  editor =       {Bengio, Yoshua and LeCun, Yann},
  month =        {April},
  note =         {\url{http://arxiv.org/abs/1310.0354}},
  openalex =     {W2153378748},
  series =       {Conference Track Proceedings},
  title =        {Deep and Wide Multiscale Recursive Networks for
                  Robust Image Labeling},
  year =         2014
}

@inproceedings{jain2014learning,
  address =      {Banff, Alberta, Canada},
  author =       {Jain, Arjun and Tompson, Jonathan and Andriluka,
                  Mykhaylo and Taylor, Graham W. and Bregler,
                  Christoph},
  booktitle =    {2nd International Conference on Learning
                  Representations (ICLR)},
  editor =       {Bengio, Yoshua and LeCun, Yann},
  month =        {April},
  note =         {\url{http://arxiv.org/abs/1312.7302}},
  openalex =     {W1816678934},
  series =       {Conference Track Proceedings},
  title =        {Learning Human Pose Estimation Features with
                  Convolutional Networks},
  year =         2014
}

@inproceedings{kegl2014return,
  address =      {Banff, Alberta, Canada},
  author =       {Kégl, Balázs},
  booktitle =    {2nd International Conference on Learning
                  Representations (ICLR)},
  editor =       {Bengio, Yoshua and LeCun, Yann},
  month =        {April},
  note =         {\url{http://arxiv.org/abs/1312.6086}},
  openalex =     {W1521032781},
  series =       {Conference Track Proceedings},
  title =        {The return of AdaBoost.MH: multi-class Hamming
                  trees},
  year =         2014
}

@inproceedings{kingma2014auto,
  address =      {Banff, Alberta, Canada},
  author =       {Kingma, Diederik P. and Welling, Max},
  booktitle =    {2nd International Conference on Learning
                  Representations (ICLR)},
  editor =       {Bengio, Yoshua and LeCun, Yann},
  month =        {April},
  note =         {\url{http://arxiv.org/abs/1312.6114}},
  openalex =     {W1959608418},
  series =       {Conference Track Proceedings},
  title =        {Auto-Encoding Variational Bayes},
  year =         2014
}

@inproceedings{klami2014group,
  address =      {Banff, Alberta, Canada},
  author =       {Klami, Arto and Bouchard, Guillaume and Tripathi,
                  Abhishek},
  booktitle =    {2nd International Conference on Learning
                  Representations (ICLR)},
  editor =       {Bengio, Yoshua and LeCun, Yann},
  month =        {April},
  note =         {\url{http://arxiv.org/abs/1312.5921}},
  openalex =     {W1518712659},
  series =       {Conference Track Proceedings},
  title =        {Group-sparse Embeddings in Collective Matrix
                  Factorization},
  year =         2014
}

@inproceedings{konda2014role,
  address =      {Banff, Alberta, Canada},
  author =       {Konda, Kishore Reddy and Rol, and Memisevic, and
                  Michalski, Vincent},
  booktitle =    {2nd International Conference on Learning
                  Representations (ICLR)},
  editor =       {Bengio, Yoshua and LeCun, Yann},
  month =        {April},
  note =         {\url{http://arxiv.org/abs/1306.3162}},
  series =       {Conference Track Proceedings},
  title =        {The role of spatio-temporal synchrony in the
                  encoding of motion},
  year =         2014
}

@inproceedings{liang2014generative,
  address =      {Banff, Alberta, Canada},
  author =       {Liang, Dawen and Hoffman, Matthew D. and Mysore,
                  Gautham J.},
  booktitle =    {2nd International Conference on Learning
                  Representations (ICLR)},
  editor =       {Bengio, Yoshua and LeCun, Yann},
  month =        {April},
  note =         {\url{http://arxiv.org/abs/1312.5857}},
  openalex =     {W2964069509},
  series =       {Conference Track Proceedings},
  title =        {A Generative Product-of-Filters Model of Audio},
  year =         2014
}

@inproceedings{lin2014network,
  address =      {Banff, Alberta, Canada},
  author =       {Lin, Min and Chen, Qiang and Yan, Shuicheng},
  booktitle =    {2nd International Conference on Learning
                  Representations (ICLR)},
  editor =       {Bengio, Yoshua and LeCun, Yann},
  month =        {April},
  note =         {\url{http://arxiv.org/abs/1312.4400}},
  openalex =     {W1799366690},
  series =       {Conference Track Proceedings},
  title =        {Network In Network},
  year =         2014
}

@inproceedings{makhzani2014k,
  address =      {Banff, Alberta, Canada},
  author =       {Makhzani, Alireza and Frey, Brendan J.},
  booktitle =    {2nd International Conference on Learning
                  Representations (ICLR)},
  editor =       {Bengio, Yoshua and LeCun, Yann},
  month =        {April},
  note =         {\url{http://arxiv.org/abs/1312.5663}},
  openalex =     {W1853900790},
  series =       {Conference Track Proceedings},
  title =        {k-Sparse Autoencoders},
  year =         2014
}

@inproceedings{masci2014sparse,
  address =      {Banff, Alberta, Canada},
  author =       {Masci, Jonathan and Bronstein, Alex and Bronstein,
                  Michael M. and Sprechmann, Pablo and Sapiro,
                  Guillermo},
  booktitle =    {2nd International Conference on Learning
                  Representations (ICLR)},
  editor =       {Bengio, Yoshua and LeCun, Yann},
  month =        {April},
  note =         {\url{http://arxiv.org/abs/1312.5479}},
  openalex =     {W2963167031},
  series =       {Conference Track Proceedings},
  title =        {Sparse similarity-preserving hashing},
  year =         2014
}

@inproceedings{mathieu2014fast,
  address =      {Banff, Alberta, Canada},
  author =       {Mathieu, Michaël and Henaff, Mikael and LeCun, Yann},
  booktitle =    {2nd International Conference on Learning
                  Representations (ICLR)},
  editor =       {Bengio, Yoshua and LeCun, Yann},
  month =        {April},
  note =         {\url{http://arxiv.org/abs/1312.5851}},
  openalex =     {W1922123711},
  series =       {Conference Track Proceedings},
  title =        {Fast Training of Convolutional Networks through
                  FFTs},
  year =         2014
}

@inproceedings{norouzi2014zero,
  address =      {Banff, Alberta, Canada},
  author =       {Norouzi, Mohammad and Mikolov, Tomáš and Bengio,
                  Samy and Singer, Yoram and Shlens, Jonathon and
                  Frome, Andrea and Corrado, Greg S. and Dean, Jay B.},
  booktitle =    {2nd International Conference on Learning
                  Representations (ICLR)},
  editor =       {Bengio, Yoshua and LeCun, Yann},
  month =        {April},
  note =         {\url{http://arxiv.org/abs/1312.5650}},
  openalex =     {W93016980},
  series =       {Conference Track Proceedings},
  title =        {Zero-Shot Learning by Convex Combination of Semantic
                  Embeddings},
  year =         2014
}

@inproceedings{pascanu2014on,
  address =      {Banff, Alberta, Canada},
  author =       {Pascanu, Razvan and Montúfar, Guido and Bengio,
                  Yoshua},
  booktitle =    {2nd International Conference on Learning
                  Representations (ICLR)},
  editor =       {Bengio, Yoshua and LeCun, Yann},
  month =        {April},
  note =         {\url{http://arxiv.org/abs/1312.6098}},
  openalex =     {W2034276439},
  series =       {Conference Track Proceedings},
  title =        {On the number of inference regions of deep feed
                  forward networks with piece-wise linear activations},
  year =         2014
}

@inproceedings{pascanu2014revisiting,
  address =      {Banff, Alberta, Canada},
  author =       {Pascanu, Razvan and Bengio, Yoshua},
  booktitle =    {2nd International Conference on Learning
                  Representations (ICLR)},
  editor =       {Bengio, Yoshua and LeCun, Yann},
  month =        {April},
  note =         {\url{http://arxiv.org/abs/1301.3584}},
  openalex =     {W2964309400},
  series =       {Conference Track Proceedings},
  title =        {Revisiting Natural Gradient for Deep Networks},
  year =         2014
}

@inproceedings{pascanu2014to,
  address =      {Banff, Alberta, Canada},
  author =       {Pascanu, Razvan and Gülçehre, Çaǧlar and Cho,
                  Kyunghyun and Bengio, Yoshua},
  booktitle =    {2nd International Conference on Learning
                  Representations (ICLR)},
  editor =       {Bengio, Yoshua and LeCun, Yann},
  month =        {April},
  note =         {\url{http://arxiv.org/abs/1312.6026}},
  openalex =     {W2964335273},
  series =       {Conference Track Proceedings},
  title =        {How to Construct Deep Recurrent Neural Networks},
  year =         2014
}

@inproceedings{pepik2014multi,
  address =      {Banff, Alberta, Canada},
  author =       {Pepik, Bojan and Stark, Michael and Gehler, Peter
                  and Schiele, Bernt},
  booktitle =    {2nd International Conference on Learning
                  Representations (ICLR)},
  editor =       {Bengio, Yoshua and LeCun, Yann},
  month =        {April},
  note =         {\url{http://arxiv.org/abs/1312.6095}},
  openalex =     {W1511541422},
  series =       {Conference Track Proceedings},
  title =        {Multi-View Priors for Learning Detectors from Sparse
                  Viewpoint Data},
  year =         2014
}

@inproceedings{qiu2014learning,
  address =      {Banff, Alberta, Canada},
  author =       {Qiu, Qiang and Sapiro, Guillermo},
  booktitle =    {2nd International Conference on Learning
                  Representations (ICLR)},
  editor =       {Bengio, Yoshua and LeCun, Yann},
  month =        {April},
  note =         {\url{http://arxiv.org/abs/1312.5604}},
  openalex =     {W1713158786},
  series =       {Conference Track Proceedings},
  title =        {Learning Transformations for Classification Forests},
  year =         2014
}

@inproceedings{reichert2014neuronal,
  address =      {Banff, Alberta, Canada},
  author =       {Reichert, David and Serre, T.},
  booktitle =    {2nd International Conference on Learning
                  Representations (ICLR)},
  editor =       {Bengio, Yoshua and LeCun, Yann},
  month =        {April},
  note =         {\url{http://arxiv.org/abs/1312.6115}},
  openalex =     {W2962802184},
  series =       {Conference Track Proceedings},
  title =        {Neuronal Synchrony in Complex-Valued Deep Networks},
  year =         2014
}

@inproceedings{schaul2014unit,
  address =      {Banff, Alberta, Canada},
  author =       {Schaul, Tom and Antonoglou, Ioannis and Silver,
                  David},
  booktitle =    {2nd International Conference on Learning
                  Representations (ICLR)},
  editor =       {Bengio, Yoshua and LeCun, Yann},
  month =        {April},
  note =         {\url{http://arxiv.org/abs/1312.6055}},
  openalex =     {W2102446222},
  series =       {Conference Track Proceedings},
  title =        {Unit Tests for Stochastic Optimization},
  year =         2014
}

@inproceedings{sermanet2014overfeat,
  address =      {Banff, Alberta, Canada},
  author =       {Sermanet, Pierre and Eigen, David and Zhang, Xiang
                  and Mathieu, Michaël and Fergus, Rob and LeCun,
                  Yann},
  booktitle =    {2nd International Conference on Learning
                  Representations (ICLR)},
  editor =       {Bengio, Yoshua and LeCun, Yann},
  month =        {April},
  note =         {\url{http://arxiv.org/abs/1312.6229}},
  openalex =     {W2963542991},
  series =       {Conference Track Proceedings},
  title =        {OverFeat: Integrated Recognition, Localization and
                  Detection using Convolutional Networks},
  year =         2014
}

@inproceedings{szegedy2014intriguing,
  address =      {Banff, Alberta, Canada},
  author =       {Szegedy, Christian and Zaremba, Wojciech and
                  Sutskever, Ilya and Bruna, Joan and Erhan, Dumitru
                  and Goodfellow, Ian and Fergus, Rob},
  booktitle =    {2nd International Conference on Learning
                  Representations (ICLR)},
  editor =       {Bengio, Yoshua and LeCun, Yann},
  month =        {April},
  note =         {\url{http://arxiv.org/abs/1312.6199}},
  openalex =     {W2964153729},
  series =       {Conference Track Proceedings},
  title =        {Intriguing properties of neural networks},
  year =         2014
}

@inproceedings{tran2014exmoves,
  address =      {Banff, Alberta, Canada},
  author =       {Tran, Du and Torresani, Lorenzo},
  booktitle =    {2nd International Conference on Learning
                  Representations (ICLR)},
  editor =       {Bengio, Yoshua and LeCun, Yann},
  month =        {April},
  note =         {\url{http://arxiv.org/abs/1312.5785}},
  openalex =     {W1796848575},
  series =       {Conference Track Proceedings},
  title =        {EXMOVES: Classifier-based Features for Scalable
                  Action Recognition},
  year =         2014
}

@inproceedings{wardefarley2014empirical,
  address =      {Banff, Alberta, Canada},
  author =       {Warde-Farley, David and Goodfellow, Ian and
                  Courville, Aaron and Bengio, Yoshua},
  booktitle =    {2nd International Conference on Learning
                  Representations (ICLR)},
  editor =       {Bengio, Yoshua and LeCun, Yann},
  month =        {April},
  note =         {\url{http://arxiv.org/abs/1312.6197}},
  openalex =     {W1485147275},
  series =       {Conference Track Proceedings},
  title =        {An empirical analysis of dropout in piecewise linear
                  networks},
  year =         2014
}
