@inproceedings{bayer2014on,
 address = {Banff, Alberta, Canada},
 author = {Bayer, Justin and Osendorfer, Christian and Chen, Nutan and Urban, Sebastian and van der Smagt, Patrick},
 booktitle = {2nd International Conference on Learning Representations (ICLR)},
 editor = {Bengio, Yoshua and LeCun, Yann},
 month = {April},
 note = {\url{http://arxiv.org/abs/1311.0701}},
 series = {Conference Track Proceedings},
 title = {On Fast Dropout and its Applicability to Recurrent Networks},
 year = {2014}
}

@inproceedings{bengio2014bounding,
 address = {Banff, Alberta, Canada},
 author = {Bengio, Yoshua and Yao, Li},
 booktitle = {2nd International Conference on Learning Representations (ICLR)},
 editor = {Bengio, Yoshua and LeCun, Yann},
 month = {April},
 note = {\url{http://arxiv.org/abs/1311.6184}},
 series = {Conference Track Proceedings},
 title = {Bounding the Test Log-Likelihood of Generative Models},
 year = {2014}
}

@inproceedings{bogovic2014learned,
 address = {Banff, Alberta, Canada},
 author = {Bogovic, John A. and Huang, Gary B. and Jain, Viren},
 booktitle = {2nd International Conference on Learning Representations (ICLR)},
 editor = {Bengio, Yoshua and LeCun, Yann},
 month = {April},
 note = {\url{http://arxiv.org/abs/1312.6159}},
 series = {Conference Track Proceedings},
 title = {Learned versus Hand-Designed Feature Representations for 3D Agglomeration},
 year = {2014}
}

@inproceedings{bruna2014spectral,
 address = {Banff, Alberta, Canada},
 author = {Bruna, Joan and Zaremba, Wojciech and Szlam, Arthur and LeCun, Yann},
 booktitle = {2nd International Conference on Learning Representations (ICLR)},
 editor = {Bengio, Yoshua and LeCun, Yann},
 month = {April},
 note = {\url{http://arxiv.org/abs/1312.6203}},
 series = {Conference Track Proceedings},
 title = {Spectral Networks and Locally Connected Networks on Graphs},
 year = {2014}
}

@inproceedings{dauphin2014zero,
 address = {Banff, Alberta, Canada},
 author = {Dauphin, Yann N. and Tür, Gökhan and Hakkani-Tür, Dilek and Heck, Larry P.},
 booktitle = {2nd International Conference on Learning Representations (ICLR)},
 editor = {Bengio, Yoshua and LeCun, Yann},
 month = {April},
 note = {\url{http://arxiv.org/abs/1401.0509}},
 series = {Conference Track Proceedings},
 title = {Zero-Shot Learning and Clustering for Semantic Utterance Classification},
 year = {2014}
}

@inproceedings{dulacarnold2014sequentially,
 address = {Banff, Alberta, Canada},
 author = {Dulac-Arnold, Gabriel and Denoyer, Ludovic and Thome, Nicolas and Cord, Matthieu and Gallinari, Patrick},
 booktitle = {2nd International Conference on Learning Representations (ICLR)},
 editor = {Bengio, Yoshua and LeCun, Yann},
 month = {April},
 note = {\url{http://arxiv.org/abs/1312.6594}},
 series = {Conference Track Proceedings},
 title = {Sequentially Generated Instance-Dependent Image Representations for Classification},
 year = {2014}
}

@inproceedings{gong2014deep,
 address = {Banff, Alberta, Canada},
 author = {Gong, Yunchao and Jia, Yangqing and Leung, Thomas and Toshev, er and Ioffe, Sergey},
 booktitle = {2nd International Conference on Learning Representations (ICLR)},
 editor = {Bengio, Yoshua and LeCun, Yann},
 month = {April},
 note = {\url{http://arxiv.org/abs/1312.4894}},
 series = {Conference Track Proceedings},
 title = {Deep Convolutional Ranking for Multilabel Image Annotation},
 year = {2014}
}

@inproceedings{goodfellow2014empirical,
 address = {Banff, Alberta, Canada},
 author = {Goodfellow, Ian J. and Mirza, Mehdi and Da, Xia and Courville, Aaron C. and Bengio, Yoshua},
 booktitle = {2nd International Conference on Learning Representations (ICLR)},
 editor = {Bengio, Yoshua and LeCun, Yann},
 month = {April},
 note = {\url{http://arxiv.org/abs/1312.6211}},
 series = {Conference Track Proceedings},
 title = {An Empirical Investigation of Catastrophic Forgetting in Gradient-Based Neural Networks},
 year = {2014}
}

@inproceedings{goodfellow2014multi,
 address = {Banff, Alberta, Canada},
 author = {Goodfellow, Ian J. and Bulatov, Yaroslav and Ibarz, Julian and Arnoud, Sacha and Shet, Vinay D.},
 booktitle = {2nd International Conference on Learning Representations (ICLR)},
 editor = {Bengio, Yoshua and LeCun, Yann},
 month = {April},
 note = {\url{http://arxiv.org/abs/1312.6082}},
 series = {Conference Track Proceedings},
 title = {Multi-digit Number Recognition from Street View Imagery using Deep Convolutional Neural Networks},
 year = {2014}
}

@inproceedings{hermann2014simple,
 address = {Banff, Alberta, Canada},
 author = {Hermann, Karl Moritz and Blunsom, Phil},
 booktitle = {2nd International Conference on Learning Representations (ICLR)},
 editor = {Bengio, Yoshua and LeCun, Yann},
 month = {April},
 note = {\url{http://arxiv.org/abs/1312.6173}},
 series = {Conference Track Proceedings},
 title = {A Simple Model for Learning Multilingual Compositional Semantics},
 year = {2014}
}

@inproceedings{howard2014some,
 address = {Banff, Alberta, Canada},
 author = {Howard, Andrew G.},
 booktitle = {2nd International Conference on Learning Representations (ICLR)},
 editor = {Bengio, Yoshua and LeCun, Yann},
 month = {April},
 note = {\url{http://arxiv.org/abs/1312.5402}},
 series = {Conference Track Proceedings},
 title = {Some Improvements on Deep Convolutional Neural Network Based Image Classification},
 year = {2014}
}

@inproceedings{huang2014deep,
 address = {Banff, Alberta, Canada},
 author = {Huang, Gary B. and Jain, Viren},
 booktitle = {2nd International Conference on Learning Representations (ICLR)},
 editor = {Bengio, Yoshua and LeCun, Yann},
 month = {April},
 note = {\url{http://arxiv.org/abs/1310.0354}},
 series = {Conference Track Proceedings},
 title = {Deep and Wide Multiscale Recursive Networks for Robust Image Labeling},
 year = {2014}
}

@inproceedings{jain2014learning,
 address = {Banff, Alberta, Canada},
 author = {Jain, Arjun and Tompson, Jonathan and Andriluka, Mykhaylo and Taylor, Graham W. and Bregler, Christoph},
 booktitle = {2nd International Conference on Learning Representations (ICLR)},
 editor = {Bengio, Yoshua and LeCun, Yann},
 month = {April},
 note = {\url{http://arxiv.org/abs/1312.7302}},
 series = {Conference Track Proceedings},
 title = {Learning Human Pose Estimation Features with Convolutional Networks},
 year = {2014}
}

@inproceedings{kegl2014return,
 address = {Banff, Alberta, Canada},
 author = {Kégl, Balázs},
 booktitle = {2nd International Conference on Learning Representations (ICLR)},
 editor = {Bengio, Yoshua and LeCun, Yann},
 month = {April},
 note = {\url{http://arxiv.org/abs/1312.6086}},
 series = {Conference Track Proceedings},
 title = {The return of AdaBoost.MH: multi-class Hamming trees},
 year = {2014}
}

@inproceedings{kingma2014auto,
 address = {Banff, Alberta, Canada},
 author = {Kingma, Diederik P. and Welling, Max},
 booktitle = {2nd International Conference on Learning Representations (ICLR)},
 editor = {Bengio, Yoshua and LeCun, Yann},
 month = {April},
 note = {\url{http://arxiv.org/abs/1312.6114}},
 series = {Conference Track Proceedings},
 title = {Auto-Encoding Variational Bayes},
 year = {2014}
}

@inproceedings{klami2014group,
 address = {Banff, Alberta, Canada},
 author = {Klami, Arto and Bouchard, Guillaume and Tripathi, Abhishek},
 booktitle = {2nd International Conference on Learning Representations (ICLR)},
 editor = {Bengio, Yoshua and LeCun, Yann},
 month = {April},
 note = {\url{http://arxiv.org/abs/1312.5921}},
 series = {Conference Track Proceedings},
 title = {Group-sparse Embeddings in Collective Matrix Factorization},
 year = {2014}
}

@inproceedings{konda2014role,
 address = {Banff, Alberta, Canada},
 author = {Konda, Kishore Reddy and Rol, and Memisevic, and Michalski, Vincent},
 booktitle = {2nd International Conference on Learning Representations (ICLR)},
 editor = {Bengio, Yoshua and LeCun, Yann},
 month = {April},
 note = {\url{http://arxiv.org/abs/1306.3162}},
 series = {Conference Track Proceedings},
 title = {The role of spatio-temporal synchrony in the encoding of motion},
 year = {2014}
}

@inproceedings{liang2014generative,
 address = {Banff, Alberta, Canada},
 author = {Liang, Dawen and Hoffman, Matthew D. and Mysore, Gautham J.},
 booktitle = {2nd International Conference on Learning Representations (ICLR)},
 editor = {Bengio, Yoshua and LeCun, Yann},
 month = {April},
 note = {\url{http://arxiv.org/abs/1312.5857}},
 series = {Conference Track Proceedings},
 title = {A Generative Product-of-Filters Model of Audio},
 year = {2014}
}

@inproceedings{lin2014network,
 address = {Banff, Alberta, Canada},
 author = {Lin, Min and Chen, Qiang and Yan, Shuicheng},
 booktitle = {2nd International Conference on Learning Representations (ICLR)},
 editor = {Bengio, Yoshua and LeCun, Yann},
 month = {April},
 note = {\url{http://arxiv.org/abs/1312.4400}},
 series = {Conference Track Proceedings},
 title = {Network In Network},
 year = {2014}
}

@inproceedings{makhzani2014k,
 address = {Banff, Alberta, Canada},
 author = {Makhzani, Alireza and Frey, Brendan J.},
 booktitle = {2nd International Conference on Learning Representations (ICLR)},
 editor = {Bengio, Yoshua and LeCun, Yann},
 month = {April},
 note = {\url{http://arxiv.org/abs/1312.5663}},
 series = {Conference Track Proceedings},
 title = {k-Sparse Autoencoders},
 year = {2014}
}

@inproceedings{masci2014sparse,
 address = {Banff, Alberta, Canada},
 author = {Masci, Jonathan and Bronstein, M. and Bronstein, Michael M. and Sprechmann, Pablo and Sapiro, Guillermo},
 booktitle = {2nd International Conference on Learning Representations (ICLR)},
 editor = {Bengio, Yoshua and LeCun, Yann},
 month = {April},
 note = {\url{http://arxiv.org/abs/1312.5479}},
 series = {Conference Track Proceedings},
 title = {Sparse similarity-preserving hashing},
 year = {2014}
}

@inproceedings{mathieu2014fast,
 address = {Banff, Alberta, Canada},
 author = {Mathieu, Michaël and Henaff, Mikael and LeCun, Yann},
 booktitle = {2nd International Conference on Learning Representations (ICLR)},
 editor = {Bengio, Yoshua and LeCun, Yann},
 month = {April},
 note = {\url{http://arxiv.org/abs/1312.5851}},
 series = {Conference Track Proceedings},
 title = {Fast Training of Convolutional Networks through FFTs},
 year = {2014}
}

@inproceedings{norouzi2014zero,
 address = {Banff, Alberta, Canada},
 author = {Norouzi, Mohammad and Mikolov, Tomáš and Bengio, Samy and Singer, Yoram and Shlens, Jonathon and Frome, Andrea and Corrado, Greg and Dean, Jeffrey},
 booktitle = {2nd International Conference on Learning Representations (ICLR)},
 editor = {Bengio, Yoshua and LeCun, Yann},
 month = {April},
 note = {\url{http://arxiv.org/abs/1312.5650}},
 series = {Conference Track Proceedings},
 title = {Zero-Shot Learning by Convex Combination of Semantic Embeddings},
 year = {2014}
}

@inproceedings{pascanu2014on,
 address = {Banff, Alberta, Canada},
 author = {Pascanu, Razvan and Montúfar, Guido and Bengio, Yoshua},
 booktitle = {2nd International Conference on Learning Representations (ICLR)},
 editor = {Bengio, Yoshua and LeCun, Yann},
 month = {April},
 note = {\url{http://arxiv.org/abs/1312.6098}},
 series = {Conference Track Proceedings},
 title = {On the number of inference regions of deep feed forward networks with piece-wise linear activations},
 year = {2014}
}

@inproceedings{pascanu2014revisiting,
 address = {Banff, Alberta, Canada},
 author = {Pascanu, Razvan and Bengio, Yoshua},
 booktitle = {2nd International Conference on Learning Representations (ICLR)},
 editor = {Bengio, Yoshua and LeCun, Yann},
 month = {April},
 note = {\url{http://arxiv.org/abs/1301.3584}},
 series = {Conference Track Proceedings},
 title = {Revisiting Natural Gradient for Deep Networks},
 year = {2014}
}

@inproceedings{pascanu2014to,
 address = {Banff, Alberta, Canada},
 author = {Pascanu, Razvan and Gülçehre, Çağlar and Cho, Kyunghyun and Bengio, Yoshua},
 booktitle = {2nd International Conference on Learning Representations (ICLR)},
 editor = {Bengio, Yoshua and LeCun, Yann},
 month = {April},
 note = {\url{http://arxiv.org/abs/1312.6026}},
 series = {Conference Track Proceedings},
 title = {How to Construct Deep Recurrent Neural Networks},
 year = {2014}
}

@inproceedings{pepik2014multi,
 address = {Banff, Alberta, Canada},
 author = {Pepik, Bojan and Stark, Michael and Gehler, Peter V. and Schiele, Bernt},
 booktitle = {2nd International Conference on Learning Representations (ICLR)},
 editor = {Bengio, Yoshua and LeCun, Yann},
 month = {April},
 note = {\url{http://arxiv.org/abs/1312.6095}},
 series = {Conference Track Proceedings},
 title = {Multi-View Priors for Learning Detectors from Sparse Viewpoint Data},
 year = {2014}
}

@inproceedings{qiu2014learning,
 address = {Banff, Alberta, Canada},
 author = {Qiu, Qiang and Sapiro, Guillermo},
 booktitle = {2nd International Conference on Learning Representations (ICLR)},
 editor = {Bengio, Yoshua and LeCun, Yann},
 month = {April},
 note = {\url{http://arxiv.org/abs/1312.5604}},
 series = {Conference Track Proceedings},
 title = {Learning Transformations for Classification Forests},
 year = {2014}
}

@inproceedings{reichert2014neuronal,
 address = {Banff, Alberta, Canada},
 author = {Reichert, David P. and Serre, Thomas},
 booktitle = {2nd International Conference on Learning Representations (ICLR)},
 editor = {Bengio, Yoshua and LeCun, Yann},
 month = {April},
 note = {\url{http://arxiv.org/abs/1312.6115}},
 series = {Conference Track Proceedings},
 title = {Neuronal Synchrony in Complex-Valued Deep Networks},
 year = {2014}
}

@inproceedings{schaul2014unit,
 address = {Banff, Alberta, Canada},
 author = {Schaul, Tom and Antonoglou, Ioannis and Silver, David},
 booktitle = {2nd International Conference on Learning Representations (ICLR)},
 editor = {Bengio, Yoshua and LeCun, Yann},
 month = {April},
 note = {\url{http://arxiv.org/abs/1312.6055}},
 series = {Conference Track Proceedings},
 title = {Unit Tests for Stochastic Optimization},
 year = {2014}
}

@inproceedings{sermanet2014overfeat,
 address = {Banff, Alberta, Canada},
 author = {Sermanet, Pierre and Eigen, David and Zhang, Xiang and Mathieu, Michaël and Fergus, Rob and LeCun, Yann},
 booktitle = {2nd International Conference on Learning Representations (ICLR)},
 editor = {Bengio, Yoshua and LeCun, Yann},
 month = {April},
 note = {\url{http://arxiv.org/abs/1312.6229}},
 series = {Conference Track Proceedings},
 title = {OverFeat: Integrated Recognition, Localization and Detection using Convolutional Networks},
 year = {2014}
}

@inproceedings{szegedy2014intriguing,
 address = {Banff, Alberta, Canada},
 author = {Szegedy, Christian and Zaremba, Wojciech and Sutskever, Ilya and Bruna, Joan and Erhan, Dumitru and Goodfellow, Ian J. and Fergus, Rob},
 booktitle = {2nd International Conference on Learning Representations (ICLR)},
 editor = {Bengio, Yoshua and LeCun, Yann},
 month = {April},
 note = {\url{http://arxiv.org/abs/1312.6199}},
 series = {Conference Track Proceedings},
 title = {Intriguing properties of neural networks},
 year = {2014}
}

@inproceedings{tran2014exmoves,
 address = {Banff, Alberta, Canada},
 author = {Tran, Du and Torresani, Lorenzo},
 booktitle = {2nd International Conference on Learning Representations (ICLR)},
 editor = {Bengio, Yoshua and LeCun, Yann},
 month = {April},
 note = {\url{http://arxiv.org/abs/1312.5785}},
 series = {Conference Track Proceedings},
 title = {EXMOVES: Classifier-based Features for Scalable Action Recognition},
 year = {2014}
}

@inproceedings{wardefarley2014empirical,
 address = {Banff, Alberta, Canada},
 author = {Warde-Farley, David and Goodfellow, Ian J. and Courville, Aaron C. and Bengio, Yoshua},
 booktitle = {2nd International Conference on Learning Representations (ICLR)},
 editor = {Bengio, Yoshua and LeCun, Yann},
 month = {April},
 note = {\url{http://arxiv.org/abs/1312.6197}},
 series = {Conference Track Proceedings},
 title = {An empirical analysis of dropout in piecewise linear networks},
 year = {2014}
}
