@inproceedings{ba2015multiple,
 address = {San Diego, California, USA},
 author = {Ba, Jimmy and Mnih, Volodymyr and Kavukcuoglu, Koray},
 booktitle = {3rd International Conference on Learning Representations (ICLR)},
 editor = {Bengio, Yoshua and LeCun, Yann},
 month = {May},
 note = {\url{http://arxiv.org/abs/1412.7755}},
 series = {Conference Track Proceedings},
 title = {Multiple Object Recognition with Visual Attention},
 year = {2015}
}

@inproceedings{bahdanau2015neural,
 address = {San Diego, California, USA},
 author = {Bahdanau, Dzmitry and Cho, Kyunghyun and Bengio, Yoshua},
 booktitle = {3rd International Conference on Learning Representations (ICLR)},
 editor = {Bengio, Yoshua and LeCun, Yann},
 month = {May},
 note = {\url{http://arxiv.org/abs/1409.0473}},
 series = {Conference Track Proceedings},
 title = {Neural Machine Translation by Jointly Learning to Align and Translate},
 year = {2015}
}

@inproceedings{bornschein2015reweighted,
 address = {San Diego, California, USA},
 author = {Bornschein, Jörg and Bengio, Yoshua},
 booktitle = {3rd International Conference on Learning Representations (ICLR)},
 editor = {Bengio, Yoshua and LeCun, Yann},
 month = {May},
 note = {\url{http://arxiv.org/abs/1406.2751}},
 series = {Conference Track Proceedings},
 title = {Reweighted Wake-Sleep},
 year = {2015}
}

@inproceedings{chen2015semantic,
 address = {San Diego, California, USA},
 author = {Chen, Liang-Chieh and Pap, George and Reou, and Kokkinos, Iasonas and Murphy, Kevin and Yuille, Alan L.},
 booktitle = {3rd International Conference on Learning Representations (ICLR)},
 editor = {Bengio, Yoshua and LeCun, Yann},
 month = {May},
 note = {\url{http://arxiv.org/abs/1412.7062}},
 series = {Conference Track Proceedings},
 title = {Semantic Image Segmentation with Deep Convolutional Nets and Fully Connected CRFs},
 year = {2015}
}

@inproceedings{cohen2015transformation,
 address = {San Diego, California, USA},
 author = {Cohen, Taco S. and Welling, Max},
 booktitle = {3rd International Conference on Learning Representations (ICLR)},
 editor = {Bengio, Yoshua and LeCun, Yann},
 month = {May},
 note = {\url{http://arxiv.org/abs/1412.7659}},
 series = {Conference Track Proceedings},
 title = {Transformation Properties of Learned Visual Representations},
 year = {2015}
}

@inproceedings{dai2015generative,
 address = {San Diego, California, USA},
 author = {Dai, Jifeng and Wu, Ying Nian},
 booktitle = {3rd International Conference on Learning Representations (ICLR)},
 editor = {Bengio, Yoshua and LeCun, Yann},
 month = {May},
 note = {\url{http://arxiv.org/abs/1412.6296}},
 series = {Conference Track Proceedings},
 title = {Generative Modeling of Convolutional Neural Networks},
 year = {2015}
}

@inproceedings{geras2015scheduled,
 address = {San Diego, California, USA},
 author = {Geras, Krzysztof J. and Sutton, Charles},
 booktitle = {3rd International Conference on Learning Representations (ICLR)},
 editor = {Bengio, Yoshua and LeCun, Yann},
 month = {May},
 note = {\url{http://arxiv.org/abs/1406.3269}},
 series = {Conference Track Proceedings},
 title = {Scheduled denoising autoencoders},
 year = {2015}
}

@inproceedings{goodfellow2015explaining,
 address = {San Diego, California, USA},
 author = {Goodfellow, Ian J. and Shlens, Jonathon and Szegedy, Christian},
 booktitle = {3rd International Conference on Learning Representations (ICLR)},
 editor = {Bengio, Yoshua and LeCun, Yann},
 month = {May},
 note = {\url{http://arxiv.org/abs/1412.6572}},
 series = {Conference Track Proceedings},
 title = {Explaining and Harnessing Adversarial Examples},
 year = {2015}
}

@inproceedings{goodfellow2015qualitatively,
 address = {San Diego, California, USA},
 author = {Goodfellow, Ian J. and Vinyals, Oriol},
 booktitle = {3rd International Conference on Learning Representations (ICLR)},
 editor = {Bengio, Yoshua and LeCun, Yann},
 month = {May},
 note = {\url{http://arxiv.org/abs/1412.6544}},
 series = {Conference Track Proceedings},
 title = {Qualitatively characterizing neural network optimization problems},
 year = {2015}
}

@inproceedings{henaff2015local,
 address = {San Diego, California, USA},
 author = {Hénaff, Olivier J. and Ballé, Johannes and Rabinowitz, Neil C. and Simoncelli, Eero P.},
 booktitle = {3rd International Conference on Learning Representations (ICLR)},
 editor = {Bengio, Yoshua and LeCun, Yann},
 month = {May},
 note = {\url{http://arxiv.org/abs/1412.6626}},
 series = {Conference Track Proceedings},
 title = {The local low-dimensionality of natural images},
 year = {2015}
}

@inproceedings{irsoy2015modeling,
 address = {San Diego, California, USA},
 author = {Irsoy, Ozan and Cardie, Claire},
 booktitle = {3rd International Conference on Learning Representations (ICLR)},
 editor = {Bengio, Yoshua and LeCun, Yann},
 month = {May},
 note = {\url{http://arxiv.org/abs/1412.6577}},
 series = {Conference Track Proceedings},
 title = {Modeling Compositionality with Multiplicative Recurrent Neural Networks},
 year = {2015}
}

@inproceedings{jaderberg2015deep,
 address = {San Diego, California, USA},
 author = {Jaderberg, Max and Simonyan, Karen and Vedaldi, Andrea and Zisserman, Andrew},
 booktitle = {3rd International Conference on Learning Representations (ICLR)},
 editor = {Bengio, Yoshua and LeCun, Yann},
 month = {May},
 note = {\url{http://arxiv.org/abs/1412.5903}},
 series = {Conference Track Proceedings},
 title = {Deep Structured Output Learning for Unconstrained Text Recognition},
 year = {2015}
}

@inproceedings{kingma2015adam,
 address = {San Diego, California, USA},
 author = {Kingma, Diederik P. and Ba, Jimmy},
 booktitle = {3rd International Conference on Learning Representations (ICLR)},
 editor = {Bengio, Yoshua and LeCun, Yann},
 month = {May},
 note = {\url{http://arxiv.org/abs/1412.6980}},
 series = {Conference Track Proceedings},
 title = {Adam: A Method for Stochastic Optimization},
 year = {2015}
}

@inproceedings{lebedev2015speedingup,
 address = {San Diego, California, USA},
 author = {Lebedev, Vadim and Ganin, Yaroslav and Rakhuba, Maksim and Oseledets, Ivan V. and Lempitsky, Victor S.},
 booktitle = {3rd International Conference on Learning Representations (ICLR)},
 editor = {Bengio, Yoshua and LeCun, Yann},
 month = {May},
 note = {\url{http://arxiv.org/abs/1412.6553}},
 series = {Conference Track Proceedings},
 title = {Speeding-up Convolutional Neural Networks Using Fine-tuned CP-Decomposition},
 year = {2015}
}

@inproceedings{maddison2015move,
 address = {San Diego, California, USA},
 author = {Maddison, Chris J. and Huang, Aja and Sutskever, Ilya and Silver, David},
 booktitle = {3rd International Conference on Learning Representations (ICLR)},
 editor = {Bengio, Yoshua and LeCun, Yann},
 month = {May},
 note = {\url{http://arxiv.org/abs/1412.6564}},
 series = {Conference Track Proceedings},
 title = {Move Evaluation in Go Using Deep Convolutional Neural Networks},
 year = {2015}
}

@inproceedings{mao2015deep,
 address = {San Diego, California, USA},
 author = {Mao, Junhua and Xu, Wei and Yang, Yi and Wang, Jiang and Yuille, Alan L.},
 booktitle = {3rd International Conference on Learning Representations (ICLR)},
 editor = {Bengio, Yoshua and LeCun, Yann},
 month = {May},
 note = {\url{http://arxiv.org/abs/1412.6632}},
 series = {Conference Track Proceedings},
 title = {Deep Captioning with Multimodal Recurrent Neural Networks (m-RNN)},
 year = {2015}
}

@inproceedings{montufar2015deep,
 address = {San Diego, California, USA},
 author = {Montúfar, Guido},
 booktitle = {3rd International Conference on Learning Representations (ICLR)},
 editor = {Bengio, Yoshua and LeCun, Yann},
 month = {May},
 note = {\url{http://arxiv.org/abs/1411.3784}},
 series = {Conference Track Proceedings},
 title = {Deep Narrow Boltzmann Machines are Universal Approximators},
 year = {2015}
}

@inproceedings{parizi2015automatic,
 address = {San Diego, California, USA},
 author = {Parizi, Sobhan Naderi and Vedaldi, Andrea and Zisserman, Andrew and Felzenszwalb, Pedro F.},
 booktitle = {3rd International Conference on Learning Representations (ICLR)},
 editor = {Bengio, Yoshua and LeCun, Yann},
 month = {May},
 note = {\url{http://arxiv.org/abs/1412.6598}},
 series = {Conference Track Proceedings},
 title = {Automatic Discovery and Optimization of Parts for Image Classification},
 year = {2015}
}

@inproceedings{raiko2015techniques,
 address = {San Diego, California, USA},
 author = {Raiko, Tapani and Berglund, Mathias and Alain, Guillaume and Dinh, Laurent},
 booktitle = {3rd International Conference on Learning Representations (ICLR)},
 editor = {Bengio, Yoshua and LeCun, Yann},
 month = {May},
 note = {\url{http://arxiv.org/abs/1406.2989}},
 series = {Conference Track Proceedings},
 title = {Techniques for Learning Binary Stochastic Feedforward Neural Networks},
 year = {2015}
}

@inproceedings{rol2015zero,
 address = {San Diego, California, USA},
 author = {Rol and Memisevic and Konda, Kishore Reddy and Krueger, David},
 booktitle = {3rd International Conference on Learning Representations (ICLR)},
 editor = {Bengio, Yoshua and LeCun, Yann},
 month = {May},
 note = {\url{http://arxiv.org/abs/1402.3337}},
 series = {Conference Track Proceedings},
 title = {Zero-bias autoencoders and the benefits of co-adapting features},
 year = {2015}
}

@inproceedings{romero2015fitnets,
 address = {San Diego, California, USA},
 author = {Romero, Adriana and Ballas, Nicolas and Kahou, Samira Ebrahimi and Chassang, Antoine and Gatta, Carlo and Bengio, Yoshua},
 booktitle = {3rd International Conference on Learning Representations (ICLR)},
 editor = {Bengio, Yoshua and LeCun, Yann},
 month = {May},
 note = {\url{http://arxiv.org/abs/1412.6550}},
 series = {Conference Track Proceedings},
 title = {FitNets: Hints for Thin Deep Nets},
 year = {2015}
}

@inproceedings{simonyan2015very,
 address = {San Diego, California, USA},
 author = {Simonyan, Karen and Zisserman, Andrew},
 booktitle = {3rd International Conference on Learning Representations (ICLR)},
 editor = {Bengio, Yoshua and LeCun, Yann},
 month = {May},
 note = {\url{http://arxiv.org/abs/1409.1556}},
 series = {Conference Track Proceedings},
 title = {Very Deep Convolutional Networks for Large-Scale Image Recognition},
 year = {2015}
}

@inproceedings{soyer2015leveraging,
 address = {San Diego, California, USA},
 author = {Soyer, Hubert and Stenetorp, Pontus and Aizawa, Akiko},
 booktitle = {3rd International Conference on Learning Representations (ICLR)},
 editor = {Bengio, Yoshua and LeCun, Yann},
 month = {May},
 note = {\url{http://arxiv.org/abs/1412.6334}},
 series = {Conference Track Proceedings},
 title = {Leveraging Monolingual Data for Crosslingual Compositional Word Representations},
 year = {2015}
}

@inproceedings{srivastava2015understanding,
 address = {San Diego, California, USA},
 author = {Srivastava, Rupesh Kumar and Masci, Jonathan and Gomez, Faustino J. and Schmidhuber, Jürgen},
 booktitle = {3rd International Conference on Learning Representations (ICLR)},
 editor = {Bengio, Yoshua and LeCun, Yann},
 month = {May},
 note = {\url{http://arxiv.org/abs/1410.1165}},
 series = {Conference Track Proceedings},
 title = {Understanding Locally Competitive Networks},
 year = {2015}
}

@inproceedings{vasilache2015fast,
 address = {San Diego, California, USA},
 author = {Vasilache, Nicolas and Johnson, Jeff and Mathieu, Michaël and Chintala, Soumith and Piantino, Serkan and LeCun, Yann},
 booktitle = {3rd International Conference on Learning Representations (ICLR)},
 editor = {Bengio, Yoshua and LeCun, Yann},
 month = {May},
 note = {\url{http://arxiv.org/abs/1412.7580}},
 series = {Conference Track Proceedings},
 title = {Fast Convolutional Nets With fbfft: A GPU Performance Evaluation},
 year = {2015}
}

@inproceedings{vilnis2015word,
 address = {San Diego, California, USA},
 author = {Vilnis, Luke and McCallum, Andrew},
 booktitle = {3rd International Conference on Learning Representations (ICLR)},
 editor = {Bengio, Yoshua and LeCun, Yann},
 month = {May},
 note = {\url{http://arxiv.org/abs/1412.6623}},
 series = {Conference Track Proceedings},
 title = {Word Representations via Gaussian Embedding},
 year = {2015}
}

@inproceedings{weston2015memory,
 address = {San Diego, California, USA},
 author = {Weston, Jason and Chopra, Sumit and Bordes, Antoine},
 booktitle = {3rd International Conference on Learning Representations (ICLR)},
 editor = {Bengio, Yoshua and LeCun, Yann},
 month = {May},
 note = {\url{http://arxiv.org/abs/1410.3916}},
 series = {Conference Track Proceedings},
 title = {Memory Networks},
 year = {2015}
}

@inproceedings{yang2015embedding,
 address = {San Diego, California, USA},
 author = {Yang, Bishan and Yih, Wen-Tau and He, Xiaodong and Gao, Jianfeng and Deng, Li},
 booktitle = {3rd International Conference on Learning Representations (ICLR)},
 editor = {Bengio, Yoshua and LeCun, Yann},
 month = {May},
 note = {\url{http://arxiv.org/abs/1412.6575}},
 series = {Conference Track Proceedings},
 title = {Embedding Entities and Relations for Learning and Inference in Knowledge Bases},
 year = {2015}
}

@inproceedings{yang2015unified,
 address = {San Diego, California, USA},
 author = {Yang, Yongxin and Hospedales, Timothy M.},
 booktitle = {3rd International Conference on Learning Representations (ICLR)},
 editor = {Bengio, Yoshua and LeCun, Yann},
 month = {May},
 note = {\url{http://arxiv.org/abs/1412.7489}},
 series = {Conference Track Proceedings},
 title = {A Unified Perspective on Multi-Domain and Multi-Task Learning},
 year = {2015}
}

@inproceedings{zhou2015object,
 address = {San Diego, California, USA},
 author = {Zhou, Bolei and Khosla, Aditya and Lapedriza, Ágata and Oliva, Aude and Torralba, Antonio},
 booktitle = {3rd International Conference on Learning Representations (ICLR)},
 editor = {Bengio, Yoshua and LeCun, Yann},
 month = {May},
 note = {\url{http://arxiv.org/abs/1412.6856}},
 series = {Conference Track Proceedings},
 title = {Object Detectors Emerge in Deep Scene CNNs},
 year = {2015}
}
