@inproceedings{agostinelli2015learning,
  address = {San Diego, California, USA},
  author = {Agostinelli, Forest and Hoffman, Matthew D. and Sadowski, Peter and Baldi, Pierre},
  booktitle = {3rd International Conference on Learning Representations (ICLR)},
  month = {May},
  note = {\url{http://arxiv.org/abs/1412.6830}},
  openalex = {W1683511521},
  series = {Workshop Track Proceedings},
  title = {Learning Activation Functions to Improve Deep Neural Networks},
  year = {2015}
}

@inproceedings{alex2015gradual,
  address = {San Diego, California, USA},
  author = {Kalmanovich, Alexander and Chechik, Gal},
  booktitle = {3rd International Conference on Learning Representations (ICLR)},
  month = {May},
  note = {\url{http://arxiv.org/abs/1504.02902}},
  openalex = {W2963255982},
  series = {Workshop Track Proceedings},
  title = {Gradual Training Method for Denoising Auto Encoders.},
  year = {2015}
}

@inproceedings{alshedivat2015learning,
  address = {San Diego, California, USA},
  author = {Al-Shedivat, Maruan and Neftci, Emre and Cauwenberghs, Gert},
  booktitle = {3rd International Conference on Learning Representations (ICLR)},
  month = {May},
  note = {\url{http://arxiv.org/abs/1412.7272}},
  openalex = {W147969812},
  series = {Workshop Track Proceedings},
  title = {Learning Non-deterministic Representations with Energy-based Ensembles},
  year = {2015}
}

@inproceedings{audhkhasi2015diverse,
  address = {San Diego, California, USA},
  author = {Audhkhasi, Kartik and Sethy, Abhinav and Ramabhadran, Bhuvana},
  booktitle = {3rd International Conference on Learning Representations (ICLR)},
  month = {May},
  note = {\url{http://arxiv.org/abs/1412.7063}},
  openalex = {W1931184598},
  series = {Workshop Track Proceedings},
  title = {Diverse Embedding Neural Network Language Models},
  year = {2015}
}

@inproceedings{bache2015hot,
  address = {San Diego, California, USA},
  author = {Bache, Kevin and DeCoste, Dennis and Smyth, Padhraic},
  booktitle = {3rd International Conference on Learning Representations (ICLR)},
  month = {May},
  note = {\url{http://arxiv.org/abs/1412.6599}},
  openalex = {W1570413585},
  series = {Workshop Track Proceedings},
  title = {Hot Swapping for Online Adaptation of Optimization Hyperparameters},
  year = {2015}
}

@inproceedings{chen2015learning,
  address = {San Diego, California, USA},
  author = {Chen, Liang-Chieh and Schwing, Alexander G. and Yuille, Alan and Urtasun, Raquel},
  booktitle = {3rd International Conference on Learning Representations (ICLR)},
  month = {May},
  note = {\url{http://arxiv.org/abs/1407.2538}},
  openalex = {W2131984901},
  series = {Workshop Track Proceedings},
  title = {Learning Deep Structured Models},
  year = {2015}
}

@inproceedings{chen2015restricted,
  address = {San Diego, California, USA},
  author = {Chen, Gang and Srihari, Sargur H.},
  booktitle = {3rd International Conference on Learning Representations (ICLR)},
  month = {May},
  note = {\url{http://arxiv.org/abs/1406.3407}},
  openalex = {W203407116},
  series = {Workshop Track Proceedings},
  title = {Restricted Boltzmann Machine for Classification with Hierarchical Correlated Prior},
  year = {2015}
}

@inproceedings{cheung2015discovering,
  address = {San Diego, California, USA},
  author = {Cheung, Brian and Livezey, Jesse A. and Bansal, Arjun K. and Olshausen, Bruno A.},
  booktitle = {3rd International Conference on Learning Representations (ICLR)},
  month = {May},
  note = {\url{http://arxiv.org/abs/1412.6583}},
  openalex = {W1915328033},
  series = {Workshop Track Proceedings},
  title = {Discovering Hidden Factors of Variation in Deep Networks},
  year = {2015}
}

@inproceedings{contardo2015representation,
  address = {San Diego, California, USA},
  author = {Contardo, Gabriella and Denoyer, Ludovic and Artières, Thierry},
  booktitle = {3rd International Conference on Learning Representations (ICLR)},
  month = {May},
  note = {\url{http://arxiv.org/abs/1412.7156}},
  openalex = {W1753973605},
  series = {Workshop Track Proceedings},
  title = {Representation Learning for cold-start recommendation},
  year = {2015}
}

@inproceedings{courbariaux2015low,
  address = {San Diego, California, USA},
  author = {Courbariaux, Matthieu and Bengio, Yoshua and David, Jean‐Pierre},
  booktitle = {3rd International Conference on Learning Representations (ICLR)},
  month = {May},
  note = {\url{http://arxiv.org/abs/1412.7024}},
  openalex = {W2114508814},
  series = {Workshop Track Proceedings},
  title = {Low precision arithmetic for deep learning.},
  year = {2015}
}

@inproceedings{ding2015theanobased,
  address = {San Diego, California, USA},
  author = {Ding, Wei‐Guang and Wang, Ruoyan and Mao, Fei and Taylor, Graham W.},
  booktitle = {3rd International Conference on Learning Representations (ICLR)},
  month = {May},
  note = {\url{http://arxiv.org/abs/1412.2302}},
  openalex = {W315953870},
  series = {Workshop Track Proceedings},
  title = {Theano-based Large-Scale Visual Recognition with Multiple GPUs},
  year = {2015}
}

@inproceedings{dinh2015nice,
  address = {San Diego, California, USA},
  author = {Dinh, Laurent and Krueger, David and Bengio, Yoshua},
  booktitle = {3rd International Conference on Learning Representations (ICLR)},
  month = {May},
  note = {\url{http://arxiv.org/abs/1410.8516}},
  openalex = {W1583912456},
  series = {Workshop Track Proceedings},
  title = {NICE: Non-linear Independent Components Estimation},
  year = {2015}
}

@inproceedings{dinu2015improving,
  address = {San Diego, California, USA},
  author = {Dinu, Georgiana and Lazaridou, Angeliki and Baroni, Marco},
  booktitle = {3rd International Conference on Learning Representations (ICLR)},
  month = {May},
  note = {\url{http://arxiv.org/abs/1412.6568}},
  openalex = {W2963061446},
  series = {Workshop Track Proceedings},
  title = {Improving zero-shot learning by mitigating the hubness problem},
  year = {2015}
}

@inproceedings{fabius2015variational,
  address = {San Diego, California, USA},
  author = {Fabius, Otto and Amersfoort, Joost R. van and Kingma, Diederik P.},
  booktitle = {3rd International Conference on Learning Representations (ICLR)},
  month = {May},
  note = {\url{http://arxiv.org/abs/1412.6581}},
  openalex = {W2962714411},
  series = {Workshop Track Proceedings},
  title = {Variational Recurrent Auto-Encoders},
  year = {2015}
}

@inproceedings{finn2015learning,
  address = {San Diego, California, USA},
  author = {Finn, Chelsea and Hendricks, Lisa Anne and Darrell, Trevor},
  booktitle = {3rd International Conference on Learning Representations (ICLR)},
  month = {May},
  note = {\url{http://arxiv.org/abs/1412.7155}},
  openalex = {W1953118629},
  series = {Workshop Track Proceedings},
  title = {Learning Compact Convolutional Neural Networks with Nested Dropout},
  year = {2015}
}

@inproceedings{fried2015incorporating,
  address = {San Diego, California, USA},
  author = {Fried, Daniel and Duh, Kevin},
  booktitle = {3rd International Conference on Learning Representations (ICLR)},
  month = {May},
  note = {\url{http://arxiv.org/abs/1412.5836}},
  openalex = {W1953971037},
  series = {Workshop Track Proceedings},
  title = {Incorporating Both Distributional and Relational Semantics in Word Representations},
  year = {2015}
}

@inproceedings{giryes2015on,
  address = {San Diego, California, USA},
  author = {Giryes, Raja and Sapiro, Guillermo and Bronstein, Alex},
  booktitle = {3rd International Conference on Learning Representations (ICLR)},
  month = {May},
  note = {\url{http://arxiv.org/abs/1412.5896}},
  openalex = {W2121733388},
  series = {Workshop Track Proceedings},
  title = {On the Stability of Deep Networks},
  year = {2015}
}

@inproceedings{goessling2015compact,
  address = {San Diego, California, USA},
  author = {Goessling, Marc and Amit, Yali},
  booktitle = {3rd International Conference on Learning Representations (ICLR)},
  month = {May},
  note = {\url{http://arxiv.org/abs/1412.3708}},
  openalex = {W2964159794},
  series = {Workshop Track Proceedings},
  title = {Compact Part-Based Image Representations: Extremal Competition and Overgeneralization},
  year = {2015}
}

@inproceedings{goodfellow2015on,
  address = {San Diego, California, USA},
  author = {Goodfellow, Ian},
  booktitle = {3rd International Conference on Learning Representations (ICLR)},
  month = {May},
  note = {\url{http://arxiv.org/abs/1412.6515}},
  openalex = {W284754667},
  series = {Workshop Track Proceedings},
  title = {On distinguishability criteria for estimating generative models},
  year = {2015}
}

@inproceedings{goroshin2015unsupervised,
  address = {San Diego, California, USA},
  author = {Goroshin, Ross and Bruna, Joan and Tompson, Jonathan and Eigen, David and LeCun, Yann},
  booktitle = {3rd International Conference on Learning Representations (ICLR)},
  month = {May},
  note = {\url{http://arxiv.org/abs/1504.02518}},
  openalex = {W1699156674},
  series = {Workshop Track Proceedings},
  title = {Unsupervised Feature Learning from Temporal Data},
  year = {2015}
}

@inproceedings{gu2015towards,
  address = {San Diego, California, USA},
  author = {Gu, Shixiang and Rigazio, Luca},
  booktitle = {3rd International Conference on Learning Representations (ICLR)},
  editor = {Bengio, Yoshua and LeCun, Yann},
  month = {May},
  note = {\url{http://arxiv.org/abs/1412.5068}},
  openalex = {W1883420340},
  series = {Workshop Track Proceedings},
  title = {Towards Deep Neural Network Architectures Robust to Adversarial Examples},
  year = {2015}
}

@inproceedings{hartono2015classifier,
  address = {San Diego, California, USA},
  author = {Trappenberg, Thomas and Hollensen, Paul and Hartono, Pitoyo},
  booktitle = {3rd International Conference on Learning Representations (ICLR)},
  month = {May},
  note = {\url{http://arxiv.org/abs/1412.6567}},
  openalex = {W2963824747},
  series = {Workshop Track Proceedings},
  title = {Classifier with hierarchical topographical maps as internal representation},
  year = {2015}
}

@inproceedings{hill2015embedding,
  address = {San Diego, California, USA},
  author = {Hill, Felix and Cho, Kyunghyun and Jean, Sébastien and Devin, Coline and Bengio, Yoshua},
  booktitle = {3rd International Conference on Learning Representations (ICLR)},
  month = {May},
  note = {\url{http://arxiv.org/abs/1412.6448}},
  openalex = {W2145908128},
  series = {Workshop Track Proceedings},
  title = {Embedding Word Similarity with Neural Machine Translation},
  year = {2015}
}

@inproceedings{hoffer2015deep,
  address = {San Diego, California, USA},
  author = {Hoffer, Elad and Ailon, Nir},
  booktitle = {3rd International Conference on Learning Representations (ICLR)},
  month = {May},
  note = {\url{http://arxiv.org/abs/1412.6622}},
  openalex = {W2963775347},
  series = {Workshop Track Proceedings},
  title = {Deep Metric Learning Using Triplet Network},
  year = {2015}
}

@inproceedings{hwang2015pixelwise,
  address = {San Diego, California, USA},
  author = {Hwang, Jyh-Jing and Liu, Tyng-Luh},
  booktitle = {3rd International Conference on Learning Representations (ICLR)},
  editor = {Bengio, Yoshua and LeCun, Yann},
  month = {May},
  note = {\url{http://arxiv.org/abs/1504.01989}},
  openalex = {W825165083},
  series = {Workshop Track Proceedings},
  title = {Pixel-wise Deep Learning for Contour Detection},
  year = {2015}
}

@inproceedings{im2015understanding,
  address = {San Diego, California, USA},
  author = {Im, Daniel Jiwoong and Buchman, Ethan and Taylor, Graham W.},
  booktitle = {3rd International Conference on Learning Representations (ICLR)},
  month = {May},
  note = {\url{http://arxiv.org/abs/1412.6617}},
  openalex = {W2964332639},
  series = {Workshop Track Proceedings},
  title = {Understanding Minimum Probability Flow for RBMs Under Various Kinds of Dynamics.},
  year = {2015}
}

@inproceedings{janzamin2015score,
  address = {San Diego, California, USA},
  author = {Janzamin, Majid and Sedghi, Hanie and Anandkumar, Anima},
  booktitle = {3rd International Conference on Learning Representations (ICLR)},
  month = {May},
  note = {\url{http://arxiv.org/abs/1412.6514}},
  openalex = {W1581152950},
  series = {Workshop Track Proceedings},
  title = {Score Function Features for Discriminative Learning: Matrix and Tensor Framework},
  year = {2015}
}

@inproceedings{ji2015entityaugmented,
  address = {San Diego, California, USA},
  author = {Ji, Yangfeng and Eisenstein, Jacob},
  booktitle = {3rd International Conference on Learning Representations (ICLR)},
  month = {May},
  note = {\url{http://arxiv.org/abs/1412.5673}},
  openalex = {W2950616554},
  series = {Workshop Track Proceedings},
  title = {One Vector is Not Enough: Entity-Augmented Distributional Semantics for Discourse Relations},
  year = {2015}
}

@inproceedings{jin2015flattened,
  address = {San Diego, California, USA},
  author = {Jin, Jonghoon and Dundar, Aysegul and Culurciello, Eugenio},
  booktitle = {3rd International Conference on Learning Representations (ICLR)},
  month = {May},
  note = {\url{http://arxiv.org/abs/1412.5474}},
  openalex = {W1650736245},
  series = {Workshop Track Proceedings},
  title = {Flattened Convolutional Neural Networks for Feedforward Acceleration},
  year = {2015}
}

@inproceedings{kiefel2015permutohedral,
  address = {San Diego, California, USA},
  author = {Kiefel, Martin and Jampani, Varun and Gehler, Peter},
  booktitle = {3rd International Conference on Learning Representations (ICLR)},
  month = {May},
  note = {\url{http://arxiv.org/abs/1412.6618}},
  openalex = {W2964251415},
  series = {Workshop Track Proceedings},
  title = {Permutohedral Lattice CNNs},
  year = {2015}
}

@inproceedings{kummerer2015deep,
  address = {San Diego, California, USA},
  author = {Kümmerer, Matthias and Theis, Lucas and Bethge, Matthias},
  booktitle = {3rd International Conference on Learning Representations (ICLR)},
  editor = {Bengio, Yoshua and LeCun, Yann},
  month = {May},
  note = {\url{http://arxiv.org/abs/1411.1045}},
  openalex = {W2964145162},
  series = {Workshop Track Proceedings},
  title = {Deep Gaze I: Boosting Saliency Prediction with Feature Maps Trained on ImageNet},
  year = {2015}
}

@inproceedings{lebret2015ngrambased,
  address = {San Diego, California, USA},
  author = {Lebret, Rémi and Collobert, Ronan},
  booktitle = {3rd International Conference on Learning Representations (ICLR)},
  month = {May},
  note = {\url{http://arxiv.org/abs/1412.6277}},
  openalex = {W2964232225},
  series = {Workshop Track Proceedings},
  title = {N-gram-Based Low-Dimensional Representation for Document Classification},
  year = {2015}
}

@inproceedings{lebret2015simple,
  address = {San Diego, California, USA},
  author = {Lebret, Rémi and Pinheiro, Pedro O. and Collobert, Ronan},
  booktitle = {3rd International Conference on Learning Representations (ICLR)},
  month = {May},
  note = {\url{http://arxiv.org/abs/1412.8419}},
  openalex = {W1780856595},
  series = {Workshop Track Proceedings},
  title = {Simple Image Description Generator via a Linear Phrase-Based Approach},
  year = {2015}
}

@inproceedings{lee2015target,
  address = {San Diego, California, USA},
  author = {Lee, Dong‐Hyun and Zhang, Saizheng and Fischer, Asja and Biard, Antoine and Bengio, Yoshua},
  booktitle = {3rd International Conference on Learning Representations (ICLR)},
  editor = {Bengio, Yoshua and LeCun, Yann},
  month = {May},
  note = {\url{http://arxiv.org/abs/1412.7525}},
  openalex = {W3037787599},
  series = {Workshop Track Proceedings},
  title = {Target Propagation},
  year = {2015}
}

@inproceedings{lin2015purine,
  address = {San Diego, California, USA},
  author = {Lin, Min and Li, Shuo and Luo, Xuan and Yan, Shuicheng},
  booktitle = {3rd International Conference on Learning Representations (ICLR)},
  editor = {Bengio, Yoshua and LeCun, Yann},
  month = {May},
  note = {\url{http://arxiv.org/abs/1412.6249}},
  openalex = {W1863582480},
  series = {Workshop Track Proceedings},
  title = {Purine: A bi-graph based deep learning framework},
  year = {2015}
}

@inproceedings{madhyastha2015tailoring,
  address = {San Diego, California, USA},
  author = {Madhyastha, Pranava Swaroop and Carreras, Xavier and Quattoni, Ariadna},
  booktitle = {3rd International Conference on Learning Representations (ICLR)},
  month = {May},
  note = {\url{http://arxiv.org/abs/1412.7004}},
  series = {Workshop Track Proceedings},
  title = {Tailoring Word Embeddings for Bilexical Predictions: An Experimental Comparison},
  year = {2015}
}

@inproceedings{mesnil2015ensemble,
  address = {San Diego, California, USA},
  author = {Mesnil, Grégoire and Mikolov, Tomáš and Ranzato, Marc’Aurelio and Bengio, Yoshua},
  booktitle = {3rd International Conference on Learning Representations (ICLR)},
  editor = {Bengio, Yoshua and LeCun, Yann},
  month = {May},
  note = {\url{http://arxiv.org/abs/1412.5335}},
  openalex = {W1777150271},
  series = {Workshop Track Proceedings},
  title = {Ensemble of Generative and Discriminative Techniques for Sentiment Analysis of Movie Reviews},
  year = {2015}
}

@inproceedings{mikolov2015learning,
  address = {San Diego, California, USA},
  author = {Mikolov, Tomáš and Joulin, Armand and Chopra, Sumit and Mathieu, Michaël and Ranzato, Marc ' Aurelio},
  booktitle = {3rd International Conference on Learning Representations (ICLR)},
  month = {May},
  note = {\url{http://arxiv.org/abs/1412.7753}},
  openalex = {W2118776487},
  series = {Workshop Track Proceedings},
  title = {Learning Longer Memory in Recurrent Neural Networks},
  year = {2015}
}

@inproceedings{mineiro2015fast,
  address = {San Diego, California, USA},
  author = {Mineiro, Paul and Karampatziakis, Nikos},
  booktitle = {3rd International Conference on Learning Representations (ICLR)},
  editor = {Bengio, Yoshua and LeCun, Yann},
  month = {May},
  note = {\url{http://arxiv.org/abs/1503.08873}},
  openalex = {W1923785946},
  series = {Workshop Track Proceedings},
  title = {Fast Label Embeddings for Extremely Large Output Spaces},
  year = {2015}
}

@inproceedings{nam2015on,
  address = {San Diego, California, USA},
  author = {Nam, Jinseok and Fürnkranz, Johannes},
  booktitle = {3rd International Conference on Learning Representations (ICLR)},
  month = {May},
  note = {\url{http://arxiv.org/abs/1412.6881}},
  openalex = {W1494614182},
  series = {Workshop Track Proceedings},
  title = {On the Importance of a Hierarchy for Learning Continuous Vector Representations of a Label Space},
  year = {2015}
}

@inproceedings{neyshabur2015in,
  address = {San Diego, California, USA},
  author = {Neyshabur, Behnam and Tomioka, Ryota and Srebro, Nathan},
  booktitle = {3rd International Conference on Learning Representations (ICLR)},
  month = {May},
  note = {\url{http://arxiv.org/abs/1412.6614}},
  openalex = {W2963695615},
  series = {Workshop Track Proceedings},
  title = {In Search of the Real Inductive Bias: On the Role of Implicit Regularization in Deep Learning},
  year = {2015}
}

@inproceedings{nicolae2015algorithmic,
  address = {San Diego, California, USA},
  author = {Nicolae, Maria-Irina and Sebban, Marc and Habrard, Amaury and Gaussier, Éric and Amini, Massih-Reza},
  booktitle = {3rd International Conference on Learning Representations (ICLR)},
  month = {May},
  note = {\url{http://arxiv.org/abs/1412.6452}},
  series = {Workshop Track Proceedings},
  title = {Algorithmic Robustness for Semi-Supervised (ϵ, γ, τ)-Good Metric Learning},
  year = {2015}
}

@inproceedings{paine2015analysis,
  address = {San Diego, California, USA},
  author = {Paine, Tom Le and Khorrami, Pooya and Han, Wei and Huang, Thomas S.},
  booktitle = {3rd International Conference on Learning Representations (ICLR)},
  editor = {Bengio, Yoshua and LeCun, Yann},
  month = {May},
  note = {\url{http://arxiv.org/abs/1412.6597}},
  openalex = {W1705056854},
  series = {Workshop Track Proceedings},
  title = {An Analysis of Unsupervised Pre-training in Light of Recent Advances},
  year = {2015}
}

@inproceedings{palaz2015learning,
  address = {San Diego, California, USA},
  author = {Palaz, Dimitri and Magimai.-Doss, Mathew and Collobert, Ronan},
  booktitle = {3rd International Conference on Learning Representations (ICLR)},
  month = {May},
  note = {\url{http://arxiv.org/abs/1412.7110}},
  openalex = {W2964261986},
  series = {Workshop Track Proceedings},
  title = {Learning linearly separable features for speech recognition using convolutional neural networks},
  year = {2015}
}

@inproceedings{pathak2015fully,
  address = {San Diego, California, USA},
  author = {Pathak, Deepak and Shelhamer, Evan and Long, Jonathan and Darrell, Trevor},
  booktitle = {3rd International Conference on Learning Representations (ICLR)},
  editor = {Bengio, Yoshua and LeCun, Yann},
  month = {May},
  note = {\url{http://arxiv.org/abs/1412.7144}},
  openalex = {W1931270512},
  series = {Workshop Track Proceedings},
  title = {Fully Convolutional Multi-Class Multiple Instance Learning},
  year = {2015}
}

@inproceedings{paul2015group,
  address = {San Diego, California, USA},
  author = {Paul, Arnab and Venkatasubramanian, Suresh},
  booktitle = {3rd International Conference on Learning Representations (ICLR)},
  month = {May},
  note = {\url{http://arxiv.org/abs/1504.02462}},
  openalex = {W1591558774},
  series = {Workshop Track Proceedings},
  title = {A Group Theoretic Perspective on Unsupervised Deep Learning},
  year = {2015}
}

@inproceedings{peng2015do,
  address = {San Diego, California, USA},
  author = {Peng, Xingchao and Sun, Baochen and Ali, Karim and Saenko, Kate},
  booktitle = {3rd International Conference on Learning Representations (ICLR)},
  editor = {Bengio, Yoshua and LeCun, Yann},
  month = {May},
  note = {\url{http://arxiv.org/abs/1504.02485}},
  openalex = {W1937049907},
  series = {Workshop Track Proceedings},
  title = {What Do Deep CNNs Learn About Objects},
  year = {2015}
}

@inproceedings{povey2015parallel,
  address = {San Diego, California, USA},
  author = {Povey, Daniel and Zhang, Xiaohui and Khudanpur, Sanjeev},
  booktitle = {3rd International Conference on Learning Representations (ICLR)},
  month = {May},
  note = {\url{http://arxiv.org/abs/1410.7455}},
  openalex = {W1762484328},
  series = {Workshop Track Proceedings},
  title = {Parallel training of Deep Neural Networks with Natural Gradient and Parameter Averaging},
  year = {2015}
}

@inproceedings{pu2015generative,
  address = {San Diego, California, USA},
  author = {Pu, Yunchen and Yuan, Xin and Carin, Lawrence},
  booktitle = {3rd International Conference on Learning Representations (ICLR)},
  month = {May},
  note = {\url{http://arxiv.org/abs/1504.04054}},
  openalex = {W1961047828},
  series = {Workshop Track Proceedings},
  title = {A Generative Model for Deep Convolutional Learning},
  year = {2015}
}

@inproceedings{qiu2015random,
  address = {San Diego, California, USA},
  author = {Qiu, Qiang and Sapiro, Guillermo and Bronstein, Alex},
  booktitle = {3rd International Conference on Learning Representations (ICLR)},
  month = {May},
  note = {\url{http://arxiv.org/abs/1412.5083}},
  openalex = {W2135180482},
  series = {Workshop Track Proceedings},
  title = {Random Forests Can Hash},
  year = {2015}
}

@inproceedings{qiu2015representation,
  address = {San Diego, California, USA},
  author = {Qiu, Qiang and Thompson, Andrew and Calderbank, Robert and Sapiro, Guillermo},
  booktitle = {3rd International Conference on Learning Representations (ICLR)},
  editor = {Bengio, Yoshua and LeCun, Yann},
  month = {May},
  note = {\url{http://arxiv.org/abs/1412.6134}},
  openalex = {W2963338446},
  series = {Workshop Track Proceedings},
  title = {Data Representation Using the Weyl Transform},
  year = {2015}
}

@inproceedings{rasmus2015denoising,
  address = {San Diego, California, USA},
  author = {Rasmus, Antti and Raiko, Tapani and Valpola, Harri},
  booktitle = {3rd International Conference on Learning Representations (ICLR)},
  editor = {Bengio, Yoshua and LeCun, Yann},
  month = {May},
  note = {\url{http://arxiv.org/abs/1412.7210}},
  openalex = {W1693004184},
  series = {Workshop Track Proceedings},
  title = {Denoising autoencoder with modulated lateral connections learns invariant representations of natural images},
  year = {2015}
}

@inproceedings{razavian2015visual,
  address = {San Diego, California, USA},
  author = {Razavian, Ali Sharif and Sullivan, Josephine and Carlsson, Stefan and Maki, Atsuto},
  booktitle = {3rd International Conference on Learning Representations (ICLR)},
  editor = {Bengio, Yoshua and LeCun, Yann},
  month = {May},
  note = {\url{http://arxiv.org/abs/1412.6574}},
  openalex = {W2963129433},
  series = {Workshop Track Proceedings},
  title = {[Paper] Visual Instance Retrieval with Deep Convolutional Networks},
  year = {2015}
}

@inproceedings{reed2015training,
  address = {San Diego, California, USA},
  author = {Reed, Scott and Lee, Honglak and Anguelov, Dragomir and Szegedy, Christian and Erhan, Dumitru and Rabinovich, Andrew},
  booktitle = {3rd International Conference on Learning Representations (ICLR)},
  month = {May},
  note = {\url{http://arxiv.org/abs/1412.6596}},
  openalex = {W2121056381},
  series = {Workshop Track Proceedings},
  title = {Training Deep Neural Networks on Noisy Labels with Bootstrapping},
  year = {2015}
}

@inproceedings{rudy2015generative,
  address = {San Diego, California, USA},
  author = {Rudy, Jan and Taylor, Graham W.},
  booktitle = {3rd International Conference on Learning Representations (ICLR)},
  editor = {Bengio, Yoshua and LeCun, Yann},
  month = {May},
  note = {\url{http://arxiv.org/abs/1412.7009}},
  openalex = {W1493970978},
  series = {Workshop Track Proceedings},
  title = {Generative Class-conditional Autoencoders},
  year = {2015}
}

@inproceedings{sagun2015explorations,
  address = {San Diego, California, USA},
  author = {Sagun, Levent and Güney, V. Uğur and Arous, Gérard Ben and LeCun, Yann},
  booktitle = {3rd International Conference on Learning Representations (ICLR)},
  editor = {Bengio, Yoshua and LeCun, Yann},
  month = {May},
  note = {\url{http://arxiv.org/abs/1412.6615}},
  openalex = {W1765206380},
  series = {Workshop Track Proceedings},
  title = {Explorations on high dimensional landscapes},
  year = {2015}
}

@inproceedings{sedghi2015provable,
  address = {San Diego, California, USA},
  author = {Sedghi, Hanie and Anandkumar, Anima},
  booktitle = {3rd International Conference on Learning Representations (ICLR)},
  month = {May},
  note = {\url{http://arxiv.org/abs/1412.2693}},
  openalex = {W2963823986},
  series = {Workshop Track Proceedings},
  title = {Provable Methods for Training Neural Networks with Sparse Connectivity},
  year = {2015}
}

@inproceedings{sermanet2015attention,
  address = {San Diego, California, USA},
  author = {Sermanet, Pierre and Frome, Andrea and Real, Esteban},
  booktitle = {3rd International Conference on Learning Representations (ICLR)},
  editor = {Bengio, Yoshua and LeCun, Yann},
  month = {May},
  note = {\url{http://arxiv.org/abs/1412.7054}},
  openalex = {W1724369340},
  series = {Workshop Track Proceedings},
  title = {Attention for Fine-Grained Categorization},
  year = {2015}
}

@inproceedings{soatto2015visuala,
  address = {San Diego, California, USA},
  author = {Soatto, Stefano and Chiuso, Alessandro},
  booktitle = {3rd International Conference on Learning Representations (ICLR)},
  month = {May},
  note = {\url{http://arxiv.org/abs/1411.7676v5}},
  openalex = {W2964302938},
  series = {Workshop Track Proceedings},
  title = {Visual Scene Representations: Sufficiency, Minimality, Invariance and Deep Approximations.},
  year = {2015}
}

@inproceedings{soatto2015visualb,
  address = {San Diego, California, USA},
  author = {Soatto, Stefano and Dong, Jingming and Karianakis, Nikolaos},
  booktitle = {3rd International Conference on Learning Representations (ICLR)},
  editor = {Bengio, Yoshua and LeCun, Yann},
  month = {May},
  note = {\url{http://arxiv.org/abs/1412.6607}},
  openalex = {W1585876838},
  series = {Workshop Track Proceedings},
  title = {Visual Scene Representations: Scaling and Occlusion in Convolutional Architectures.},
  year = {2015}
}

@inproceedings{sprechmann2015audio,
  address = {San Diego, California, USA},
  author = {Sprechmann, Pablo and Bruna, Joan and LeCun, Yann},
  booktitle = {3rd International Conference on Learning Representations (ICLR)},
  month = {May},
  note = {\url{http://arxiv.org/abs/1412.7022}},
  openalex = {W1867592760},
  series = {Workshop Track Proceedings},
  title = {Audio Source Separation with Discriminative Scattering Networks},
  year = {2015}
}

@inproceedings{springenberg2015striving,
  address = {San Diego, California, USA},
  author = {Springenberg, Jost Tobias and Dosovitskiy, Alexey and Brox, Thomas and Riedmiller, Martin},
  booktitle = {3rd International Conference on Learning Representations (ICLR)},
  month = {May},
  note = {\url{http://arxiv.org/abs/1412.6806}},
  openalex = {W2963382180},
  series = {Workshop Track Proceedings},
  title = {Striving for Simplicity: The All Convolutional Net},
  year = {2015}
}

@inproceedings{sukhbaatar2015learning,
  address = {San Diego, California, USA},
  author = {Sukhbaatar, Sainbayar and Fergus, Rob},
  booktitle = {3rd International Conference on Learning Representations (ICLR)},
  month = {May},
  note = {\url{http://arxiv.org/abs/1406.2080}},
  openalex = {W2963028646},
  series = {Workshop Track Proceedings},
  title = {Learning from Noisy Labels with Deep Neural Networks},
  year = {2015}
}

@inproceedings{synnaeve2015weakly,
  address = {San Diego, California, USA},
  author = {Synnaeve, Gabriel and Dupoux, Emmanuel},
  booktitle = {3rd International Conference on Learning Representations (ICLR)},
  month = {May},
  note = {\url{http://arxiv.org/abs/1412.6645}},
  openalex = {W2112688413},
  series = {Workshop Track Proceedings},
  title = {Weakly Supervised Multi-Embeddings Learning of Acoustic Models},
  year = {2015}
}

@inproceedings{titov2015inducing,
  address = {San Diego, California, USA},
  author = {Titov, Ivan and Khoddam, Ehsan},
  booktitle = {3rd International Conference on Learning Representations (ICLR)},
  month = {May},
  note = {\url{http://arxiv.org/abs/1412.6418}},
  openalex = {W4297814504},
  series = {Workshop Track Proceedings},
  title = {Inducing Semantic Representation from Text by Jointly Predicting and Factorizing Relations},
  year = {2015}
}

@inproceedings{tsuchida2015example,
  address = {San Diego, California, USA},
  author = {Tsuchida, Tomoki and Cottrell, Garrison W.},
  booktitle = {3rd International Conference on Learning Representations (ICLR)},
  month = {May},
  note = {\url{http://arxiv.org/abs/1412.6177}},
  openalex = {W1603589588},
  series = {Workshop Track Proceedings},
  title = {Example Selection For Dictionary Learning},
  year = {2015}
}

@inproceedings{vijayanarasimhan2015deep,
  address = {San Diego, California, USA},
  author = {Vijayanarasimhan, Sudheendra and Shlens, Jonathon and Monga, Rajat and Yagnik, Jay},
  booktitle = {3rd International Conference on Learning Representations (ICLR)},
  editor = {Bengio, Yoshua and LeCun, Yann},
  month = {May},
  note = {\url{http://arxiv.org/abs/1412.7479}},
  openalex = {W1723811852},
  series = {Workshop Track Proceedings},
  title = {Deep Networks With Large Output Spaces},
  year = {2015}
}

@inproceedings{vincent2015efficient,
  address = {San Diego, California, USA},
  author = {Vincent, Pascal and Brébisson, Alexandre de and Bouthillier, Xavier},
  booktitle = {3rd International Conference on Learning Representations (ICLR)},
  editor = {Bengio, Yoshua and LeCun, Yann},
  month = {May},
  note = {\url{http://arxiv.org/abs/1412.7091}},
  openalex = {W2963603213},
  series = {Workshop Track Proceedings},
  title = {Efficient exact gradient update for training deep networks with very large sparse targets},
  year = {2015}
}

@inproceedings{wang2015realworld,
  address = {San Diego, California, USA},
  author = {Wang, Zhangyang and Yan, Shuicheng and Jin, Hailin and Shechtman, Eli and Agarwala, Aseem and Brandt, Jonathan and Huang, Thomas S.},
  booktitle = {3rd International Conference on Learning Representations (ICLR)},
  month = {May},
  note = {\url{http://arxiv.org/abs/1504.00028}},
  openalex = {W1817149219},
  series = {Workshop Track Proceedings},
  title = {Real-World Font Recognition Using Deep Network and Domain Adaptation},
  year = {2015}
}

@inproceedings{wardefarley2015selfinformed,
  address = {San Diego, California, USA},
  author = {Warde-Farley, David and Rabinovich, Andrew and Anguelov, Dragomir},
  booktitle = {3rd International Conference on Learning Representations (ICLR)},
  editor = {Bengio, Yoshua and LeCun, Yann},
  month = {May},
  note = {\url{http://arxiv.org/abs/1412.6563}},
  openalex = {W262326006},
  series = {Workshop Track Proceedings},
  title = {Self-informed neural network structure learning},
  year = {2015}
}

@inproceedings{yang2015unsupervised,
  address = {San Diego, California, USA},
  author = {Yang, Yi and Eisenstein, Jacob},
  booktitle = {3rd International Conference on Learning Representations (ICLR)},
  month = {May},
  note = {\url{http://arxiv.org/abs/1412.4385}},
  openalex = {W2962755455},
  series = {Workshop Track Proceedings},
  title = {Unsupervised Multi-Domain Adaptation with Feature Embeddings},
  year = {2015}
}

@inproceedings{zhang2015deep,
  address = {San Diego, California, USA},
  author = {Zhang, Sixin and Choromanska, Anna and LeCun, Yann},
  booktitle = {3rd International Conference on Learning Representations (ICLR)},
  month = {May},
  note = {\url{http://arxiv.org/abs/1412.6651}},
  openalex = {W2963804082},
  series = {Workshop Track Proceedings},
  title = {Deep learning with Elastic Averaging SGD},
  year = {2015}
}

@inproceedings{zhao2015predictive,
  address = {San Diego, California, USA},
  author = {Zhao, M. and Zhuang, Chengxu and Wang, Yizhou and Lee, Tai Sing},
  booktitle = {3rd International Conference on Learning Representations (ICLR)},
  editor = {Bengio, Yoshua and LeCun, Yann},
  month = {May},
  note = {\url{http://arxiv.org/abs/1411.3815}},
  openalex = {W1951119168},
  series = {Workshop Track Proceedings},
  title = {Predictive Encoding of Contextual Relationships for Perceptual Inference, Interpolation and Prediction},
  year = {2015}
}
