@inproceedings{alex2016exploration,
  address =      {San Juan, Puerto Rico},
  author =       {Alex and Brébisson, ré de and Vincent, Pascal},
  booktitle =    {4th International Conference on Learning
                  Representations (ICLR)},
  editor =       {Bengio, Yoshua and LeCun, Yann},
  month =        {May},
  note =         {\url{http://arxiv.org/abs/1511.05042}},
  series =       {Conference Track Proceedings},
  title =        {An Exploration of Softmax Alternatives Belonging to
                  the Spherical Loss Family},
  year =         2016
}

@inproceedings{azadi2016auxiliary,
  address =      {San Juan, Puerto Rico},
  author =       {Azadi, Samaneh and Feng, Jiashi and Jegelka,
                  Stefanie and Darrell, Trevor},
  booktitle =    {4th International Conference on Learning
                  Representations (ICLR)},
  editor =       {Bengio, Yoshua and LeCun, Yann},
  month =        {May},
  note =         {\url{http://arxiv.org/abs/1511.07069}},
  series =       {Conference Track Proceedings},
  title =        {Auxiliary Image Regularization for Deep CNNs with
                  Noisy Labels},
  year =         2016
}

@inproceedings{bakry2016digging,
  address =      {San Juan, Puerto Rico},
  author =       {Bakry, Amr and Elhoseiny, Mohamed and El-Gaaly,
                  Tarek and Elgammal, Ahmed M.},
  booktitle =    {4th International Conference on Learning
                  Representations (ICLR)},
  editor =       {Bengio, Yoshua and LeCun, Yann},
  month =        {May},
  note =         {\url{http://arxiv.org/abs/1508.01983}},
  series =       {Conference Track Proceedings},
  title =        {Digging Deep into the Layers of CNNs: In Search of
                  How CNNs Achieve View Invariance},
  year =         2016
}

@inproceedings{ball2016density,
  address =      {San Juan, Puerto Rico},
  author =       {Ballé, Johannes and Laparra, Valero and Simoncelli,
                  Eero P.},
  booktitle =    {4th International Conference on Learning
                  Representations (ICLR)},
  editor =       {Bengio, Yoshua and LeCun, Yann},
  month =        {May},
  note =         {\url{http://arxiv.org/abs/1511.06281}},
  series =       {Conference Track Proceedings},
  title =        {Density Modeling of Images using a Generalized
                  Normalization Transformation},
  year =         2016
}

@inproceedings{ballas2016delving,
  address =      {San Juan, Puerto Rico},
  author =       {Ballas, Nicolas and Yao, Li and Pal, Chris and
                  Courville, Aaron C.},
  booktitle =    {4th International Conference on Learning
                  Representations (ICLR)},
  editor =       {Bengio, Yoshua and LeCun, Yann},
  month =        {May},
  note =         {\url{http://arxiv.org/abs/1511.06432}},
  series =       {Conference Track Proceedings},
  title =        {Delving Deeper into Convolutional Networks for
                  Learning Video Representations},
  year =         2016
}

@inproceedings{bashivan2016learning,
  address =      {San Juan, Puerto Rico},
  author =       {Bashivan, Pouya and Rish, Irina and Yeasin, Mohammed
                  and Codella, Noel},
  booktitle =    {4th International Conference on Learning
                  Representations (ICLR)},
  editor =       {Bengio, Yoshua and LeCun, Yann},
  month =        {May},
  note =         {\url{http://arxiv.org/abs/1511.06448}},
  series =       {Conference Track Proceedings},
  title =        {Learning Representations from EEG with Deep
                  Recurrent-Convolutional Neural Networks},
  year =         2016
}

@inproceedings{bounliphone2016test,
  address =      {San Juan, Puerto Rico},
  author =       {Bounliphone, Wacha and Belilovsky, Eugene and
                  Blaschko, Matthew B. and Antonoglou, Ioannis and
                  Gretton, Arthur},
  booktitle =    {4th International Conference on Learning
                  Representations (ICLR)},
  editor =       {Bengio, Yoshua and LeCun, Yann},
  month =        {May},
  note =         {\url{http://arxiv.org/abs/1511.04581}},
  series =       {Conference Track Proceedings},
  title =        {A Test of Relative Similarity For Model Selection in
                  Generative Models},
  year =         2016
}

@inproceedings{bruna2016superresolution,
  address =      {San Juan, Puerto Rico},
  author =       {Bruna, Joan and Sprechmann, Pablo and LeCun, Yann},
  booktitle =    {4th International Conference on Learning
                  Representations (ICLR)},
  editor =       {Bengio, Yoshua and LeCun, Yann},
  month =        {May},
  note =         {\url{http://arxiv.org/abs/1511.05666}},
  series =       {Conference Track Proceedings},
  title =        {Super-Resolution with Deep Convolutional Sufficient
                  Statistics},
  year =         2016
}

@inproceedings{burda2016importance,
  address =      {San Juan, Puerto Rico},
  author =       {Burda, Yuri and Grosse, Roger B. and Salakhutdinov,
                  Ruslan},
  booktitle =    {4th International Conference on Learning
                  Representations (ICLR)},
  editor =       {Bengio, Yoshua and LeCun, Yann},
  month =        {May},
  note =         {\url{http://arxiv.org/abs/1509.00519}},
  series =       {Conference Track Proceedings},
  title =        {Importance Weighted Autoencoders},
  year =         2016
}

@inproceedings{chen2016net2net,
  address =      {San Juan, Puerto Rico},
  author =       {Chen, Tianqi and Goodfellow, Ian J. and Shlens,
                  Jonathon},
  booktitle =    {4th International Conference on Learning
                  Representations (ICLR)},
  editor =       {Bengio, Yoshua and LeCun, Yann},
  month =        {May},
  note =         {\url{http://arxiv.org/abs/1511.05641}},
  series =       {Conference Track Proceedings},
  title =        {Net2Net: Accelerating Learning via Knowledge
                  Transfer},
  year =         2016
}

@inproceedings{clevert2016fast,
  address =      {San Juan, Puerto Rico},
  author =       {Clevert, Djork-Aarné and Unterthiner, Thomas and
                  Hochreiter, Sepp},
  booktitle =    {4th International Conference on Learning
                  Representations (ICLR)},
  editor =       {Bengio, Yoshua and LeCun, Yann},
  month =        {May},
  note =         {\url{http://arxiv.org/abs/1511.07289}},
  series =       {Conference Track Proceedings},
  title =        {Fast and Accurate Deep Network Learning by
                  Exponential Linear Units (ELUs)},
  year =         2016
}

@inproceedings{cogswell2016reducing,
  address =      {San Juan, Puerto Rico},
  author =       {Cogswell, Michael and Ahmed, Faruk and Girshick,
                  Ross B. and Zitnick, Larry and Batra, Dhruv},
  booktitle =    {4th International Conference on Learning
                  Representations (ICLR)},
  editor =       {Bengio, Yoshua and LeCun, Yann},
  month =        {May},
  note =         {\url{http://arxiv.org/abs/1511.06068}},
  series =       {Conference Track Proceedings},
  title =        {Reducing Overfitting in Deep Networks by
                  Decorrelating Representations},
  year =         2016
}

@inproceedings{dai2016variational,
  address =      {San Juan, Puerto Rico},
  author =       {Dai, Zhenwen and Damianou, Andreas C. and González,
                  Javier and Lawrence, Neil D.},
  booktitle =    {4th International Conference on Learning
                  Representations (ICLR)},
  editor =       {Bengio, Yoshua and LeCun, Yann},
  month =        {May},
  note =         {\url{http://arxiv.org/abs/1511.06455}},
  series =       {Conference Track Proceedings},
  title =        {Variational Auto-encoded Deep Gaussian Processes},
  year =         2016
}

@inproceedings{dauphin2016predicting,
  address =      {San Juan, Puerto Rico},
  author =       {Dauphin, Yann N. and Grangier, David},
  booktitle =    {4th International Conference on Learning
                  Representations (ICLR)},
  editor =       {Bengio, Yoshua and LeCun, Yann},
  month =        {May},
  note =         {\url{http://arxiv.org/abs/1511.05622}},
  series =       {Conference Track Proceedings},
  title =        {Predicting Distributions with Linearizing Belief
                  Networks},
  year =         2016
}

@inproceedings{dettmers2016bit,
  address =      {San Juan, Puerto Rico},
  author =       {Dettmers, Tim},
  booktitle =    {4th International Conference on Learning
                  Representations (ICLR)},
  editor =       {Bengio, Yoshua and LeCun, Yann},
  month =        {May},
  note =         {\url{http://arxiv.org/abs/1511.04561}},
  series =       {Conference Track Proceedings},
  title =        {8-Bit Approximations for Parallelism in Deep
                  Learning},
  year =         2016
}

@inproceedings{dodge2016evaluating,
  address =      {San Juan, Puerto Rico},
  author =       {Dodge, Jesse and Gane, Andreea and Zhang, Xiang and
                  Bordes, Antoine and Chopra, Sumit},
  booktitle =    {4th International Conference on Learning
                  Representations (ICLR)},
  editor =       {Bengio, Yoshua and LeCun, Yann},
  month =        {May},
  note =         {\url{http://arxiv.org/abs/1511.06931}},
  series =       {Conference Track Proceedings},
  title =        {Evaluating Prerequisite Qualities for Learning
                  End-to-End Dialog Systems},
  year =         2016
}

@inproceedings{dorfer2016deep,
  address =      {San Juan, Puerto Rico},
  author =       {Dorfer, Matthias and Kelz, Rainer and Widmer,
                  Gerhard},
  booktitle =    {4th International Conference on Learning
                  Representations (ICLR)},
  editor =       {Bengio, Yoshua and LeCun, Yann},
  month =        {May},
  note =         {\url{http://arxiv.org/abs/1511.04707}},
  series =       {Conference Track Proceedings},
  title =        {Deep Linear Discriminant Analysis},
  year =         2016
}

@inproceedings{edwards2016censoring,
  address =      {San Juan, Puerto Rico},
  author =       {Edwards, Harrison and Storkey, Amos J.},
  booktitle =    {4th International Conference on Learning
                  Representations (ICLR)},
  editor =       {Bengio, Yoshua and LeCun, Yann},
  month =        {May},
  note =         {\url{http://arxiv.org/abs/1511.05897}},
  series =       {Conference Track Proceedings},
  title =        {Censoring Representations with an Adversary},
  year =         2016
}

@inproceedings{fragkiadaki2016learning,
  address =      {San Juan, Puerto Rico},
  author =       {Fragkiadaki, Katerina and Agrawal, Pulkit and
                  Levine, Sergey and Malik, Jitendra},
  booktitle =    {4th International Conference on Learning
                  Representations (ICLR)},
  editor =       {Bengio, Yoshua and LeCun, Yann},
  month =        {May},
  note =         {\url{http://arxiv.org/abs/1511.07404}},
  series =       {Conference Track Proceedings},
  title =        {Learning Visual Predictive Models of Physics for
                  Playing Billiards},
  year =         2016
}

@inproceedings{gu2016muprop,
  address =      {San Juan, Puerto Rico},
  author =       {Gu, Shixiang and Levine, Sergey and Sutskever, Ilya
                  and Mnih, Andriy},
  booktitle =    {4th International Conference on Learning
                  Representations (ICLR)},
  editor =       {Bengio, Yoshua and LeCun, Yann},
  month =        {May},
  note =         {\url{http://arxiv.org/abs/1511.05176}},
  series =       {Conference Track Proceedings},
  title =        {MuProp: Unbiased Backpropagation for Stochastic
                  Neural Networks},
  year =         2016
}

@inproceedings{han2016deep,
  address =      {San Juan, Puerto Rico},
  author =       {Han, Song and Mao, Huizi and Dally, William J.},
  booktitle =    {4th International Conference on Learning
                  Representations (ICLR)},
  editor =       {Bengio, Yoshua and LeCun, Yann},
  month =        {May},
  note =         {\url{http://arxiv.org/abs/1510.00149}},
  series =       {Conference Track Proceedings},
  title =        {Deep Compression: Compressing Deep Neural Network
                  with Pruning, Trained Quantization and Huffman
                  Coding},
  year =         2016
}

@inproceedings{hausknecht2016deep,
  address =      {San Juan, Puerto Rico},
  author =       {Hausknecht, Matthew J. and Stone, Peter},
  booktitle =    {4th International Conference on Learning
                  Representations (ICLR)},
  editor =       {Bengio, Yoshua and LeCun, Yann},
  month =        {May},
  note =         {\url{http://arxiv.org/abs/1511.04143}},
  series =       {Conference Track Proceedings},
  title =        {Deep Reinforcement Learning in Parameterized Action
                  Space},
  year =         2016
}

@inproceedings{henaff2016geodesics,
  address =      {San Juan, Puerto Rico},
  author =       {Hénaff, Olivier J. and Simoncelli, Eero P.},
  booktitle =    {4th International Conference on Learning
                  Representations (ICLR)},
  editor =       {Bengio, Yoshua and LeCun, Yann},
  month =        {May},
  note =         {\url{http://arxiv.org/abs/1511.06394}},
  series =       {Conference Track Proceedings},
  title =        {Geodesics of Learned Representations},
  year =         2016
}

@inproceedings{hidasi2016sessionbased,
  address =      {San Juan, Puerto Rico},
  author =       {Hidasi, Balázs and Karatzoglou, R. and Baltrunas,
                  Linas and Tikk, Domonkos},
  booktitle =    {4th International Conference on Learning
                  Representations (ICLR)},
  editor =       {Bengio, Yoshua and LeCun, Yann},
  month =        {May},
  note =         {\url{http://arxiv.org/abs/1511.06939}},
  series =       {Conference Track Proceedings},
  title =        {Session-based Recommendations with Recurrent Neural
                  Networks},
  year =         2016
}

@inproceedings{hill2016goldilocks,
  address =      {San Juan, Puerto Rico},
  author =       {Hill, Felix and Bordes, Antoine and Chopra, Sumit
                  and Weston, Jason},
  booktitle =    {4th International Conference on Learning
                  Representations (ICLR)},
  editor =       {Bengio, Yoshua and LeCun, Yann},
  month =        {May},
  note =         {\url{http://arxiv.org/abs/1511.02301}},
  series =       {Conference Track Proceedings},
  title =        {The Goldilocks Principle: Reading Children's Books
                  with Explicit Memory Representations},
  year =         2016
}

@inproceedings{ioannou2016training,
  address =      {San Juan, Puerto Rico},
  author =       {Ioannou, Yani and Robertson, Duncan P. and Shotton,
                  Jamie and Cipolla, Roberto and Criminisi, Antonio},
  booktitle =    {4th International Conference on Learning
                  Representations (ICLR)},
  editor =       {Bengio, Yoshua and LeCun, Yann},
  month =        {May},
  note =         {\url{http://arxiv.org/abs/1511.06744}},
  series =       {Conference Track Proceedings},
  title =        {Training CNNs with Low-Rank Filters for Efficient
                  Image Classification},
  year =         2016
}

@inproceedings{ji2016blackout,
  address =      {San Juan, Puerto Rico},
  author =       {Ji, Shihao and Vishwanathan, S. V. N. and Satish,
                  Nadathur and Anderson, Michael J. and Dubey,
                  Pradeep},
  booktitle =    {4th International Conference on Learning
                  Representations (ICLR)},
  editor =       {Bengio, Yoshua and LeCun, Yann},
  month =        {May},
  note =         {\url{http://arxiv.org/abs/1511.06909}},
  series =       {Conference Track Proceedings},
  title =        {BlackOut: Speeding up Recurrent Neural Network
                  Language Models With Very Large Vocabularies},
  year =         2016
}

@inproceedings{kaiser2016neural,
  address =      {San Juan, Puerto Rico},
  author =       {Kaiser, Lukasz and Sutskever, Ilya},
  booktitle =    {4th International Conference on Learning
                  Representations (ICLR)},
  editor =       {Bengio, Yoshua and LeCun, Yann},
  month =        {May},
  note =         {\url{http://arxiv.org/abs/1511.08228}},
  series =       {Conference Track Proceedings},
  title =        {Neural GPUs Learn Algorithms},
  year =         2016
}

@inproceedings{kalchbrenner2016grid,
  address =      {San Juan, Puerto Rico},
  author =       {Kalchbrenner, Nal and Danihelka, Ivo and Graves,
                  Alex},
  booktitle =    {4th International Conference on Learning
                  Representations (ICLR)},
  editor =       {Bengio, Yoshua and LeCun, Yann},
  month =        {May},
  note =         {\url{http://arxiv.org/abs/1507.01526}},
  series =       {Conference Track Proceedings},
  title =        {Grid Long Short-Term Memory},
  year =         2016
}

@inproceedings{karaletsos2016crowds,
  address =      {San Juan, Puerto Rico},
  author =       {Karaletsos, Theofanis and Belongie, Serge J. and
                  Rätsch, Gunnar},
  booktitle =    {4th International Conference on Learning
                  Representations (ICLR)},
  editor =       {Bengio, Yoshua and LeCun, Yann},
  month =        {May},
  note =         {\url{http://arxiv.org/abs/1506.05011}},
  series =       {Conference Track Proceedings},
  title =        {When crowds hold privileges: Bayesian unsupervised
                  representation learning with oracle constraints},
  year =         2016
}

@inproceedings{kim2016compression,
  address =      {San Juan, Puerto Rico},
  author =       {Kim, Yong-Deok and Park, Eunhyeok and Yoo, Sungjoo
                  and Choi, Taelim and Yang, Lu and Shin, Dongjun},
  booktitle =    {4th International Conference on Learning
                  Representations (ICLR)},
  editor =       {Bengio, Yoshua and LeCun, Yann},
  month =        {May},
  note =         {\url{http://arxiv.org/abs/1511.06530}},
  series =       {Conference Track Proceedings},
  title =        {Compression of Deep Convolutional Neural Networks
                  for Fast and Low Power Mobile Applications},
  year =         2016
}

@inproceedings{kokkinos2016surpassing,
  address =      {San Juan, Puerto Rico},
  author =       {Kokkinos, Iasonas},
  booktitle =    {4th International Conference on Learning
                  Representations (ICLR)},
  editor =       {Bengio, Yoshua and LeCun, Yann},
  month =        {May},
  note =         {\url{http://arxiv.org/abs/1511.07386}},
  series =       {Conference Track Proceedings},
  title =        {Surpassing Humans in Boundary Detection using Deep
                  Learning},
  year =         2016
}

@inproceedings{kong2016segmental,
  address =      {San Juan, Puerto Rico},
  author =       {Kong, Lingpeng and Dyer, Chris and Smith, Noah A.},
  booktitle =    {4th International Conference on Learning
                  Representations (ICLR)},
  editor =       {Bengio, Yoshua and LeCun, Yann},
  month =        {May},
  note =         {\url{http://arxiv.org/abs/1511.06018}},
  series =       {Conference Track Proceedings},
  title =        {Segmental Recurrent Neural Networks},
  year =         2016
}

@inproceedings{krahenbuehl2016datadependent,
  address =      {San Juan, Puerto Rico},
  author =       {Krähenbühl, Philipp and Doersch, Carl and Donahue,
                  Jeff and Darrell, Trevor},
  booktitle =    {4th International Conference on Learning
                  Representations (ICLR)},
  editor =       {Bengio, Yoshua and LeCun, Yann},
  month =        {May},
  note =         {\url{http://arxiv.org/abs/1511.06856}},
  series =       {Conference Track Proceedings},
  title =        {Data-dependent Initializations of Convolutional
                  Neural Networks},
  year =         2016
}

@inproceedings{krueger2016regularizing,
  address =      {San Juan, Puerto Rico},
  author =       {Krueger, David and Memisevic, D.},
  booktitle =    {4th International Conference on Learning
                  Representations (ICLR)},
  editor =       {Bengio, Yoshua and LeCun, Yann},
  month =        {May},
  note =         {\url{http://arxiv.org/abs/1511.08400}},
  series =       {Conference Track Proceedings},
  title =        {Regularizing RNNs by Stabilizing Activations},
  year =         2016
}

@inproceedings{kurach2016neural,
  address =      {San Juan, Puerto Rico},
  author =       {Kurach, Karol and Andrychowicz, Marcin and
                  Sutskever, Ilya},
  booktitle =    {4th International Conference on Learning
                  Representations (ICLR)},
  editor =       {Bengio, Yoshua and LeCun, Yann},
  month =        {May},
  note =         {\url{http://arxiv.org/abs/1511.06392}},
  series =       {Conference Track Proceedings},
  title =        {Neural Random-Access Machines},
  year =         2016
}

@inproceedings{lee2016reasoning,
  address =      {San Juan, Puerto Rico},
  author =       {Lee, Moontae and He, Xiaodong and Yih, Wen-tau and
                  Gao, Jianfeng and Deng, Li and Smolensky, Paul},
  booktitle =    {4th International Conference on Learning
                  Representations (ICLR)},
  editor =       {Bengio, Yoshua and LeCun, Yann},
  month =        {May},
  note =         {\url{http://arxiv.org/abs/1511.06426}},
  series =       {Conference Track Proceedings},
  title =        {Reasoning in Vector Space: An Exploratory Study of
                  Question Answering},
  year =         2016
}

@inproceedings{li2016convergent,
  address =      {San Juan, Puerto Rico},
  author =       {Li, Yixuan and Yosinski, Jason and Clune, Jeff and
                  Lipson, Hod and Hopcroft, John E.},
  booktitle =    {4th International Conference on Learning
                  Representations (ICLR)},
  editor =       {Bengio, Yoshua and LeCun, Yann},
  month =        {May},
  note =         {\url{http://arxiv.org/abs/1511.07543}},
  series =       {Conference Track Proceedings},
  title =        {Convergent Learning: Do different neural networks
                  learn the same representations?},
  year =         2016
}

@inproceedings{li2016gated,
  address =      {San Juan, Puerto Rico},
  author =       {Li, Yujia and Tarlow, Daniel and Brockschmidt, Marc
                  and Zemel, Richard S.},
  booktitle =    {4th International Conference on Learning
                  Representations (ICLR)},
  editor =       {Bengio, Yoshua and LeCun, Yann},
  month =        {May},
  note =         {\url{http://arxiv.org/abs/1511.05493}},
  series =       {Conference Track Proceedings},
  title =        {Gated Graph Sequence Neural Networks},
  year =         2016
}

@inproceedings{lillicrap2016continuous,
  address =      {San Juan, Puerto Rico},
  author =       {Lillicrap, Timothy P. and Hunt, Jonathan J. and
                  Pritzel, A. and Heess, Nicolas and Erez, Tom and
                  Tassa, Yuval and Silver, David and Wierstra, Daan},
  booktitle =    {4th International Conference on Learning
                  Representations (ICLR)},
  editor =       {Bengio, Yoshua and LeCun, Yann},
  month =        {May},
  note =         {\url{http://arxiv.org/abs/1509.02971}},
  series =       {Conference Track Proceedings},
  title =        {Continuous control with deep reinforcement learning},
  year =         2016
}

@inproceedings{lin2016neural,
  address =      {San Juan, Puerto Rico},
  author =       {Lin, Zhouhan and Courbariaux, Matthieu and Bengio,
                  Yoshua},
  booktitle =    {4th International Conference on Learning
                  Representations (ICLR)},
  editor =       {Bengio, Yoshua and LeCun, Yann},
  month =        {May},
  note =         {\url{http://arxiv.org/abs/1510.03009}},
  series =       {Conference Track Proceedings},
  title =        {Neural Networks with Few Multiplications},
  year =         2016
}

@inproceedings{lipton2016learning,
  address =      {San Juan, Puerto Rico},
  author =       {Lipton, Zachary Chase and Kale, David C. and Elkan,
                  Charles and Wetzel, C.},
  booktitle =    {4th International Conference on Learning
                  Representations (ICLR)},
  editor =       {Bengio, Yoshua and LeCun, Yann},
  month =        {May},
  note =         {\url{http://arxiv.org/abs/1511.03677}},
  series =       {Conference Track Proceedings},
  title =        {Learning to Diagnose with LSTM Recurrent Neural
                  Networks},
  year =         2016
}

@inproceedings{lopezpaz2016unifying,
  address =      {San Juan, Puerto Rico},
  author =       {Lopez-Paz, David and Bottou, Léon and Schölkopf,
                  Bernhard and Vapnik, Vladimir},
  booktitle =    {4th International Conference on Learning
                  Representations (ICLR)},
  editor =       {Bengio, Yoshua and LeCun, Yann},
  month =        {May},
  note =         {\url{http://arxiv.org/abs/1511.03643}},
  series =       {Conference Track Proceedings},
  title =        {Unifying distillation and privileged information},
  year =         2016
}

@inproceedings{louizos2016variational,
  address =      {San Juan, Puerto Rico},
  author =       {Louizos, Christos and Swersky, Kevin and Li, Yujia
                  and Welling, Max and Zemel, Richard S.},
  booktitle =    {4th International Conference on Learning
                  Representations (ICLR)},
  editor =       {Bengio, Yoshua and LeCun, Yann},
  month =        {May},
  note =         {\url{http://arxiv.org/abs/1511.00830}},
  series =       {Conference Track Proceedings},
  title =        {The Variational Fair Autoencoder},
  year =         2016
}

@inproceedings{luong2016multitask,
  address =      {San Juan, Puerto Rico},
  author =       {Luong, Minh-Thang and Le, Quoc V. and Sutskever,
                  Ilya and Vinyals, Oriol and Kaiser, Lukasz},
  booktitle =    {4th International Conference on Learning
                  Representations (ICLR)},
  editor =       {Bengio, Yoshua and LeCun, Yann},
  month =        {May},
  note =         {\url{http://arxiv.org/abs/1511.06114}},
  series =       {Conference Track Proceedings},
  title =        {Multi-task Sequence to Sequence Learning},
  year =         2016
}

@inproceedings{mansimov2016generating,
  address =      {San Juan, Puerto Rico},
  author =       {Mansimov, Elman and Parisotto, Emilio and Ba, Lei
                  Jimmy and Salakhutdinov, Ruslan},
  booktitle =    {4th International Conference on Learning
                  Representations (ICLR)},
  editor =       {Bengio, Yoshua and LeCun, Yann},
  month =        {May},
  note =         {\url{http://arxiv.org/abs/1511.02793}},
  series =       {Conference Track Proceedings},
  title =        {Generating Images from Captions with Attention},
  year =         2016
}

@inproceedings{mariet2016diversity,
  address =      {San Juan, Puerto Rico},
  author =       {Mariet, Zelda and Sra, Suvrit},
  booktitle =    {4th International Conference on Learning
                  Representations (ICLR)},
  editor =       {Bengio, Yoshua and LeCun, Yann},
  month =        {May},
  note =         {\url{http://arxiv.org/abs/1511.05077}},
  series =       {Conference Track Proceedings},
  title =        {Diversity Networks},
  year =         2016
}

@inproceedings{mathieu2016deep,
  address =      {San Juan, Puerto Rico},
  author =       {Mathieu, Michaël and Couprie, Camille and LeCun,
                  Yann},
  booktitle =    {4th International Conference on Learning
                  Representations (ICLR)},
  editor =       {Bengio, Yoshua and LeCun, Yann},
  month =        {May},
  note =         {\url{http://arxiv.org/abs/1511.05440}},
  series =       {Conference Track Proceedings},
  title =        {Deep Multi-scale Video Prediction Beyond Mean Square
                  Error},
  year =         2016
}

@inproceedings{mattos2016recurrent,
  address =      {San Juan, Puerto Rico},
  author =       {Mattos, César Lincoln C. and Dai, Zhenwen and
                  Damianou, Andreas C. and Forth, Jeremy and Barreto,
                  Guilherme A. and Lawrence, Neil D.},
  booktitle =    {4th International Conference on Learning
                  Representations (ICLR)},
  editor =       {Bengio, Yoshua and LeCun, Yann},
  month =        {May},
  note =         {\url{http://arxiv.org/abs/1511.06644}},
  series =       {Conference Track Proceedings},
  title =        {Recurrent Gaussian Processes},
  year =         2016
}

@inproceedings{mishkin2016you,
  address =      {San Juan, Puerto Rico},
  author =       {Mishkin, Dmytro and Matas, Jiri},
  booktitle =    {4th International Conference on Learning
                  Representations (ICLR)},
  editor =       {Bengio, Yoshua and LeCun, Yann},
  month =        {May},
  note =         {\url{http://arxiv.org/abs/1511.06422}},
  series =       {Conference Track Proceedings},
  title =        {All you need is a good init},
  year =         2016
}

@inproceedings{miyato2016distributional,
  address =      {San Juan, Puerto Rico},
  author =       {Miyato, Takeru and Maeda, Shin-ichi and Koyama,
                  Masanori and Nakae, Ken and Ishii, Shin},
  booktitle =    {4th International Conference on Learning
                  Representations (ICLR)},
  editor =       {Bengio, Yoshua and LeCun, Yann},
  month =        {May},
  note =         {\url{http://arxiv.org/abs/1507.00677}},
  series =       {Conference Track Proceedings},
  title =        {Distributional Smoothing by Virtual Adversarial
                  Examples},
  year =         2016
}

@inproceedings{moczulski2016acdc,
  address =      {San Juan, Puerto Rico},
  author =       {Moczulski, Marcin and Denil, Misha and Appleyard,
                  Jeremy and Freitas, o de},
  booktitle =    {4th International Conference on Learning
                  Representations (ICLR)},
  editor =       {Bengio, Yoshua and LeCun, Yann},
  month =        {May},
  note =         {\url{http://arxiv.org/abs/1511.05946}},
  series =       {Conference Track Proceedings},
  title =        {ACDC: A Structured Efficient Linear Layer},
  year =         2016
}

@inproceedings{moritz2016sparknet,
  address =      {San Juan, Puerto Rico},
  author =       {Moritz, Philipp and Nishihara, Robert and Stoica,
                  Ion and Jordan, Michael I.},
  booktitle =    {4th International Conference on Learning
                  Representations (ICLR)},
  editor =       {Bengio, Yoshua and LeCun, Yann},
  month =        {May},
  note =         {\url{http://arxiv.org/abs/1511.06051}},
  series =       {Conference Track Proceedings},
  title =        {SparkNet: Training Deep Networks in Spark},
  year =         2016
}

@inproceedings{neelakantan2016neural,
  address =      {San Juan, Puerto Rico},
  author =       {Neelakantan, Arvind and Le, Quoc V. and Sutskever,
                  Ilya},
  booktitle =    {4th International Conference on Learning
                  Representations (ICLR)},
  editor =       {Bengio, Yoshua and LeCun, Yann},
  month =        {May},
  note =         {\url{http://arxiv.org/abs/1511.04834}},
  series =       {Conference Track Proceedings},
  title =        {Neural Programmer: Inducing Latent Programs with
                  Gradient Descent},
  year =         2016
}

@inproceedings{neyshabur2016datadependent,
  address =      {San Juan, Puerto Rico},
  author =       {Neyshabur, Behnam and Tomioka, Ryota and
                  Salakhutdinov, Ruslan and Srebro, Nathan},
  booktitle =    {4th International Conference on Learning
                  Representations (ICLR)},
  editor =       {Bengio, Yoshua and LeCun, Yann},
  month =        {May},
  note =         {\url{http://arxiv.org/abs/1511.06747}},
  series =       {Conference Track Proceedings},
  title =        {Data-Dependent Path Normalization in Neural
                  Networks},
  year =         2016
}

@inproceedings{parisotto2016actormimic,
  address =      {San Juan, Puerto Rico},
  author =       {Parisotto, Emilio and Ba, Lei Jimmy and
                  Salakhutdinov, Ruslan},
  booktitle =    {4th International Conference on Learning
                  Representations (ICLR)},
  editor =       {Bengio, Yoshua and LeCun, Yann},
  month =        {May},
  note =         {\url{http://arxiv.org/abs/1511.06342}},
  series =       {Conference Track Proceedings},
  title =        {Actor-Mimic: Deep Multitask and Transfer
                  Reinforcement Learning},
  year =         2016
}

@inproceedings{paskov2016data,
  address =      {San Juan, Puerto Rico},
  author =       {Paskov, Hristo S. and Mitchell, John C. and Hastie,
                  Trevor J.},
  booktitle =    {4th International Conference on Learning
                  Representations (ICLR)},
  editor =       {Bengio, Yoshua and LeCun, Yann},
  month =        {May},
  note =         {\url{http://arxiv.org/abs/1511.06606}},
  series =       {Conference Track Proceedings},
  title =        {Data Representation and Compression Using
                  Linear-Programming Approximations},
  year =         2016
}

@inproceedings{radford2016unsupervised,
  address =      {San Juan, Puerto Rico},
  author =       {Radford, Alec and Metz, Luke and Chintala, Soumith},
  booktitle =    {4th International Conference on Learning
                  Representations (ICLR)},
  editor =       {Bengio, Yoshua and LeCun, Yann},
  month =        {May},
  note =         {\url{http://arxiv.org/abs/1511.06434}},
  series =       {Conference Track Proceedings},
  title =        {Unsupervised Representation Learning with Deep
                  Convolutional Generative Adversarial Networks},
  year =         2016
}

@inproceedings{ranzato2016sequence,
  address =      {San Juan, Puerto Rico},
  author =       {Ranzato, Marc'Aurelio and Chopra, Sumit and Auli,
                  Michael and Zaremba, Wojciech},
  booktitle =    {4th International Conference on Learning
                  Representations (ICLR)},
  editor =       {Bengio, Yoshua and LeCun, Yann},
  month =        {May},
  note =         {\url{http://arxiv.org/abs/1511.06732}},
  series =       {Conference Track Proceedings},
  title =        {Sequence Level Training with Recurrent Neural
                  Networks},
  year =         2016
}

@inproceedings{reed2016neural,
  address =      {San Juan, Puerto Rico},
  author =       {Reed, Scott E. and Freitas, O. de},
  booktitle =    {4th International Conference on Learning
                  Representations (ICLR)},
  editor =       {Bengio, Yoshua and LeCun, Yann},
  month =        {May},
  note =         {\url{http://arxiv.org/abs/1511.06279}},
  series =       {Conference Track Proceedings},
  title =        {Neural Programmer-Interpreters},
  year =         2016
}

@inproceedings{rippel2016metric,
  address =      {San Juan, Puerto Rico},
  author =       {Rippel, Oren and Paluri, Manohar and Dollar, Piotr
                  and Bourdev, Lubomir D.},
  booktitle =    {4th International Conference on Learning
                  Representations (ICLR)},
  editor =       {Bengio, Yoshua and LeCun, Yann},
  month =        {May},
  note =         {\url{http://arxiv.org/abs/1511.05939}},
  series =       {Conference Track Proceedings},
  title =        {Metric Learning with Adaptive Density
                  Discrimination},
  year =         2016
}

@inproceedings{rockt2016reasoning,
  address =      {San Juan, Puerto Rico},
  author =       {Rocktäschel, Tim and Grefenstette, Edward and
                  Hermann, Karl Moritz and Kociský, Tomás and Blunsom,
                  Phil},
  booktitle =    {4th International Conference on Learning
                  Representations (ICLR)},
  editor =       {Bengio, Yoshua and LeCun, Yann},
  month =        {May},
  note =         {\url{http://arxiv.org/abs/1509.06664}},
  series =       {Conference Track Proceedings},
  title =        {Reasoning about Entailment with Neural Attention},
  year =         2016
}

@inproceedings{rusu2016policy,
  address =      {San Juan, Puerto Rico},
  author =       {Rusu, Andrei A. and Colmenarejo, Sergio Gomez and
                  Gülçehre, Çaglar and Desjardins, Guillaume and
                  Kirkpatrick, James and Pascanu, Razvan and Mnih,
                  Volodymyr and Kavukcuoglu, Koray and Hadsell, Raia},
  booktitle =    {4th International Conference on Learning
                  Representations (ICLR)},
  editor =       {Bengio, Yoshua and LeCun, Yann},
  month =        {May},
  note =         {\url{http://arxiv.org/abs/1511.06295}},
  series =       {Conference Track Proceedings},
  title =        {Policy Distillation},
  year =         2016
}

@inproceedings{sabour2016adversarial,
  address =      {San Juan, Puerto Rico},
  author =       {Sabour, Sara and Cao, Yanshuai and Faghri, Fartash
                  and Fleet, David J.},
  booktitle =    {4th International Conference on Learning
                  Representations (ICLR)},
  editor =       {Bengio, Yoshua and LeCun, Yann},
  month =        {May},
  note =         {\url{http://arxiv.org/abs/1511.05122}},
  series =       {Conference Track Proceedings},
  title =        {Adversarial Manipulation of Deep Representations},
  year =         2016
}

@inproceedings{schaul2016prioritized,
  address =      {San Juan, Puerto Rico},
  author =       {Schaul, Tom and Quan, John and Antonoglou, Ioannis
                  and Silver, David},
  booktitle =    {4th International Conference on Learning
                  Representations (ICLR)},
  editor =       {Bengio, Yoshua and LeCun, Yann},
  month =        {May},
  note =         {\url{http://arxiv.org/abs/1511.05952}},
  series =       {Conference Track Proceedings},
  title =        {Prioritized Experience Replay},
  year =         2016
}

@inproceedings{schulman2016highdimensional,
  address =      {San Juan, Puerto Rico},
  author =       {Schulman, John and Moritz, Philipp and Levine,
                  Sergey and Jordan, Michael I. and Abbeel, Pieter},
  booktitle =    {4th International Conference on Learning
                  Representations (ICLR)},
  editor =       {Bengio, Yoshua and LeCun, Yann},
  month =        {May},
  note =         {\url{http://arxiv.org/abs/1506.02438}},
  series =       {Conference Track Proceedings},
  title =        {High-Dimensional Continuous Control Using
                  Generalized Advantage Estimation},
  year =         2016
}

@inproceedings{soatto2016modeling,
  address =      {San Juan, Puerto Rico},
  author =       {Soatto, Stefano and Chiuso, R.},
  booktitle =    {4th International Conference on Learning
                  Representations (ICLR)},
  editor =       {Bengio, Yoshua and LeCun, Yann},
  month =        {May},
  note =         {\url{http://arxiv.org/abs/1411.7676}},
  series =       {Conference Track Proceedings},
  title =        {Modeling Visual Representations: Defining Properties
                  and Deep Approximations},
  year =         2016
}

@inproceedings{springenberg2016unsupervised,
  address =      {San Juan, Puerto Rico},
  author =       {Springenberg, Jost Tobias},
  booktitle =    {4th International Conference on Learning
                  Representations (ICLR)},
  editor =       {Bengio, Yoshua and LeCun, Yann},
  month =        {May},
  note =         {\url{http://arxiv.org/abs/1511.06390}},
  series =       {Conference Track Proceedings},
  title =        {Unsupervised and Semi-supervised Learning with
                  Categorical Generative Adversarial Networks},
  year =         2016
}

@inproceedings{tai2016convolutional,
  address =      {San Juan, Puerto Rico},
  author =       {Tai, Cheng and Xiao, Tong and Wang, Xiaogang and E,
                  Weinan},
  booktitle =    {4th International Conference on Learning
                  Representations (ICLR)},
  editor =       {Bengio, Yoshua and LeCun, Yann},
  month =        {May},
  note =         {\url{http://arxiv.org/abs/1511.06067}},
  series =       {Conference Track Proceedings},
  title =        {Convolutional Neural Networks with Low-Rank
                  Regularization},
  year =         2016
}

@inproceedings{theis2016note,
  address =      {San Juan, Puerto Rico},
  author =       {Theis, Lucas and Oord, Aäron van den and Bethge,
                  Matthias},
  booktitle =    {4th International Conference on Learning
                  Representations (ICLR)},
  editor =       {Bengio, Yoshua and LeCun, Yann},
  month =        {May},
  note =         {\url{http://arxiv.org/abs/1511.01844}},
  series =       {Conference Track Proceedings},
  title =        {A note on the evaluation of generative models},
  year =         2016
}

@inproceedings{toderici2016variable,
  address =      {San Juan, Puerto Rico},
  author =       {Toderici, George and O'Malley, Sean M. and Hwang,
                  Sung Jin and Vincent, Damien and Minnen, David and
                  Baluja, Shumeet and Covell, Michele and Sukthankar,
                  Rahul},
  booktitle =    {4th International Conference on Learning
                  Representations (ICLR)},
  editor =       {Bengio, Yoshua and LeCun, Yann},
  month =        {May},
  note =         {\url{http://arxiv.org/abs/1511.06085}},
  series =       {Conference Track Proceedings},
  title =        {Variable Rate Image Compression with Recurrent
                  Neural Networks},
  year =         2016
}

@inproceedings{tolias2016particular,
  address =      {San Juan, Puerto Rico},
  author =       {Tolias, Giorgos and Sicre, Ronan and Jégou, Hervé},
  booktitle =    {4th International Conference on Learning
                  Representations (ICLR)},
  editor =       {Bengio, Yoshua and LeCun, Yann},
  month =        {May},
  note =         {\url{http://arxiv.org/abs/1511.05879}},
  series =       {Conference Track Proceedings},
  title =        {Particular object retrieval with integral
                  max-pooling of CNN activations},
  year =         2016
}

@inproceedings{tran2016variational,
  address =      {San Juan, Puerto Rico},
  author =       {Tran, Dustin and Ranganath, Rajesh and Blei, David
                  M.},
  booktitle =    {4th International Conference on Learning
                  Representations (ICLR)},
  editor =       {Bengio, Yoshua and LeCun, Yann},
  month =        {May},
  note =         {\url{http://arxiv.org/abs/1511.06499}},
  series =       {Conference Track Proceedings},
  title =        {Variational Gaussian Process},
  year =         2016
}

@inproceedings{vendrov2016orderembeddings,
  address =      {San Juan, Puerto Rico},
  author =       {Vendrov, Ivan and Kiros, Ryan and Fidler, Sanja and
                  Urtasun, Raquel},
  booktitle =    {4th International Conference on Learning
                  Representations (ICLR)},
  editor =       {Bengio, Yoshua and LeCun, Yann},
  month =        {May},
  note =         {\url{http://arxiv.org/abs/1511.06361}},
  series =       {Conference Track Proceedings},
  title =        {Order-Embeddings of Images and Language},
  year =         2016
}

@inproceedings{vinyals2016order,
  address =      {San Juan, Puerto Rico},
  author =       {Vinyals, Oriol and Bengio, Samy and Kudlur,
                  Manjunath},
  booktitle =    {4th International Conference on Learning
                  Representations (ICLR)},
  editor =       {Bengio, Yoshua and LeCun, Yann},
  month =        {May},
  note =         {\url{http://arxiv.org/abs/1511.06391}},
  series =       {Conference Track Proceedings},
  title =        {Order Matters: Sequence to sequence for sets},
  year =         2016
}

@inproceedings{wang2016largescale,
  address =      {San Juan, Puerto Rico},
  author =       {Wang, Weiran and Livescu, Karen},
  booktitle =    {4th International Conference on Learning
                  Representations (ICLR)},
  editor =       {Bengio, Yoshua and LeCun, Yann},
  month =        {May},
  note =         {\url{http://arxiv.org/abs/1511.04773}},
  series =       {Conference Track Proceedings},
  title =        {Large-Scale Approximate Kernel Canonical Correlation
                  Analysis},
  year =         2016
}

@inproceedings{weston2016towards,
  address =      {San Juan, Puerto Rico},
  author =       {Weston, Jason and Bordes, Antoine and Chopra, Sumit
                  and Mikolov, Tomás},
  booktitle =    {4th International Conference on Learning
                  Representations (ICLR)},
  editor =       {Bengio, Yoshua and LeCun, Yann},
  month =        {May},
  note =         {\url{http://arxiv.org/abs/1502.05698}},
  series =       {Conference Track Proceedings},
  title =        {Towards AI-Complete Question Answering: A Set of
                  Prerequisite Toy Tasks},
  year =         2016
}

@inproceedings{wieting2016towards,
  address =      {San Juan, Puerto Rico},
  author =       {Wieting, John and Bansal, Mohit and Gimpel, Kevin
                  and Livescu, Karen},
  booktitle =    {4th International Conference on Learning
                  Representations (ICLR)},
  editor =       {Bengio, Yoshua and LeCun, Yann},
  month =        {May},
  note =         {\url{http://arxiv.org/abs/1511.08198}},
  series =       {Conference Track Proceedings},
  title =        {Towards Universal Paraphrastic Sentence Embeddings},
  year =         2016
}

@inproceedings{yu2016better,
  address =      {San Juan, Puerto Rico},
  author =       {Yu, T. and Zhu, Yan},
  booktitle =    {4th International Conference on Learning
                  Representations (ICLR)},
  editor =       {Bengio, Yoshua and LeCun, Yann},
  month =        {May},
  note =         {\url{http://arxiv.org/abs/1511.06410}},
  series =       {Conference Track Proceedings},
  title =        {Better Computer Go Player with Neural Network and
                  Long-term Prediction},
  year =         2016
}

@inproceedings{yu2016multiscale,
  address =      {San Juan, Puerto Rico},
  author =       {Yu, Fisher and Koltun, Vladlen},
  booktitle =    {4th International Conference on Learning
                  Representations (ICLR)},
  editor =       {Bengio, Yoshua and LeCun, Yann},
  month =        {May},
  note =         {\url{http://arxiv.org/abs/1511.07122}},
  series =       {Conference Track Proceedings},
  title =        {Multi-Scale Context Aggregation by Dilated
                  Convolutions},
  year =         2016
}
