@inproceedings{abbasi2017robustness,
  address =      {Toulon, France},
  author =       {Abbasi, Mahdieh and Gagné, Christian},
  booktitle =    {5th International Conference on Learning
                  Representations (ICLR)},
  month =        {April},
  note =         {\url{https://openreview.net/forum?id=S1cYxlSFx}},
  openalex =     {W2949479613},
  publisher =    {OpenReview.net},
  series =       {Workshop Track Proceedings},
  title =        {Robustness to Adversarial Examples through an
                  Ensemble of Specialists},
  year =         2017
}

@inproceedings{affouard2017plantnet,
  address =      {Toulon, France},
  author =       {Affouard, Antoine and Goëau, Hervé and Bonnet,
                  Pierre and Lombardo, Jean‐Christophe and Joly,
                  Alexis},
  booktitle =    {5th International Conference on Learning
                  Representations (ICLR)},
  month =        {April},
  note =         {\url{https://openreview.net/forum?id=HJVJpENFg}},
  openalex =     {W2767264536},
  publisher =    {OpenReview.net},
  series =       {Workshop Track Proceedings},
  title =        {Pl@ntNet app in the era of deep learning},
  year =         2017
}

@inproceedings{aghajanyan2017charged,
  address =      {Toulon, France},
  author =       {Aghajanyan, Armen},
  booktitle =    {5th International Conference on Learning
                  Representations (ICLR)},
  month =        {April},
  note =         {\url{https://openreview.net/forum?id=BJdqLbDde}},
  openalex =     {W2529529077},
  publisher =    {OpenReview.net},
  series =       {Workshop Track Proceedings},
  title =        {Charged Point Normalization: An Efficient Solution
                  to the Saddle Point Problem},
  year =         2017
}

@inproceedings{alain2017understanding,
  address =      {Toulon, France},
  author =       {Alain, Guillaume and Bengio, Yoshua},
  booktitle =    {5th International Conference on Learning
                  Representations (ICLR)},
  month =        {April},
  note =         {\url{https://openreview.net/forum?id=HJ4-rAVtl}},
  openalex =     {W4301785137},
  publisher =    {OpenReview.net},
  series =       {Workshop Track Proceedings},
  title =        {Understanding intermediate layers using linear
                  classifier probes},
  year =         2017
}

@inproceedings{albericio2017bitpragmatic,
  address =      {Toulon, France},
  author =       {Albericio, Jorge and Delmás, Alberto and Judd,
                  Patrick and Sharify, Sayeh and O’Leary, Gerard and
                  Genov, Roman and Moshovos, Andreas},
  booktitle =    {5th International Conference on Learning
                  Representations (ICLR)},
  month =        {April},
  note =         {\url{https://openreview.net/forum?id=ryeF7mVFl}},
  openalex =     {W2541839172},
  publisher =    {OpenReview.net},
  series =       {Workshop Track Proceedings},
  title =        {Bit-pragmatic deep neural network computing},
  year =         2017
}

@inproceedings{alex2017exponential,
  address =      {Toulon, France},
  author =       {Novikov, Alexander and Trofimov, Mikhail and
                  Oseledets, Ivan},
  booktitle =    {5th International Conference on Learning
                  Representations (ICLR)},
  month =        {April},
  note =         {\url{https://openreview.net/forum?id=rkm1sE4tg}},
  openalex =     {W2752217370},
  publisher =    {OpenReview.net},
  series =       {Workshop Track Proceedings},
  title =        {Exponential Machines},
  year =         2017
}

@inproceedings{alex2017highdimensional,
  address =      {Toulon, France},
  author =       {Anderson, Alexander G. and Berg, Cory P.},
  booktitle =    {5th International Conference on Learning
                  Representations (ICLR)},
  month =        {April},
  note =         {\url{https://openreview.net/forum?id=SkvQFOmtg}},
  openalex =     {W2949159496},
  publisher =    {OpenReview.net},
  series =       {Workshop Track Proceedings},
  title =        {The High-Dimensional Geometry of Binary Neural
                  Networks},
  year =         2017
}

@inproceedings{alex2017lifelong,
  address =      {Toulon, France},
  author =       {Gaunt, Alexander L. and Brockschmidt, Marc and
                  Kushman, Nate and Tarlow, Daniel},
  booktitle =    {5th International Conference on Learning
                  Representations (ICLR)},
  month =        {April},
  note =         {\url{https://openreview.net/forum?id=rJNulIVtx}},
  openalex =     {W2555787080},
  publisher =    {OpenReview.net},
  series =       {Workshop Track Proceedings},
  title =        {Lifelong Perceptual Programming By Example},
  year =         2017
}

@inproceedings{alex2017semantic,
  address =      {Toulon, France},
  author =       {Chistyakov, Alexander and Lobacheva, Ekaterina and
                  Kuznetsov, Arseny and Romanenko, Alexey},
  booktitle =    {5th International Conference on Learning
                  Representations (ICLR)},
  month =        {April},
  note =         {\url{https://openreview.net/forum?id=BJ_X2yHFe}},
  openalex =     {W2963470014},
  publisher =    {OpenReview.net},
  series =       {Workshop Track Proceedings},
  title =        {Semantic embeddings for program behaviour patterns},
  year =         2017
}

@inproceedings{arnold2017accelerating,
  address =      {Toulon, France},
  author =       {Arnold, Sébastien M. R. and Wang, Chunming},
  booktitle =    {5th International Conference on Learning
                  Representations (ICLR)},
  month =        {April},
  note =         {\url{https://openreview.net/forum?id=B1lpelBYl}},
  openalex =     {W2963811598},
  publisher =    {OpenReview.net},
  series =       {Workshop Track Proceedings},
  title =        {Accelerating SGD for Distributed Deep-Learning Using
                  an Approximted Hessian Matrix.},
  year =         2017
}

@inproceedings{bachman2017learning,
  address =      {Toulon, France},
  author =       {Bachman, Philip and Sordoni, Alessandro and
                  Trischler, Adam},
  booktitle =    {5th International Conference on Learning
                  Representations (ICLR)},
  month =        {April},
  note =         {\url{https://openreview.net/forum?id=rJj2ZxHtl}},
  openalex =     {W2740275380},
  publisher =    {OpenReview.net},
  series =       {Workshop Track Proceedings},
  title =        {Learning Algorithms for Active Learning},
  year =         2017
}

@inproceedings{bajgar2017embracing,
  address =      {Toulon, France},
  author =       {Bajgar, Ondřej and Kadlec, Rudolf and Kleindienst,
                  Jan},
  booktitle =    {5th International Conference on Learning
                  Representations (ICLR)},
  month =        {April},
  note =         {\url{https://openreview.net/forum?id=H1U4mhVFe}},
  openalex =     {W2528904340},
  publisher =    {OpenReview.net},
  series =       {Workshop Track Proceedings},
  title =        {Embracing data abundance: BookTest Dataset for
                  Reading Comprehension},
  year =         2017
}

@inproceedings{baroni2017commai,
  address =      {Toulon, France},
  author =       {Baroni, Marco and Joulin, Armand and Jabri, Allan
                  and Kruszewski, Germán and Lazaridou, Angeliki and
                  Simonic, Klemen and Mikolov, Tomáš},
  booktitle =    {5th International Conference on Learning
                  Representations (ICLR)},
  month =        {April},
  note =         {\url{https://openreview.net/forum?id=Syh_o0pPx}},
  openalex =     {W2585926623},
  publisher =    {OpenReview.net},
  series =       {Workshop Track Proceedings},
  title =        {CommAI: Evaluating the first steps towards a useful
                  general AI},
  year =         2017
}

@inproceedings{bartunov2017fast,
  address =      {Toulon, France},
  author =       {Bartunov, Sergey and Vetrov, Dmitry},
  booktitle =    {5th International Conference on Learning
                  Representations (ICLR)},
  month =        {April},
  note =         {\url{https://openreview.net/forum?id=r1IvyjVYl}},
  openalex =     {W2564726951},
  publisher =    {OpenReview.net},
  series =       {Workshop Track Proceedings},
  title =        {Fast Adaptation in Generative Models with Generative
                  Matching Networks},
  year =         2017
}

@inproceedings{belilovsky2017joint,
  address =      {Toulon, France},
  author =       {Belilovsky, Eugene and Blaschko, Matthew B. and
                  Kiros, Jamie and Urtasun, Raquel and Zemel, Richard
                  S.},
  booktitle =    {5th International Conference on Learning
                  Representations (ICLR)},
  month =        {April},
  note =         {\url{https://openreview.net/forum?id=BkyScySKl}},
  openalex =     {W2882995289},
  publisher =    {OpenReview.net},
  series =       {Workshop Track Proceedings},
  title =        {Joint Embeddings of Scene Graphs and Images},
  year =         2017
}

@inproceedings{belilovsky2017learning,
  address =      {Toulon, France},
  author =       {Belilovsky, Eugene and Kastner, Kyle and Varoquaux,
                  Gaël and Blaschko, Matthew B.},
  booktitle =    {5th International Conference on Learning
                  Representations (ICLR)},
  month =        {April},
  note =         {\url{https://openreview.net/forum?id=H1GvR47Ye}},
  openalex =     {W2730088321},
  publisher =    {OpenReview.net},
  series =       {Workshop Track Proceedings},
  title =        {Learning to Discover Sparse Graphical Models},
  year =         2017
}

@inproceedings{bello2017neural,
  address =      {Toulon, France},
  author =       {Bello, Irwan and Pham, Hieu and Le, Quoc V. and
                  Norouzi, Mohammad and Bengio, Samy},
  booktitle =    {5th International Conference on Learning
                  Representations (ICLR)},
  month =        {April},
  note =         {\url{https://openreview.net/forum?id=Bk9mxlSFx}},
  openalex =     {W2952332632},
  publisher =    {OpenReview.net},
  series =       {Workshop Track Proceedings},
  title =        {Neural Combinatorial Optimization with Reinforcement
                  Learning},
  year =         2017
}

@inproceedings{bhonker2017playing,
  address =      {Toulon, France},
  author =       {Bhonker, Nadav and Rozenberg, Shai and Hubara, Itay},
  booktitle =    {5th International Conference on Learning
                  Representations (ICLR)},
  month =        {April},
  note =         {\url{https://openreview.net/forum?id=rJV7l2VFg}},
  openalex =     {W2951657084},
  publisher =    {OpenReview.net},
  series =       {Workshop Track Proceedings},
  title =        {Playing SNES in the Retro Learning Environment},
  year =         2017
}

@inproceedings{blair2017automated,
  address =      {Toulon, France},
  author =       {Blair, Philip and Merhav, Yuval and Barry, Joel},
  booktitle =    {5th International Conference on Learning
                  Representations (ICLR)},
  month =        {April},
  note =         {\url{https://openreview.net/forum?id=SyA0t9fFe}},
  openalex =     {W4293506519},
  publisher =    {OpenReview.net},
  series =       {Workshop Track Proceedings},
  title =        {Automated Generation of Multilingual Clusters for
                  the Evaluation of Distributed Representations},
  year =         2017
}

@inproceedings{bosnjak2017programming,
  address =      {Toulon, France},
  author =       {Bošnjak, Matko and Rocktäschel, Tim and Naradowsky,
                  Jason and Riedel, Sebastian},
  booktitle =    {5th International Conference on Learning
                  Representations (ICLR)},
  month =        {April},
  note =         {\url{https://openreview.net/forum?id=SJAM_pVte}},
  openalex =     {W2963055053},
  publisher =    {OpenReview.net},
  series =       {Workshop Track Proceedings},
  title =        {Programming with a differentiable forth interpreter},
  year =         2017
}

@inproceedings{carlsson2017preimage,
  address =      {Toulon, France},
  author =       {Carlsson, Stefan and Azizpour, Hossein and Razavian,
                  Ali Sharif and Sullivan, Josephine and Smith, Kevin},
  booktitle =    {5th International Conference on Learning
                  Representations (ICLR)},
  month =        {April},
  note =         {\url{https://openreview.net/forum?id=rk7YG_4Yg}},
  openalex =     {W2751647799},
  publisher =    {OpenReview.net},
  series =       {Workshop Track Proceedings},
  title =        {The Preimage of Rectifier Network Activities},
  year =         2017
}

@inproceedings{cherti2017de,
  address =      {Toulon, France},
  author =       {Cherti, Mehdi and Kégl, Balázs and Kazakçı, Akın},
  booktitle =    {5th International Conference on Learning
                  Representations (ICLR)},
  month =        {April},
  note =         {\url{https://openreview.net/forum?id=SkkC41HYl}},
  openalex =     {W2908854447},
  publisher =    {OpenReview.net},
  series =       {Workshop Track Proceedings},
  title =        {DE NOVO DRUG DESIGN WITH DEEP GENERATIVE MODELS : AN
                  EMPIRICAL STUDY},
  year =         2017
}

@inproceedings{cherti2017outofclass,
  address =      {Toulon, France},
  author =       {Cherti, Mehdi and Kégl, Balázs and Kazakçı, Akın},
  booktitle =    {5th International Conference on Learning
                  Representations (ICLR)},
  month =        {April},
  note =         {\url{https://openreview.net/forum?id=r1QXQkSYg}},
  openalex =     {W2801457018},
  publisher =    {OpenReview.net},
  series =       {Workshop Track Proceedings},
  title =        {Out-of-Class Novelty Generation : An Experimental
                  Foundation},
  year =         2017
}

@inproceedings{chu2017song,
  address =      {Toulon, France},
  author =       {Chu, Hang and Urtasun, Raquel and Fidler, Sanja},
  booktitle =    {5th International Conference on Learning
                  Representations (ICLR)},
  month =        {April},
  note =         {\url{https://openreview.net/forum?id=BJ2p6a_dg}},
  openalex =     {W2953100410},
  publisher =    {OpenReview.net},
  series =       {Workshop Track Proceedings},
  title =        {Song From PI: A Musically Plausible Network for Pop
                  Music Generation},
  year =         2017
}

@inproceedings{cremer2017reinterpreting,
  address =      {Toulon, France},
  author =       {Cremer, Chris and Morris, Quaid and Duvenaud, David},
  booktitle =    {5th International Conference on Learning
                  Representations (ICLR)},
  month =        {April},
  note =         {\url{https://openreview.net/forum?id=Syw2ZgrFx}},
  openalex =     {W2605576515},
  publisher =    {OpenReview.net},
  series =       {Workshop Track Proceedings},
  title =        {Reinterpreting Importance-Weighted Autoencoders},
  year =         2017
}

@inproceedings{daniely2017short,
  address =      {Toulon, France},
  author =       {Daniely, Amit and Lazic, Nevena and Singer, Yoram
                  and Talwar, Kunal},
  booktitle =    {5th International Conference on Learning
                  Representations (ICLR)},
  month =        {April},
  note =         {\url{https://openreview.net/forum?id=S1hsDCNFx}},
  openalex =     {W2599546125},
  publisher =    {OpenReview.net},
  series =       {Workshop Track Proceedings},
  title =        {Short and Deep: Sketching and Neural Networks},
  year =         2017
}

@inproceedings{degrave2017differentiable,
  address =      {Toulon, France},
  author =       {Degrave, Jonas and Hermans, Michiel and Dambre, Joni
                  and wyffels, Francis},
  booktitle =    {5th International Conference on Learning
                  Representations (ICLR)},
  month =        {April},
  note =         {\url{https://openreview.net/forum?id=HkrB8XXte}},
  openalex =     {W2556096037},
  publisher =    {OpenReview.net},
  series =       {Workshop Track Proceedings},
  title =        {A Differentiable Physics Engine for Deep Learning in
                  Robotics},
  year =         2017
}

@inproceedings{deshp2017on,
  address =      {Toulon, France},
  author =       {Deshpande, Amit and Karmalkar, Sushrut},
  booktitle =    {5th International Conference on Learning
                  Representations (ICLR)},
  month =        {April},
  note =         {\url{https://openreview.net/forum?id=ByUg_SNte}},
  openalex =     {W2751060898},
  publisher =    {OpenReview.net},
  series =       {Workshop Track Proceedings},
  title =        {On Robust Concepts and Small Neural Nets},
  year =         2017
}

@inproceedings{devries2017dataset,
  address =      {Toulon, France},
  author =       {DeVries, Terrance and Taylor, Graham W.},
  booktitle =    {5th International Conference on Learning
                  Representations (ICLR)},
  month =        {April},
  note =         {\url{https://openreview.net/forum?id=HyaF53XYx}},
  openalex =     {W2951751045},
  publisher =    {OpenReview.net},
  series =       {Workshop Track Proceedings},
  title =        {Dataset Augmentation in Feature Space},
  year =         2017
}

@inproceedings{donahue2017dance,
  address =      {Toulon, France},
  author =       {Donahue, Chris and Lipton, Zachary C. and McAuley,
                  Julian},
  booktitle =    {5th International Conference on Learning
                  Representations (ICLR)},
  month =        {April},
  note =         {\url{https://openreview.net/forum?id=HyzsgBEtg}},
  openalex =     {W3022534174},
  publisher =    {OpenReview.net},
  series =       {Workshop Track Proceedings},
  title =        {Dance Dance Convolution},
  year =         2017
}

@inproceedings{dubois2017effectiveness,
  address =      {Toulon, France},
  author =       {Dubois, Sébastien and Romano, Nathanael and Jung,
                  Kenneth and Shah, Nigam H. and Kale, David C.},
  booktitle =    {5th International Conference on Learning
                  Representations (ICLR)},
  month =        {April},
  note =         {\url{https://openreview.net/forum?id=B1_E8xrKe}},
  openalex =     {W2905865335},
  publisher =    {OpenReview.net},
  series =       {Workshop Track Proceedings},
  title =        {The Effectiveness of Transfer Learning in Electronic
                  Health Records Data},
  year =         2017
}

@inproceedings{feser2017neural,
  address =      {Toulon, France},
  author =       {Feser, John and Brockschmidt, Marc and Gaunt,
                  Alexander L. and Tarlow, Daniel},
  booktitle =    {5th International Conference on Learning
                  Representations (ICLR)},
  month =        {April},
  note =         {\url{https://openreview.net/forum?id=Byp_ccVte}},
  openalex =     {W2963674314},
  publisher =    {OpenReview.net},
  series =       {Workshop Track Proceedings},
  title =        {Neural Functional Programming},
  year =         2017
}

@inproceedings{fischer2017adversarial,
  address =      {Toulon, France},
  author =       {Fischer, Volker and Kumar, Mummadi Chaithanya and
                  Metzen, Jan Hendrik and Brox, Thomas},
  booktitle =    {5th International Conference on Learning
                  Representations (ICLR)},
  month =        {April},
  note =         {\url{https://openreview.net/forum?id=S1SED1MYe}},
  openalex =     {W2963491874},
  publisher =    {OpenReview.net},
  series =       {Workshop Track Proceedings},
  title =        {Adversarial Examples for Semantic Image
                  Segmentation},
  year =         2017
}

@inproceedings{franceschi2017on,
  address =      {Toulon, France},
  author =       {Franceschi, Luca and Donini, Michele and Frasconi,
                  Paolo and Pontil, Massimiliano},
  booktitle =    {5th International Conference on Learning
                  Representations (ICLR)},
  month =        {April},
  note =         {\url{https://openreview.net/forum?id=r1mQ01SYl}},
  openalex =     {W2902491602},
  publisher =    {OpenReview.net},
  series =       {Workshop Track Proceedings},
  title =        {On Hyperparameter Optimization in Learning Systems.},
  year =         2017
}

@inproceedings{gao2017deepcloak,
  address =      {Toulon, France},
  author =       {Gao, Ji and Wang, Beilun and Lin, Zeming and Xu,
                  Weilin and Qi, Yanjun},
  booktitle =    {5th International Conference on Learning
                  Representations (ICLR)},
  month =        {April},
  note =         {\url{https://openreview.net/forum?id=r1X_kR4Yl}},
  openalex =     {W2618186003},
  publisher =    {OpenReview.net},
  series =       {Workshop Track Proceedings},
  title =        {DeepCloak: Masking Deep Neural Network Models for
                  Robustness Against Adversarial Samples},
  year =         2017
}

@inproceedings{gardella2017restricted,
  address =      {Toulon, France},
  author =       {Gardella, Christophe and Marre, Olivier and Mora,
                  Thierry},
  booktitle =    {5th International Conference on Learning
                  Representations (ICLR)},
  month =        {April},
  note =         {\url{https://openreview.net/forum?id=Sk1OOnNFx}},
  openalex =     {W2905900184},
  publisher =    {OpenReview.net},
  series =       {Workshop Track Proceedings},
  title =        {Restricted Boltzmann Machines provide an accurate
                  metric for retinal responses to visual stimuli},
  year =         2017
}

@inproceedings{garg2017neurogenesisinspired,
  address =      {Toulon, France},
  author =       {Garg, Sahil and Rish, Irina and Cecchi, Guillermo
                  and Lozano, Aurélie},
  booktitle =    {5th International Conference on Learning
                  Representations (ICLR)},
  month =        {April},
  note =         {\url{https://openreview.net/forum?id=S1dJ1smFg}},
  openalex =     {W2942023275},
  publisher =    {OpenReview.net},
  series =       {Workshop Track Proceedings},
  title =        {Neurogenesis-Inspired Dictionary Learning: Online
                  Model Adaption in a Changing World},
  year =         2017
}

@inproceedings{gastaldi2017shakeshake,
  address =      {Toulon, France},
  author =       {Gastaldi, Xavier},
  booktitle =    {5th International Conference on Learning
                  Representations (ICLR)},
  month =        {April},
  note =         {\url{https://openreview.net/forum?id=HkO-PCmYl}},
  openalex =     {W2902029681},
  publisher =    {OpenReview.net},
  series =       {Workshop Track Proceedings},
  title =        {Shake-Shake regularization of 3-branch residual
                  networks},
  year =         2017
}

@inproceedings{gens2017compositional,
  address =      {Toulon, France},
  author =       {Gens, Robert and Domingos, Pedro},
  booktitle =    {5th International Conference on Learning
                  Representations (ICLR)},
  month =        {April},
  note =         {\url{https://openreview.net/forum?id=rk34W-DOl}},
  openalex =     {W2753406425},
  publisher =    {OpenReview.net},
  series =       {Workshop Track Proceedings},
  title =        {Compositional Kernel Machines},
  year =         2017
}

@inproceedings{gilmer2017explaining,
  address =      {Toulon, France},
  author =       {Gilmer, Justin and Raffel, Colin and Schoenholz,
                  Samuel S. and Raghu, Maithra and Sohl‐Dickstein,
                  Jascha},
  booktitle =    {5th International Conference on Learning
                  Representations (ICLR)},
  month =        {April},
  note =         {\url{https://openreview.net/forum?id=HkXKUTVFl}},
  openalex =     {W2619620204},
  publisher =    {OpenReview.net},
  series =       {Workshop Track Proceedings},
  title =        {Explaining the Learning Dynamics of Direct Feedback
                  Alignment},
  year =         2017
}

@inproceedings{glotin2017fast,
  address =      {Toulon, France},
  author =       {Glotin, Hervé and Ricard, Julien and Balestriero,
                  Randall},
  booktitle =    {5th International Conference on Learning
                  Representations (ICLR)},
  month =        {April},
  note =         {\url{https://openreview.net/forum?id=HJWjTANFx}},
  openalex =     {W2905413003},
  publisher =    {OpenReview.net},
  series =       {Workshop Track Proceedings},
  title =        {Fast Chirplet Transform Injects Priors in Deep
                  Learning of Animal Calls and Speech},
  year =         2017
}

@inproceedings{greff2017neural,
  address =      {Toulon, France},
  author =       {Greff, Klaus and Steenkiste, Sjoerd van and
                  Schmidhuber, Jürgen},
  booktitle =    {5th International Conference on Learning
                  Representations (ICLR)},
  month =        {April},
  note =         {\url{https://openreview.net/forum?id=BJMO1grtl}},
  openalex =     {W2964213104},
  publisher =    {OpenReview.net},
  series =       {Workshop Track Proceedings},
  title =        {Neural Expectation Maximization},
  year =         2017
}

@inproceedings{gregor2017variational,
  address =      {Toulon, France},
  author =       {Gregor, Karol and Rezende, Danilo Jimenez and
                  Wierstra, Daan},
  booktitle =    {5th International Conference on Learning
                  Representations (ICLR)},
  month =        {April},
  note =         {\url{https://openreview.net/forum?id=Skc-Fo4Yg}},
  openalex =     {W2556477470},
  publisher =    {OpenReview.net},
  series =       {Workshop Track Proceedings},
  title =        {Variational Intrinsic Control},
  year =         2017
}

@inproceedings{havrylov2017emergence,
  address =      {Toulon, France},
  author =       {Havrylov, Serhii and Titov, Ivan},
  booktitle =    {5th International Conference on Learning
                  Representations (ICLR)},
  month =        {April},
  note =         {\url{https://openreview.net/forum?id=SkaxnKEYg}},
  openalex =     {W2963681240},
  publisher =    {OpenReview.net},
  series =       {Workshop Track Proceedings},
  title =        {Emergence of Language with Multi-agent Games:
                  Learning to Communicate with Sequences of Symbols},
  year =         2017
}

@inproceedings{hendrycks2017early,
  address =      {Toulon, France},
  author =       {Hendrycks, Dan and Gimpel, Kevin},
  booktitle =    {5th International Conference on Learning
                  Representations (ICLR)},
  month =        {April},
  note =         {\url{https://openreview.net/forum?id=B1dexpDug}},
  openalex =     {W2606529538},
  publisher =    {OpenReview.net},
  series =       {Workshop Track Proceedings},
  title =        {Early Methods for Detecting Adversarial Images},
  year =         2017
}

@inproceedings{hidaka2017development,
  address =      {Toulon, France},
  author =       {Hidaka, Masatoshi and Miura, Ken and Harada,
                  Tatsuya},
  booktitle =    {5th International Conference on Learning
                  Representations (ICLR)},
  month =        {April},
  note =         {\url{https://openreview.net/forum?id=HyFq3EF_e}},
  openalex =     {W2586062925},
  publisher =    {OpenReview.net},
  series =       {Workshop Track Proceedings},
  title =        {Development of JavaScript-based deep learning
                  platform and application to distributed training},
  year =         2017
}

@inproceedings{hoffer2017semisupervised,
  address =      {Toulon, France},
  author =       {Hoffer, Elad and Ailon, Nir},
  booktitle =    {5th International Conference on Learning
                  Representations (ICLR)},
  month =        {April},
  note =         {\url{https://openreview.net/forum?id=rJoZ1i3_l}},
  openalex =     {W2552765184},
  publisher =    {OpenReview.net},
  series =       {Workshop Track Proceedings},
  title =        {Semi-supervised deep learning by metric embedding},
  year =         2017
}

@inproceedings{hsu2017online,
  address =      {Toulon, France},
  author =       {Hsu, Wilson and Kalra, Agastya and Poupart, Pascal},
  booktitle =    {5th International Conference on Learning
                  Representations (ICLR)},
  month =        {April},
  note =         {\url{https://openreview.net/forum?id=By7LxZNFe}},
  openalex =     {W4295225525},
  publisher =    {OpenReview.net},
  series =       {Workshop Track Proceedings},
  title =        {Online Structure Learning for Sum-Product Networks
                  with Gaussian Leaves},
  year =         2017
}

@inproceedings{huang2017arbitrary,
  address =      {Toulon, France},
  author =       {Huang, Xun and Belongie, Serge},
  booktitle =    {5th International Conference on Learning
                  Representations (ICLR)},
  month =        {April},
  note =         {\url{https://openreview.net/forum?id=B1fUVMzKg}},
  openalex =     {W2603777577},
  publisher =    {OpenReview.net},
  series =       {Workshop Track Proceedings},
  title =        {Arbitrary Style Transfer in Real-Time with Adaptive
                  Instance Normalization},
  year =         2017
}

@inproceedings{jaques2017tuning,
  address =      {Toulon, France},
  author =       {Jaques, Natasha and Gu, Shixiang and Turner, Richard
                  E. and Eck, Douglas},
  booktitle =    {5th International Conference on Learning
                  Representations (ICLR)},
  month =        {April},
  note =         {\url{https://openreview.net/forum?id=Syyv2e-Kx}},
  openalex =     {W2963274209},
  publisher =    {OpenReview.net},
  series =       {Workshop Track Proceedings},
  title =        {Tuning Recurrent Neural Networks with Reinforcement
                  Learning},
  year =         2017
}

@inproceedings{kim2017transferring,
  address =      {Toulon, France},
  author =       {Kim, Seung Wook and Kim, Hyo-Eun},
  booktitle =    {5th International Conference on Learning
                  Representations (ICLR)},
  month =        {April},
  note =         {\url{https://openreview.net/forum?id=ByXrfaGFe}},
  openalex =     {W2907257898},
  publisher =    {OpenReview.net},
  series =       {Workshop Track Proceedings},
  title =        {Transferring Knowledge to Smaller Network with
                  Class-Distance Loss},
  year =         2017
}

@inproceedings{kos2017delving,
  address =      {Toulon, France},
  author =       {Kos, Jernej and Song, Dawn},
  booktitle =    {5th International Conference on Learning
                  Representations (ICLR)},
  month =        {April},
  note =         {\url{https://openreview.net/forum?id=BJcib5mFe}},
  openalex =     {W2616841723},
  publisher =    {OpenReview.net},
  series =       {Workshop Track Proceedings},
  title =        {Delving into adversarial attacks on deep policies},
  year =         2017
}

@inproceedings{krause2017multiplicative,
  address =      {Toulon, France},
  author =       {Krause, Ben and Murray, Iain and Renals, Steve and
                  Lu, Liang},
  booktitle =    {5th International Conference on Learning
                  Representations (ICLR)},
  month =        {April},
  note =         {\url{https://openreview.net/forum?id=SJCS5rXFl}},
  openalex =     {W2964019776},
  publisher =    {OpenReview.net},
  series =       {Workshop Track Proceedings},
  title =        {Multiplicative LSTM for sequence modelling},
  year =         2017
}

@inproceedings{krueger2017deep,
  address =      {Toulon, France},
  author =       {Krueger, David and Ballas, Nicolas and Jastrzȩbski,
                  Stanisław and Arpit, Devansh and Kanwal, Maxinder S
                  and Maharaj, Tegan and Bengio, Emmanuel and Fischer,
                  Asja and Courville, Aaron},
  booktitle =    {5th International Conference on Learning
                  Representations (ICLR)},
  month =        {April},
  note =         {\url{https://openreview.net/forum?id=rJv6ZgHYg}},
  openalex =     {W2900457592},
  publisher =    {OpenReview.net},
  series =       {Workshop Track Proceedings},
  title =        {Deep Nets Don't Learn via Memorization},
  year =         2017
}

@inproceedings{kuchaiev2017factorization,
  address =      {Toulon, France},
  author =       {Kuchaiev, Oleksii and Ginsburg, Boris},
  booktitle =    {5th International Conference on Learning
                  Representations (ICLR)},
  month =        {April},
  note =         {\url{https://openreview.net/forum?id=ByxWXyNFg}},
  openalex =     {W2605203995},
  publisher =    {OpenReview.net},
  series =       {Workshop Track Proceedings},
  title =        {Factorization tricks for LSTM networks},
  year =         2017
}

@inproceedings{kuleshov2017audio,
  address =      {Toulon, France},
  author =       {Kuleshov, Volodymyr and Enam, S. Zayd and Ermon,
                  Stefano},
  booktitle =    {5th International Conference on Learning
                  Representations (ICLR)},
  month =        {April},
  note =         {\url{https://openreview.net/forum?id=S1gNakBFx}},
  openalex =     {W2963952344},
  publisher =    {OpenReview.net},
  series =       {Workshop Track Proceedings},
  title =        {Audio Super Resolution using Neural Networks},
  year =         2017
}

@inproceedings{kurakin2017adversarial,
  address =      {Toulon, France},
  author =       {Kurakin, Alexey and Goodfellow, Ian and Bengio,
                  Samy},
  booktitle =    {5th International Conference on Learning
                  Representations (ICLR)},
  month =        {April},
  note =         {\url{https://openreview.net/forum?id=HJGU3Rodl}},
  openalex =     {W2460937040},
  publisher =    {OpenReview.net},
  series =       {Workshop Track Proceedings},
  title =        {Adversarial examples in the physical world},
  year =         2017
}

@inproceedings{lanchantin2017memory,
  address =      {Toulon, France},
  author =       {Lanchantin, Jack and Singh, Ritambhara and Qi,
                  Yanjun},
  booktitle =    {5th International Conference on Learning
                  Representations (ICLR)},
  month =        {April},
  note =         {\url{https://openreview.net/forum?id=ryh9ZySFg}},
  openalex =     {W2962808929},
  publisher =    {OpenReview.net},
  series =       {Workshop Track Proceedings},
  title =        {Memory Matching Networks for Genomic Sequence
                  Classification},
  year =         2017
}

@inproceedings{laurent2017recurrent,
  address =      {Toulon, France},
  author =       {Laurent, César and Ballas, Nicolas and Vincent,
                  Pascal},
  booktitle =    {5th International Conference on Learning
                  Representations (ICLR)},
  month =        {April},
  note =         {\url{https://openreview.net/forum?id=r1hNW-MYg}},
  openalex =     {W2751220357},
  publisher =    {OpenReview.net},
  series =       {Workshop Track Proceedings},
  title =        {Recurrent Normalization Propagation},
  year =         2017
}

@inproceedings{li2017revisiting,
  address =      {Toulon, France},
  author =       {Li, Yanghao and Wang, Naiyan and Shi, Jianping and
                  Liu, Jiaying and Hou, Xiaodi},
  booktitle =    {5th International Conference on Learning
                  Representations (ICLR)},
  month =        {April},
  note =         {\url{https://openreview.net/forum?id=Hk6dkJQFx}},
  openalex =     {W2299668505},
  publisher =    {OpenReview.net},
  series =       {Workshop Track Proceedings},
  title =        {Revisiting Batch Normalization For Practical Domain
                  Adaptation},
  year =         2017
}

@inproceedings{lin2017tactics,
  address =      {Toulon, France},
  author =       {Lin, Yen-Chen and Hong, Zhang-Wei and Liao,
                  Yuan-Hong and Shih, Meng-Li and Liu, Ming-Yu and
                  Sun, Min},
  booktitle =    {5th International Conference on Learning
                  Representations (ICLR)},
  month =        {April},
  note =         {\url{https://openreview.net/forum?id=r1Cy5yrKx}},
  openalex =     {W2941205169},
  publisher =    {OpenReview.net},
  series =       {Workshop Track Proceedings},
  title =        {Tactics of Adversarial Attack on Deep Reinforcement
                  Learning Agents},
  year =         2017
}

@inproceedings{lipton2017precise,
  address =      {Toulon, France},
  author =       {Lipton, Zachary C. and Tripathi, Subarna},
  booktitle =    {5th International Conference on Learning
                  Representations (ICLR)},
  month =        {April},
  note =         {\url{https://openreview.net/forum?id=HJC88BzFl}},
  openalex =     {W4297748412},
  publisher =    {OpenReview.net},
  series =       {Workshop Track Proceedings},
  title =        {Precise Recovery of Latent Vectors from Generative
                  Adversarial Networks},
  year =         2017
}

@inproceedings{liu2017efficient,
  address =      {Toulon, France},
  author =       {Liu, Xingyu and Han, Song and Mao, Huizi and Dally,
                  William J.},
  booktitle =    {5th International Conference on Learning
                  Representations (ICLR)},
  month =        {April},
  note =         {\url{https://openreview.net/forum?id=r1rqJyHKg}},
  publisher =    {OpenReview.net},
  series =       {Workshop Track Proceedings},
  title =        {Efficient Sparse-Winograd Convolutional Neural
                  Networks},
  year =         2017
}

@inproceedings{lowe2017towards,
  address =      {Toulon, France},
  author =       {Lowe, Ryan and Noseworthy, Michael D. and Serban,
                  Iulian Vlad and Angelard-Gontier, Nicolas and
                  Bengio, Yoshua and Pineau, Joëlle},
  booktitle =    {5th International Conference on Learning
                  Representations (ICLR)},
  month =        {April},
  note =         {\url{https://openreview.net/forum?id=Sk7c3yVYg}},
  openalex =     {W2963527228},
  publisher =    {OpenReview.net},
  series =       {Workshop Track Proceedings},
  title =        {Towards an Automatic Turing Test: Learning to
                  Evaluate Dialogue Responses},
  year =         2017
}

@inproceedings{maddison2017particle,
  address =      {Toulon, France},
  author =       {Maddison, Chris J. and Lawson, Dieterich and Tucker,
                  George and Heess, Nicolas and Doucet, Arnaud and
                  Mnih, Andriy and Teh, Yee Whye},
  booktitle =    {5th International Conference on Learning
                  Representations (ICLR)},
  month =        {April},
  note =         {\url{https://openreview.net/forum?id=BJyBKyHKg}},
  openalex =     {W2601902636},
  publisher =    {OpenReview.net},
  series =       {Workshop Track Proceedings},
  title =        {Particle Value Functions},
  year =         2017
}

@inproceedings{martius2017extrapolation,
  address =      {Toulon, France},
  author =       {Martius, Georg and Lampert, Christoph H.},
  booktitle =    {5th International Conference on Learning
                  Representations (ICLR)},
  month =        {April},
  note =         {\url{https://openreview.net/forum?id=BkgRp0FYe}},
  openalex =     {W4293471604},
  publisher =    {OpenReview.net},
  series =       {Workshop Track Proceedings},
  title =        {Extrapolation and learning equations},
  year =         2017
}

@inproceedings{mcnamara2017performance,
  address =      {Toulon, France},
  author =       {McNamara, Daniel and Balcan, Maria-Florina},
  booktitle =    {5th International Conference on Learning
                  Representations (ICLR)},
  month =        {April},
  note =         {\url{https://openreview.net/forum?id=rJNa3C4Yg}},
  openalex =     {W2919920499},
  publisher =    {OpenReview.net},
  series =       {Workshop Track Proceedings},
  title =        {Performance guarantees for transferring
                  representations},
  year =         2017
}

@inproceedings{meyer2017unsupervised,
  address =      {Toulon, France},
  author =       {Meyer, Matthias and Beutel, Jan and Thiele, Lothar},
  booktitle =    {5th International Conference on Learning
                  Representations (ICLR)},
  month =        {April},
  note =         {\url{https://openreview.net/forum?id=rJeYrsEYg}},
  openalex =     {W2774571176},
  publisher =    {OpenReview.net},
  series =       {Workshop Track Proceedings},
  title =        {Unsupervised Feature Learning for Audio Analysis},
  year =         2017
}

@inproceedings{mirza2017generalizable,
  address =      {Toulon, France},
  author =       {Mirza, Mehdi and Courville, Aaron and Bengio,
                  Yoshua},
  booktitle =    {5th International Conference on Learning
                  Representations (ICLR)},
  month =        {April},
  note =         {\url{https://openreview.net/forum?id=BynzZolYg}},
  openalex =     {W2950805450},
  publisher =    {OpenReview.net},
  series =       {Workshop Track Proceedings},
  title =        {Generalizable Features From Unsupervised Learning},
  year =         2017
}

@inproceedings{mitrovic2017deep,
  address =      {Toulon, France},
  author =       {Mitrovic, Jovana and Sejdinović, Dino and Teh, Yee
                  Whye},
  booktitle =    {5th International Conference on Learning
                  Representations (ICLR)},
  month =        {April},
  note =         {\url{https://openreview.net/forum?id=Bkiqt3Ntg}},
  openalex =     {W2904765400},
  publisher =    {OpenReview.net},
  series =       {Workshop Track Proceedings},
  title =        {Deep Kernel Machines via the Kernel
                  Reparametrization Trick},
  year =         2017
}

@inproceedings{miyato2017synthetic,
  address =      {Toulon, France},
  author =       {Miyato, Takeru and Okanohara, Daisuke and Maeda,
                  Shin‐ichi and Koyama, Masanori},
  booktitle =    {5th International Conference on Learning
                  Representations (ICLR)},
  month =        {April},
  note =         {\url{https://openreview.net/forum?id=H1hLmF4Fx}},
  openalex =     {W2905248314},
  publisher =    {OpenReview.net},
  series =       {Workshop Track Proceedings},
  title =        {Synthetic Gradient Methods with Virtual
                  Forward-Backward Networks},
  year =         2017
}

@inproceedings{mou2017coupling,
  address =      {Toulon, France},
  author =       {Mou, Lili and Lu, Zhengdong and Li, Hang and Jin,
                  Zhi},
  booktitle =    {5th International Conference on Learning
                  Representations (ICLR)},
  month =        {April},
  note =         {\url{https://openreview.net/forum?id=Hkx-gCfYl}},
  openalex =     {W2941519458},
  publisher =    {OpenReview.net},
  series =       {Workshop Track Proceedings},
  title =        {Coupling Distributed and Symbolic Execution for
                  Natural Language Queries.},
  year =         2017
}

@inproceedings{nalisnick2017variational,
  address =      {Toulon, France},
  author =       {Nalisnick, Eric and Smyth, Padhraic},
  booktitle =    {5th International Conference on Learning
                  Representations (ICLR)},
  month =        {April},
  note =         {\url{https://openreview.net/forum?id=rJnjwsYde}},
  openalex =     {W2905429360},
  publisher =    {OpenReview.net},
  series =       {Workshop Track Proceedings},
  title =        {Variational Reference Priors},
  year =         2017
}

@inproceedings{odena2017changing,
  address =      {Toulon, France},
  author =       {Odena, Augustus and Lawson, Dieterich and Olah,
                  Christopher},
  booktitle =    {5th International Conference on Learning
                  Representations (ICLR)},
  month =        {April},
  note =         {\url{https://openreview.net/forum?id=Hk8-lkHKe}},
  openalex =     {W4293454883},
  publisher =    {OpenReview.net},
  series =       {Workshop Track Proceedings},
  title =        {Changing Model Behavior at Test-Time Using
                  Reinforcement Learning},
  year =         2017
}

@inproceedings{ovalle2017gated,
  address =      {Toulon, France},
  author =       {Arévalo, John and Solorio, Thamar and
                  Montes-y-Gómez, Manuel and González, Fabio A.},
  booktitle =    {5th International Conference on Learning
                  Representations (ICLR)},
  month =        {April},
  note =         {\url{https://openreview.net/forum?id=S12_nquOe}},
  openalex =     {W2951529591},
  publisher =    {OpenReview.net},
  series =       {Workshop Track Proceedings},
  title =        {Gated Multimodal Units for Information Fusion},
  year =         2017
}

@inproceedings{pawlowski2017efficient,
  address =      {Toulon, France},
  author =       {Pawlowski, Nick and Jaques, Miguel and Glocker, Ben},
  booktitle =    {5th International Conference on Learning
                  Representations (ICLR)},
  month =        {April},
  note =         {\url{https://openreview.net/forum?id=Hy-po5NFx}},
  openalex =     {W2599043568},
  publisher =    {OpenReview.net},
  series =       {Workshop Track Proceedings},
  title =        {Efficient variational Bayesian neural network
                  ensembles for outlier detection},
  year =         2017
}

@inproceedings{pereyra2017regularizing,
  address =      {Toulon, France},
  author =       {Pereyra, Gabriel and Tucker, George and Chorowski,
                  Jan and Kaiser, Łukasz and Hinton, Geoffrey E.},
  booktitle =    {5th International Conference on Learning
                  Representations (ICLR)},
  month =        {April},
  note =         {\url{https://openreview.net/forum?id=HyhbYrGYe}},
  openalex =     {W4297798436},
  publisher =    {OpenReview.net},
  series =       {Workshop Track Proceedings},
  title =        {Regularizing Neural Networks by Penalizing Confident
                  Output Distributions},
  year =         2017
}

@inproceedings{pimentel2017unsupervised,
  address =      {Toulon, France},
  author =       {Pimentel, Tiago and Veloso, Adriano and Ziviani,
                  Nívio},
  booktitle =    {5th International Conference on Learning
                  Representations (ICLR)},
  month =        {April},
  note =         {\url{https://openreview.net/forum?id=S1-6egSFl}},
  openalex =     {W2907378409},
  publisher =    {OpenReview.net},
  series =       {Workshop Track Proceedings},
  title =        {Unsupervised and Scalable Algorithm for Learning
                  Node Representations},
  year =         2017
}

@inproceedings{poole2017intelligent,
  address =      {Toulon, France},
  author =       {Poole, Ben and Zenke, Friedemann and Ganguli, Surya},
  booktitle =    {5th International Conference on Learning
                  Representations (ICLR)},
  month =        {April},
  note =         {\url{https://openreview.net/forum?id=rJzabxSFg}},
  openalex =     {W2904166754},
  publisher =    {OpenReview.net},
  series =       {Workshop Track Proceedings},
  title =        {Intelligent synapses for multi-task and transfer
                  learning},
  year =         2017
}

@inproceedings{pu2017adaptive,
  address =      {Toulon, France},
  author =       {Pu, Yunchen and Min, Martin Renqiang and Gan, Zhe
                  and Carin, Lawrence},
  booktitle =    {5th International Conference on Learning
                  Representations (ICLR)},
  month =        {April},
  note =         {\url{https://openreview.net/forum?id=BJ0K82lKg}},
  openalex =     {W2951365926},
  publisher =    {OpenReview.net},
  series =       {Workshop Track Proceedings},
  title =        {Adaptive Feature Abstraction for Translating Video
                  to Language},
  year =         2017
}

@inproceedings{r2017neu0,
  address =      {Toulon, France},
  author =       {R, Karthik and Achpal, Aman and BK, Vinayshekhar and
                  Iyer, Anantharaman Palacode Narayana and Bankapur,
                  Channa},
  booktitle =    {5th International Conference on Learning
                  Representations (ICLR)},
  month =        {April},
  note =         {\url{https://openreview.net/forum?id=SkbJrSVFe}},
  publisher =    {OpenReview.net},
  series =       {Workshop Track Proceedings},
  title =        {Neu0},
  year =         2017
}

@inproceedings{raffel2017training,
  address =      {Toulon, France},
  author =       {Raffel, Colin and Lawson, Dieterich},
  booktitle =    {5th International Conference on Learning
                  Representations (ICLR)},
  month =        {April},
  note =         {\url{https://openreview.net/forum?id=BJBkkaNYe}},
  openalex =     {W4302297134},
  publisher =    {OpenReview.net},
  series =       {Workshop Track Proceedings},
  title =        {Training a Subsampling Mechanism in Expectation},
  year =         2017
}

@inproceedings{ramach2017fast,
  address =      {Toulon, France},
  author =       {Ramachandran, Prajit and Paine, Tom Le and Khorrami,
                  Pooya and Babaeizadeh, Mohammad and Chang, Shiyu and
                  Zhang, Yang and Hasegawa‐Johnson, Mark and Campbell,
                  Roy H. and Huang, Thomas S.},
  booktitle =    {5th International Conference on Learning
                  Representations (ICLR)},
  month =        {April},
  note =         {\url{https://openreview.net/forum?id=rkdF0ZNKl}},
  openalex =     {W2607821317},
  publisher =    {OpenReview.net},
  series =       {Workshop Track Proceedings},
  title =        {Fast Generation for Convolutional Autoregressive
                  Models},
  year =         2017
}

@inproceedings{raposo2017discovering,
  address =      {Toulon, France},
  author =       {Raposo, David and Santoro, Adam and Barrett, David
                  G. T. and Pascanu, Razvan and Lillicrap, Timothy and
                  Battaglia, Peter},
  booktitle =    {5th International Conference on Learning
                  Representations (ICLR)},
  month =        {April},
  note =         {\url{https://openreview.net/forum?id=rkrjrvmKl}},
  openalex =     {W2590960023},
  publisher =    {OpenReview.net},
  series =       {Workshop Track Proceedings},
  title =        {Discovering objects and their relations from
                  entangled scene representations},
  year =         2017
}

@inproceedings{ravanbakhsh2017deep,
  address =      {Toulon, France},
  author =       {Ravanbakhsh, Siamak and Schneider, Jeff and Póczos,
                  Barnabás},
  booktitle =    {5th International Conference on Learning
                  Representations (ICLR)},
  month =        {April},
  note =         {\url{https://openreview.net/forum?id=Bkj2v6XYl}},
  openalex =     {W2952689920},
  publisher =    {OpenReview.net},
  series =       {Workshop Track Proceedings},
  title =        {Deep Learning with Sets and Point Clouds},
  year =         2017
}

@inproceedings{romanov2017forced,
  address =      {Toulon, France},
  author =       {Romanov, Alexey and Rumshisky, Anna},
  booktitle =    {5th International Conference on Learning
                  Representations (ICLR)},
  month =        {April},
  note =         {\url{https://openreview.net/forum?id=SkCmfeSFg}},
  openalex =     {W2964242492},
  publisher =    {OpenReview.net},
  series =       {Workshop Track Proceedings},
  title =        {Forced to Learn: Discovering Disentangled
                  Representations Without Exhaustive Labels.},
  year =         2017
}

@inproceedings{s2017adversarial,
  address =      {Toulon, France},
  author =       {Huang, Sandy H. and Papernot, Nicolas and
                  Goodfellow, Ian and Duan, Yan and Abbeel, Pieter},
  booktitle =    {5th International Conference on Learning
                  Representations (ICLR)},
  month =        {April},
  note =         {\url{https://openreview.net/forum?id=ryvlRyBKl}},
  openalex =     {W2949103145},
  publisher =    {OpenReview.net},
  series =       {Workshop Track Proceedings},
  title =        {Adversarial Attacks on Neural Network Policies},
  year =         2017
}

@inproceedings{santana2017perception,
  address =      {Toulon, France},
  author =       {Santana, Eder and Prı́ncipe, José C.},
  booktitle =    {5th International Conference on Learning
                  Representations (ICLR)},
  month =        {April},
  note =         {\url{https://openreview.net/forum?id=H1JBMVpdx}},
  openalex =     {W2751056316},
  publisher =    {OpenReview.net},
  series =       {Workshop Track Proceedings},
  title =        {Perception Updating Networks: On architectural
                  constraints for interpretable video generative
                  models},
  year =         2017
}

@inproceedings{segler2017towards,
  address =      {Toulon, France},
  author =       {Segler, Marwin H. S. and Preuss, Mike and Waller,
                  Mark P.},
  booktitle =    {5th International Conference on Learning
                  Representations (ICLR)},
  month =        {April},
  note =         {\url{https://openreview.net/forum?id=SJ5JPtg_x}},
  publisher =    {OpenReview.net},
  series =       {Workshop Track Proceedings},
  title =        {Towards "AlphaChem": Chemical Synthesis Planning
                  with Tree Search and Deep Neural Network Policies},
  year =         2017
}

@inproceedings{sermanet2017unsupervised,
  address =      {Toulon, France},
  author =       {Sermanet, Pierre and Xu, Kelvin and Levine, Sergey},
  booktitle =    {5th International Conference on Learning
                  Representations (ICLR)},
  month =        {April},
  note =         {\url{https://openreview.net/forum?id=Byf3mmNFl}},
  openalex =     {W2583137229},
  publisher =    {OpenReview.net},
  series =       {Workshop Track Proceedings},
  title =        {Unsupervised Perceptual Rewards for Imitation
                  Learning},
  year =         2017
}

@inproceedings{serra2017compact,
  address =      {Toulon, France},
  author =       {Serrà, Joan and Karatzoglou, Alexandros},
  booktitle =    {5th International Conference on Learning
                  Representations (ICLR)},
  month =        {April},
  note =         {\url{https://openreview.net/forum?id=rySCp-1Yg}},
  openalex =     {W2752205069},
  publisher =    {OpenReview.net},
  series =       {Workshop Track Proceedings},
  title =        {Compact Embedding of Binary-coded Inputs and Outputs
                  using Bloom Filters},
  year =         2017
}

@inproceedings{sharma2017natural,
  address =      {Toulon, France},
  author =       {Sharma, Shikhar and He, Jing and Suleman, Kaheer and
                  Schulz, Hannes and Bachman, Philip},
  booktitle =    {5th International Conference on Learning
                  Representations (ICLR)},
  month =        {April},
  note =         {\url{https://openreview.net/forum?id=B1naD1rFx}},
  openalex =     {W2427764808},
  publisher =    {OpenReview.net},
  series =       {Workshop Track Proceedings},
  title =        {Natural Language Generation in Dialogue using
                  Lexicalized and Delexicalized Data},
  year =         2017
}

@inproceedings{sharma2017online,
  address =      {Toulon, France},
  author =       {Sharma, Sahil and Ravindran, Balaraman},
  booktitle =    {5th International Conference on Learning
                  Representations (ICLR)},
  month =        {April},
  note =         {\url{https://openreview.net/forum?id=H1XLbXEtg}},
  openalex =     {W2593765977},
  publisher =    {OpenReview.net},
  series =       {Workshop Track Proceedings},
  title =        {Online Multi-Task Learning Using Active Sampling},
  year =         2017
}

@inproceedings{shelhamer2017loss,
  address =      {Toulon, France},
  author =       {Shelhamer, Evan and Mahmoudieh, Parsa and Argus, Max
                  and Darrell, Trevor},
  booktitle =    {5th International Conference on Learning
                  Representations (ICLR)},
  month =        {April},
  note =         {\url{https://openreview.net/forum?id=S15PPJStl}},
  openalex =     {W2563830277},
  publisher =    {OpenReview.net},
  series =       {Workshop Track Proceedings},
  title =        {Loss is its own Reward: Self-Supervision for
                  Reinforcement Learning},
  year =         2017
}

@inproceedings{shen2017smooth,
  address =      {Toulon, France},
  author =       {Shen, Hao},
  booktitle =    {5th International Conference on Learning
                  Representations (ICLR)},
  month =        {April},
  note =         {\url{https://openreview.net/forum?id=S1nFVFNYx}},
  openalex =     {W2906010691},
  publisher =    {OpenReview.net},
  series =       {Workshop Track Proceedings},
  title =        {A Smooth Optimisation Perspective on Training
                  Feedforward Neural Networks},
  year =         2017
}

@inproceedings{sixt2017rendergan,
  address =      {Toulon, France},
  author =       {Sixt, Leon and Wild, Benjamin and Landgraf, Tim},
  booktitle =    {5th International Conference on Learning
                  Representations (ICLR)},
  month =        {April},
  note =         {\url{https://openreview.net/forum?id=Hk-bBcWYe}},
  openalex =     {W2963352069},
  publisher =    {OpenReview.net},
  series =       {Workshop Track Proceedings},
  title =        {RenderGAN: Generating Realistic Labeled Data},
  year =         2017
}

@inproceedings{song2017generative,
  address =      {Toulon, France},
  author =       {Song, Jiaming and Zhao, Shengjia and Ermon, Stefano},
  booktitle =    {5th International Conference on Learning
                  Representations (ICLR)},
  month =        {April},
  note =         {\url{https://openreview.net/forum?id=S1L-hCNtl}},
  openalex =     {W2903692257},
  publisher =    {OpenReview.net},
  series =       {Workshop Track Proceedings},
  title =        {Generative Adversarial Learning of Markov Chains},
  year =         2017
}

@inproceedings{sotelo2017char2wav,
  address =      {Toulon, France},
  author =       {Sotelo, Jose and Mehri, Soroush and Kumar, Kundan
                  and Santos, João Felipe and Kastner, Kyle and
                  Courville, Aaron and Bengio, Yoshua},
  booktitle =    {5th International Conference on Learning
                  Representations (ICLR)},
  month =        {April},
  note =         {\url{https://openreview.net/forum?id=B1VWyySKx}},
  openalex =     {W2901997113},
  publisher =    {OpenReview.net},
  series =       {Workshop Track Proceedings},
  title =        {Char2Wav: End-to-End Speech Synthesis},
  year =         2017
}

@inproceedings{suzuki2017joint,
  address =      {Toulon, France},
  author =       {Suzuki, Masahiro and Nakayama, Kotaro and Matsuo,
                  Yutaka},
  booktitle =    {5th International Conference on Learning
                  Representations (ICLR)},
  month =        {April},
  note =         {\url{https://openreview.net/forum?id=BkL7bONFe}},
  openalex =     {W2556013083},
  publisher =    {OpenReview.net},
  series =       {Workshop Track Proceedings},
  title =        {Joint Multimodal Learning with Deep Generative
                  Models},
  year =         2017
}

@inproceedings{tarvainen2017mean,
  address =      {Toulon, France},
  author =       {Tarvainen, Antti and Valpola, Harri},
  booktitle =    {5th International Conference on Learning
                  Representations (ICLR)},
  month =        {April},
  note =         {\url{https://openreview.net/forum?id=ry8u21rtl}},
  openalex =     {W2953070460},
  publisher =    {OpenReview.net},
  series =       {Workshop Track Proceedings},
  title =        {Mean teachers are better role models:
                  Weight-averaged consistency targets improve
                  semi-supervised deep learning results},
  year =         2017
}

@inproceedings{tompson2017accelerating,
  address =      {Toulon, France},
  author =       {Tompson, Jonathan and Schlachter, Kristofer and
                  Sprechmann, Pablo and Perlin, Ken},
  booktitle =    {5th International Conference on Learning
                  Representations (ICLR)},
  month =        {April},
  note =         {\url{https://openreview.net/forum?id=ByH2gxrKl}},
  openalex =     {W2501995758},
  publisher =    {OpenReview.net},
  series =       {Workshop Track Proceedings},
  title =        {Accelerating Eulerian Fluid Simulation With
                  Convolutional Networks},
  year =         2017
}

@inproceedings{tucker2017rebar,
  address =      {Toulon, France},
  author =       {Tucker, George and Mnih, Andriy and Maddison, Chris
                  J. and Lawson, Dieterich and Sohl‐Dickstein, Jascha},
  booktitle =    {5th International Conference on Learning
                  Representations (ICLR)},
  month =        {April},
  note =         {\url{https://openreview.net/forum?id=ryBDyehOl}},
  openalex =     {W2602076750},
  publisher =    {OpenReview.net},
  series =       {Workshop Track Proceedings},
  title =        {REBAR: Low-variance, unbiased gradient estimates for
                  discrete latent variable models},
  year =         2017
}

@inproceedings{tzeng2017adversarial,
  address =      {Toulon, France},
  author =       {Tzeng, Eric and Hoffman, Judy and Saenko, Kate and
                  Darrell, Trevor},
  booktitle =    {5th International Conference on Learning
                  Representations (ICLR)},
  month =        {April},
  note =         {\url{https://openreview.net/forum?id=B1Vjl1Stl}},
  openalex =     {W2902589289},
  publisher =    {OpenReview.net},
  series =       {Workshop Track Proceedings},
  title =        {Adversarial Discriminative Domain Adaptation
                  (workshop extended abstract).},
  year =         2017
}

@inproceedings{vergari2017encoding,
  address =      {Toulon, France},
  author =       {Vergari, Antonio and Peharz, Robert and Mauro,
                  Nicola Di and Esposito, Floriana},
  booktitle =    {5th International Conference on Learning
                  Representations (ICLR)},
  month =        {April},
  note =         {\url{https://openreview.net/forum?id=rkndY2VYx}},
  openalex =     {W2751271574},
  publisher =    {OpenReview.net},
  series =       {Workshop Track Proceedings},
  title =        {Encoding and Decoding Representations with Sum- and
                  Max-Product Networks},
  year =         2017
}

@inproceedings{vincent2017on,
  address =      {Toulon, France},
  author =       {Vincent, Kevin and Stephano, Kevin and Frumkin,
                  Michael and Ginsburg, Boris and Demouth, Julien},
  booktitle =    {5th International Conference on Learning
                  Representations (ICLR)},
  month =        {April},
  note =         {\url{https://openreview.net/forum?id=H1ZaRZVKg}},
  openalex =     {W2904795057},
  publisher =    {OpenReview.net},
  series =       {Workshop Track Proceedings},
  title =        {On Improving the Numerical Stability of Winograd
                  Convolutions},
  year =         2017
}

@inproceedings{wang2017theoretical,
  address =      {Toulon, France},
  author =       {Wang, Beilun and Gao, Ji and Qi, Yanjun},
  booktitle =    {5th International Conference on Learning
                  Representations (ICLR)},
  month =        {April},
  note =         {\url{https://openreview.net/forum?id=HkcM7yVKl}},
  openalex =     {W2963753390},
  publisher =    {OpenReview.net},
  series =       {Workshop Track Proceedings},
  title =        {A Theoretical Framework for Robustness of (Deep)
                  Classifiers against Adversarial Samples},
  year =         2017
}

@inproceedings{wu2017joint,
  address =      {Toulon, France},
  author =       {Wu, Chao-Yuan and Ahmed, Amr and Beutel, Alex and
                  Smola, Alexander J.},
  booktitle =    {5th International Conference on Learning
                  Representations (ICLR)},
  month =        {April},
  note =         {\url{https://openreview.net/forum?id=Bkv9FyHYx}},
  openalex =     {W2753827977},
  publisher =    {OpenReview.net},
  series =       {Workshop Track Proceedings},
  title =        {Joint Training of Ratings and Reviews with Recurrent
                  Recommender Networks},
  year =         2017
}

@inproceedings{yanai2017unseen,
  address =      {Toulon, France},
  author =       {Yanai‬, ‪Keiji},
  booktitle =    {5th International Conference on Learning
                  Representations (ICLR)},
  month =        {April},
  note =         {\url{https://openreview.net/forum?id=H1Y7-1HYg}},
  openalex =     {W2905335157},
  publisher =    {OpenReview.net},
  series =       {Workshop Track Proceedings},
  title =        {Unseen Style Transfer Based on a Conditional Fast
                  Style Transfer Network},
  year =         2017
}

@inproceedings{yang2017trace,
  address =      {Toulon, France},
  author =       {Yang, Yongxin and Hospedales, Timothy M.},
  booktitle =    {5th International Conference on Learning
                  Representations (ICLR)},
  month =        {April},
  note =         {\url{https://openreview.net/forum?id=rknkNR7Ke}},
  openalex =     {W2963722008},
  publisher =    {OpenReview.net},
  series =       {Workshop Track Proceedings},
  title =        {Trace Norm Regularised Deep Multi-Task Learning},
  year =         2017
}

@inproceedings{yu2017symmetrybreaking,
  address =      {Toulon, France},
  author =       {Tian, Yuandong},
  booktitle =    {5th International Conference on Learning
                  Representations (ICLR)},
  month =        {April},
  note =         {\url{https://openreview.net/forum?id=r1lVgRNtx}},
  openalex =     {W2750924312},
  publisher =    {OpenReview.net},
  series =       {Workshop Track Proceedings},
  title =        {Symmetry-Breaking Convergence Analysis of Certain
                  Two-layered Neural Networks with ReLU nonlinearity},
  year =         2017
}

@inproceedings{zieba2017training,
  address =      {Toulon, France},
  author =       {Zięba, Maciej and Wang, Lei},
  booktitle =    {5th International Conference on Learning
                  Representations (ICLR)},
  month =        {April},
  note =         {\url{https://openreview.net/forum?id=BJiMcB4Kl}},
  openalex =     {W2607308722},
  publisher =    {OpenReview.net},
  series =       {Workshop Track Proceedings},
  title =        {Training Triplet Networks with GAN},
  year =         2017
}
