@inproceedings{adi2017finegrained,
  address = {Toulon, France},
  author = {Adi, Yossi and Kermany, Einat and Belinkov, Yonatan and Lavi, Ofer and Goldberg, Yoav},
  booktitle = {5th International Conference on Learning Representations (ICLR)},
  month = {April},
  note = {\url{https://openreview.net/forum?id=BJh6Ztuxl}},
  openalex = {W2515741950},
  publisher = {OpenReview.net},
  series = {Conference Track Proceedings},
  title = {Fine-grained Analysis of Sentence Embeddings Using Auxiliary Prediction Tasks},
  year = {2017}
}

@inproceedings{alex2017deep,
  address = {Toulon, France},
  author = {Alemi, Alexander A. and Fischer, Ian and Dillon, Joshua V. and Murphy, Kevin},
  booktitle = {5th International Conference on Learning Representations (ICLR)},
  month = {April},
  note = {\url{https://openreview.net/forum?id=HyxQzBceg}},
  openalex = {W4293469690},
  publisher = {OpenReview.net},
  series = {Conference Track Proceedings},
  title = {Deep Variational Information Bottleneck},
  year = {2017}
}

@inproceedings{alvarezmelis2017treestructured,
  address = {Toulon, France},
  author = {Alvarez-Melis, David and Jaakkola, Tommi},
  booktitle = {5th International Conference on Learning Representations (ICLR)},
  month = {April},
  note = {\url{https://openreview.net/forum?id=HkYhZDqxg}},
  openalex = {W2751262944},
  publisher = {OpenReview.net},
  series = {Conference Track Proceedings},
  title = {Tree-structured decoding with doubly-recurrent neural networks},
  year = {2017}
}

@inproceedings{ardakani2017sparselyconnected,
  address = {Toulon, France},
  author = {Ardakani, Arash and Condo, Carlo and Gross, Warren J.},
  booktitle = {5th International Conference on Learning Representations (ICLR)},
  month = {April},
  note = {\url{https://openreview.net/forum?id=r1fYuytex}},
  openalex = {W2550815077},
  publisher = {OpenReview.net},
  series = {Conference Track Proceedings},
  title = {Sparsely-Connected Neural Networks: Towards Efficient VLSI Implementation of Deep Neural Networks},
  year = {2017}
}

@inproceedings{arjovsky2017towards,
  address = {Toulon, France},
  author = {Arjovsky, Martín and Bottou, Léon},
  booktitle = {5th International Conference on Learning Representations (ICLR)},
  month = {April},
  note = {\url{https://openreview.net/forum?id=Hk4_qw5xe}},
  openalex = {W2964201867},
  publisher = {OpenReview.net},
  series = {Conference Track Proceedings},
  title = {Towards Principled Methods for Training Generative Adversarial Networks},
  year = {2017}
}

@inproceedings{arora2017simple,
  address = {Toulon, France},
  author = {Arora, Sanjeev and Liang, Yingyu and Ma, Tengyu},
  booktitle = {5th International Conference on Learning Representations (ICLR)},
  month = {April},
  note = {\url{https://openreview.net/forum?id=SyK00v5xx}},
  openalex = {W2752172973},
  publisher = {OpenReview.net},
  series = {Conference Track Proceedings},
  title = {A Simple but Tough-to-Beat Baseline for Sentence Embeddings},
  year = {2017}
}

@inproceedings{ba2017distributed,
  address = {Toulon, France},
  author = {Ba, Jimmy and Grosse, Roger and Martens, James},
  booktitle = {5th International Conference on Learning Representations (ICLR)},
  month = {April},
  note = {\url{https://openreview.net/forum?id=SkkTMpjex}},
  openalex = {W2750933313},
  publisher = {OpenReview.net},
  series = {Conference Track Proceedings},
  title = {Distributed Second-Order Optimization using Kronecker-Factored Approximations},
  year = {2017}
}

@inproceedings{babaeizadeh2017reinforcement,
  address = {Toulon, France},
  author = {Babaeizadeh, Mohammad and Frosio, Iuri and Tyree, Stephen and Clemons, Jason and Kautz, Jan},
  booktitle = {5th International Conference on Learning Representations (ICLR)},
  month = {April},
  note = {\url{https://openreview.net/forum?id=r1VGvBcxl}},
  openalex = {W2950395671},
  publisher = {OpenReview.net},
  series = {Conference Track Proceedings},
  title = {Reinforcement Learning through Asynchronous Advantage Actor-Critic on a GPU},
  year = {2017}
}

@inproceedings{bahdanau2017actorcritic,
  address = {Toulon, France},
  author = {Bahdanau, Dzmitry and Brakel, Philémon and Xu, Kelvin and Goyal, Anirudh and Lowe, Ryan and Pineau, Joëlle and Courville, Aaron and Bengio, Yoshua},
  booktitle = {5th International Conference on Learning Representations (ICLR)},
  month = {April},
  note = {\url{https://openreview.net/forum?id=SJDaqqveg}},
  openalex = {W2964352247},
  publisher = {OpenReview.net},
  series = {Conference Track Proceedings},
  title = {An Actor-Critic Algorithm for Sequence Prediction},
  year = {2017}
}

@inproceedings{bajor2017predicting,
  address = {Toulon, France},
  author = {Bajor, Jacek M. and Lasko, Thomas A.},
  booktitle = {5th International Conference on Learning Representations (ICLR)},
  month = {April},
  note = {\url{https://openreview.net/forum?id=rJEgeXFex}},
  openalex = {W2751444262},
  publisher = {OpenReview.net},
  series = {Conference Track Proceedings},
  title = {Predicting Medications from Diagnostic Codes with Recurrent Neural Networks},
  year = {2017}
}

@inproceedings{baker2017designing,
  address = {Toulon, France},
  author = {Baker, Bowen and Gupta, Otkrist and Naik, Nikhil and Raskar, Ramesh},
  booktitle = {5th International Conference on Learning Representations (ICLR)},
  month = {April},
  note = {\url{https://openreview.net/forum?id=S1c2cvqee}},
  openalex = {W4295185264},
  publisher = {OpenReview.net},
  series = {Conference Track Proceedings},
  title = {Designing Neural Network Architectures using Reinforcement Learning},
  year = {2017}
}

@inproceedings{balle2017endtoend,
  address = {Toulon, France},
  author = {Ballé, Johannes and Laparra, Valero and Simoncelli, Eero P.},
  booktitle = {5th International Conference on Learning Representations (ICLR)},
  month = {April},
  note = {\url{https://openreview.net/forum?id=rJxdQ3jeg}},
  openalex = {W2962676454},
  publisher = {OpenReview.net},
  series = {Conference Track Proceedings},
  title = {End-to-end Optimized Image Compression},
  year = {2017}
}

@inproceedings{balog2017deepcoder,
  address = {Toulon, France},
  author = {Balog, Matej and Gaunt, Alexander L. and Brockschmidt, Marc and Nowozin, Sebastian and Tarlow, Daniel},
  booktitle = {5th International Conference on Learning Representations (ICLR)},
  month = {April},
  note = {\url{https://openreview.net/forum?id=ByldLrqlx}},
  openalex = {W2550100435},
  publisher = {OpenReview.net},
  series = {Conference Track Proceedings},
  title = {DeepCoder: Learning to Write Programs},
  year = {2017}
}

@inproceedings{balsubramani2017optimal,
  address = {Toulon, France},
  author = {Balsubramani, Akshay},
  booktitle = {5th International Conference on Learning Representations (ICLR)},
  month = {April},
  note = {\url{https://openreview.net/forum?id=ryelgY5eg}},
  openalex = {W2949991850},
  publisher = {OpenReview.net},
  series = {Conference Track Proceedings},
  title = {Optimal Binary Autoencoding with Pairwise Correlations},
  year = {2017}
}

@inproceedings{basri2017efficient,
  address = {Toulon, France},
  author = {Basri, Ronen and Jacobs, David},
  booktitle = {5th International Conference on Learning Representations (ICLR)},
  month = {April},
  note = {\url{https://openreview.net/forum?id=BJ3filKll}},
  openalex = {W2280528823},
  publisher = {OpenReview.net},
  series = {Conference Track Proceedings},
  title = {Efficient Representation of Low-Dimensional Manifolds using Deep Networks},
  year = {2017}
}

@inproceedings{batty2017multilayer,
  address = {Toulon, France},
  author = {Batty, Eleanor and Merel, Josh and Brackbill, Nora and Heitman, Alexander and Sher, Alexander and Litke, A. M. and Chichilnisky, E. J. and Paninski, Liam},
  booktitle = {5th International Conference on Learning Representations (ICLR)},
  month = {April},
  note = {\url{https://openreview.net/forum?id=HkEI22jeg}},
  openalex = {W2752579226},
  publisher = {OpenReview.net},
  series = {Conference Track Proceedings},
  title = {Multilayer Recurrent Network Models of Primate Retinal Ganglion Cell Responses},
  year = {2017}
}

@inproceedings{bazzani2017recurrent,
  address = {Toulon, France},
  author = {Bazzani, Loris and Larochelle, Hugo and Torresani, Lorenzo},
  booktitle = {5th International Conference on Learning Representations (ICLR)},
  month = {April},
  note = {\url{https://openreview.net/forum?id=SJRpRfKxx}},
  openalex = {W2313180542},
  publisher = {OpenReview.net},
  series = {Conference Track Proceedings},
  title = {Recurrent Mixture Density Network for Spatiotemporal Visual Attention},
  year = {2017}
}

@inproceedings{berger2017incorporating,
  address = {Toulon, France},
  author = {Berger, Guillaume and Rol, Unknown and Memisevic, Unknown},
  booktitle = {5th International Conference on Learning Representations (ICLR)},
  month = {April},
  note = {\url{https://openreview.net/forum?id=HyGTuv9eg}},
  publisher = {OpenReview.net},
  series = {Conference Track Proceedings},
  title = {Incorporating long-range consistency in CNN-based texture generation},
  year = {2017}
}

@inproceedings{berrada2017trusting,
  address = {Toulon, France},
  author = {Berrada, Leonard and Zisserman, Andrew and Kumar, M. Pawan},
  booktitle = {5th International Conference on Learning Representations (ICLR)},
  month = {April},
  note = {\url{https://openreview.net/forum?id=By5e2L9gl}},
  publisher = {OpenReview.net},
  series = {Conference Track Proceedings},
  title = {Trusting SVM for Piecewise Linear CNNs},
  year = {2017}
}

@inproceedings{bielik2017program,
  address = {Toulon, France},
  author = {Bielik, Pavol and Raychev, Veselin and Vechev, Martin},
  booktitle = {5th International Conference on Learning Representations (ICLR)},
  month = {April},
  note = {\url{https://openreview.net/forum?id=ry_sjFqgx}},
  openalex = {W2751295852},
  publisher = {OpenReview.net},
  series = {Conference Track Proceedings},
  title = {Program Synthesis for Character Level Language Modeling},
  year = {2017}
}

@inproceedings{bordes2017learninga,
  address = {Toulon, France},
  author = {Bordes, Antoine and Boureau, Y-Lan and Weston, Jason},
  booktitle = {5th International Conference on Learning Representations (ICLR)},
  month = {April},
  note = {\url{https://openreview.net/forum?id=S1Bb3D5gg}},
  openalex = {W2964210218},
  publisher = {OpenReview.net},
  series = {Conference Track Proceedings},
  title = {Learning End-to-End Goal-Oriented Dialog},
  year = {2017}
}

@inproceedings{bordes2017learningb,
  address = {Toulon, France},
  author = {Bordes, Florian and Honari, Sina and Vincent, Pascal},
  booktitle = {5th International Conference on Learning Representations (ICLR)},
  month = {April},
  note = {\url{https://openreview.net/forum?id=BJAFbaolg}},
  openalex = {W2951881632},
  publisher = {OpenReview.net},
  series = {Conference Track Proceedings},
  title = {Learning to Generate Samples from Noise through Infusion Training},
  year = {2017}
}

@inproceedings{bradbury2017quasi,
  address = {Toulon, France},
  author = {Bradbury, James and Merity, Stephen and Xiong, Caiming and Socher, Richard},
  booktitle = {5th International Conference on Learning Representations (ICLR)},
  month = {April},
  note = {\url{https://openreview.net/forum?id=H1zJ-v5xl}},
  openalex = {W2952436057},
  publisher = {OpenReview.net},
  series = {Conference Track Proceedings},
  title = {Quasi-Recurrent Neural Networks},
  year = {2017}
}

@inproceedings{brock2017neural,
  address = {Toulon, France},
  author = {Brock, Andrew and Lim, Theodore and Ritchie, James M. and Weston, Nick},
  booktitle = {5th International Conference on Learning Representations (ICLR)},
  month = {April},
  note = {\url{https://openreview.net/forum?id=HkNKFiGex}},
  publisher = {OpenReview.net},
  series = {Conference Track Proceedings},
  title = {Neural Photo Editing with Introspective Adversarial Networks},
  year = {2017}
}

@inproceedings{bunel2017learning,
  address = {Toulon, France},
  author = {Bunel, Rudy and Desmaison, Alban and Kumar, M. Pawan and Torr, Philip H. S. and Kohli, Pushmeet},
  booktitle = {5th International Conference on Learning Representations (ICLR)},
  month = {April},
  note = {\url{https://openreview.net/forum?id=r1rz6U5lg}},
  openalex = {W4297742556},
  publisher = {OpenReview.net},
  series = {Conference Track Proceedings},
  title = {Learning to superoptimize programs - Workshop Version},
  year = {2017}
}

@inproceedings{cai2017making,
  address = {Toulon, France},
  author = {Cai, Jonathon and Shin, Richard and Song, Dawn},
  booktitle = {5th International Conference on Learning Representations (ICLR)},
  month = {April},
  note = {\url{https://openreview.net/forum?id=BkbY4psgg}},
  openalex = {W2607964821},
  publisher = {OpenReview.net},
  series = {Conference Track Proceedings},
  title = {Making Neural Programming Architectures Generalize via Recursion},
  year = {2017}
}

@inproceedings{chan2017latent,
  address = {Toulon, France},
  author = {Chan, William and Zhang, Yu and Le, Quoc V. and Jaitly, Navdeep},
  booktitle = {5th International Conference on Learning Representations (ICLR)},
  month = {April},
  note = {\url{https://openreview.net/forum?id=SyQq185lg}},
  openalex = {W2952288254},
  publisher = {OpenReview.net},
  series = {Conference Track Proceedings},
  title = {Latent Sequence Decompositions},
  year = {2017}
}

@inproceedings{chang2017compositional,
  address = {Toulon, France},
  author = {Chang, Michael B. and Ullman, Tomer and Torralba, Antonio and Tenenbaum, Joshua B.},
  booktitle = {5th International Conference on Learning Representations (ICLR)},
  month = {April},
  note = {\url{https://openreview.net/forum?id=Bkab5dqxe}},
  openalex = {W2559857813},
  publisher = {OpenReview.net},
  series = {Conference Track Proceedings},
  title = {A Compositional Object-Based Approach to Learning Physical Dynamics},
  year = {2017}
}

@inproceedings{chaudhari2017entropy,
  address = {Toulon, France},
  author = {Chaudhari, Pratik and Choromanska, Anna and Soatto, Stefano and LeCun, Yann and Baldassi, Carlo and Borgs, Christian and Chayes, Jennifer and Sagun, Levent and Zecchina, Riccardo},
  booktitle = {5th International Conference on Learning Representations (ICLR)},
  month = {April},
  note = {\url{https://openreview.net/forum?id=B1YfAfcgl}},
  openalex = {W2552194003},
  publisher = {OpenReview.net},
  series = {Conference Track Proceedings},
  title = {Entropy-SGD: biasing gradient descent into wide valleys},
  year = {2017}
}

@inproceedings{che2017mode,
  address = {Toulon, France},
  author = {Che, Tong and Li, Yanran and Jacob, Athul Paul and Bengio, Yoshua and Li, Wenjie},
  booktitle = {5th International Conference on Learning Representations (ICLR)},
  month = {April},
  note = {\url{https://openreview.net/forum?id=HJKkY35le}},
  openalex = {W2963865839},
  publisher = {OpenReview.net},
  series = {Conference Track Proceedings},
  title = {Mode Regularized Generative Adversarial Networks},
  year = {2017}
}

@inproceedings{chen2017efficient,
  address = {Toulon, France},
  author = {Chen, Minmin},
  booktitle = {5th International Conference on Learning Representations (ICLR)},
  month = {April},
  note = {\url{https://openreview.net/forum?id=B1Igu2ogg}},
  openalex = {W2734330123},
  publisher = {OpenReview.net},
  series = {Conference Track Proceedings},
  title = {Efficient Vector Representation for Documents through Corruption},
  year = {2017}
}

@inproceedings{chen2017variational,
  address = {Toulon, France},
  author = {Chen, Xi and Kingma, Diederik P. and Salimans, Tim and Duan, Yan and Dhariwal, Prafulla and Schulman, John and Sutskever, Ilya and Abbeel, Pieter},
  booktitle = {5th International Conference on Learning Representations (ICLR)},
  month = {April},
  note = {\url{https://openreview.net/forum?id=BysvGP5ee}},
  openalex = {W2560512785},
  publisher = {OpenReview.net},
  series = {Conference Track Proceedings},
  title = {Variational Lossy Autoencoder},
  year = {2017}
}

@inproceedings{cheung2017emergence,
  address = {Toulon, France},
  author = {Cheung, Brian and Weiss, Eric and Olshausen, Bruno A.},
  booktitle = {5th International Conference on Learning Representations (ICLR)},
  month = {April},
  note = {\url{https://openreview.net/forum?id=SJJKxrsgl}},
  publisher = {OpenReview.net},
  series = {Conference Track Proceedings},
  title = {Emergence of foveal image sampling from learning to attend in visual scenes},
  year = {2017}
}

@inproceedings{chiappa2017recurrent,
  address = {Toulon, France},
  author = {Chiappa, Silvia and Racanière, Sébastien and Wierstra, Daan and Mohamed, Shakir},
  booktitle = {5th International Conference on Learning Representations (ICLR)},
  month = {April},
  note = {\url{https://openreview.net/forum?id=B1s6xvqlx}},
  openalex = {W2606047872},
  publisher = {OpenReview.net},
  series = {Conference Track Proceedings},
  title = {Recurrent Environment Simulators},
  year = {2017}
}

@inproceedings{choi2017towards,
  address = {Toulon, France},
  author = {Choi, Yoojin and El‐Khamy, Mostafa and Lee, Jungwon},
  booktitle = {5th International Conference on Learning Representations (ICLR)},
  month = {April},
  note = {\url{https://openreview.net/forum?id=rJ8uNptgl}},
  openalex = {W2963935227},
  publisher = {OpenReview.net},
  series = {Conference Track Proceedings},
  title = {Towards the Limit of Network Quantization},
  year = {2017}
}

@inproceedings{chung2017hierarchical,
  address = {Toulon, France},
  author = {Chung, Jun‐Young and Ahn, Sungjin and Bengio, Yoshua},
  booktitle = {5th International Conference on Learning Representations (ICLR)},
  month = {April},
  note = {\url{https://openreview.net/forum?id=S1di0sfgl}},
  openalex = {W2510842514},
  publisher = {OpenReview.net},
  series = {Conference Track Proceedings},
  title = {Hierarchical Multiscale Recurrent Neural Networks},
  year = {2017}
}

@inproceedings{cohen2017inductive,
  address = {Toulon, France},
  author = {Cohen, Nadav and Shashua, Amnon},
  booktitle = {5th International Conference on Learning Representations (ICLR)},
  month = {April},
  note = {\url{https://openreview.net/forum?id=BkVsEMYel}},
  openalex = {W2962716426},
  publisher = {OpenReview.net},
  series = {Conference Track Proceedings},
  title = {Inductive Bias of Deep Convolutional Networks through Pooling Geometry},
  year = {2017}
}

@inproceedings{cohen2017steerable,
  address = {Toulon, France},
  author = {Cohen, Taco and Welling, Max},
  booktitle = {5th International Conference on Learning Representations (ICLR)},
  month = {April},
  note = {\url{https://openreview.net/forum?id=rJQKYt5ll}},
  openalex = {W3138516063},
  publisher = {OpenReview.net},
  series = {Conference Track Proceedings},
  title = {Steerable CNNs},
  year = {2017}
}

@inproceedings{collins2017capacity,
  address = {Toulon, France},
  author = {Collins, Jasmine and Sohl‐Dickstein, Jascha and Sussillo, David},
  booktitle = {5th International Conference on Learning Representations (ICLR)},
  month = {April},
  note = {\url{https://openreview.net/forum?id=BydARw9ex}},
  openalex = {W2950059857},
  publisher = {OpenReview.net},
  series = {Conference Track Proceedings},
  title = {Capacity and Trainability in Recurrent Neural Networks},
  year = {2017}
}

@inproceedings{cooijmans2017recurrent,
  address = {Toulon, France},
  author = {Cooijmans, Tim and Ballas, Nicolas and Laurent, César and Gülçehre, Çaǧlar and Courville, Aaron},
  booktitle = {5th International Conference on Learning Representations (ICLR)},
  month = {April},
  note = {\url{https://openreview.net/forum?id=r1VdcHcxx}},
  openalex = {W2963304263},
  publisher = {OpenReview.net},
  series = {Conference Track Proceedings},
  title = {Recurrent Batch Normalization},
  year = {2017}
}

@inproceedings{dai2017calibrating,
  address = {Toulon, France},
  author = {Dai, Zihang and Almahairi, Amjad and Bachman, Philip and Hovy, Eduard and Courville, Aaron},
  booktitle = {5th International Conference on Learning Representations (ICLR)},
  month = {April},
  note = {\url{https://openreview.net/forum?id=SyxeqhP9ll}},
  openalex = {W2952936466},
  publisher = {OpenReview.net},
  series = {Conference Track Proceedings},
  title = {Calibrating Energy-based Generative Adversarial Networks},
  year = {2017}
}

@inproceedings{dai2017recurrent,
  address = {Toulon, France},
  author = {Dai, Hanjun and Dai, Bo and Zhang, Yan‐Ming and Li, Shuang and Song, Le},
  booktitle = {5th International Conference on Learning Representations (ICLR)},
  month = {April},
  note = {\url{https://openreview.net/forum?id=HJGODLqgx}},
  openalex = {W2753034091},
  publisher = {OpenReview.net},
  series = {Conference Track Proceedings},
  title = {Recurrent Hidden Semi-Markov Model},
  year = {2017}
}

@inproceedings{daniluk2017frustratingly,
  address = {Toulon, France},
  author = {Daniluk, Michał and Rocktäschel, Tim and Welbl, Johannes and Riedel, Sebastian},
  booktitle = {5th International Conference on Learning Representations (ICLR)},
  month = {April},
  note = {\url{https://openreview.net/forum?id=ByIAPUcee}},
  openalex = {W2952136670},
  publisher = {OpenReview.net},
  series = {Conference Track Proceedings},
  title = {Frustratingly Short Attention Spans in Neural Language Modeling},
  year = {2017}
}

@inproceedings{denil2017learning,
  address = {Toulon, France},
  author = {Denil, Misha and Agrawal, Pulkit and Kulkarni, Tejas D. and Erez, Tom and Battaglia, Peter and Freitas, Nando de},
  booktitle = {5th International Conference on Learning Representations (ICLR)},
  month = {April},
  note = {\url{https://openreview.net/forum?id=r1nTpv9eg}},
  openalex = {W2553347458},
  publisher = {OpenReview.net},
  series = {Conference Track Proceedings},
  title = {Learning to Perform Physics Experiments via Deep Reinforcement Learning},
  year = {2017}
}

@inproceedings{depeweg2017learning,
  address = {Toulon, France},
  author = {Depeweg, Stefan and Hernández-Lobato, José Miguel and Doshi‐Velez, Finale and Udluft, Steffen},
  booktitle = {5th International Conference on Learning Representations (ICLR)},
  month = {April},
  note = {\url{https://openreview.net/forum?id=H1fl8S9ee}},
  openalex = {W2404067440},
  publisher = {OpenReview.net},
  series = {Conference Track Proceedings},
  title = {Learning and Policy Search in Stochastic Dynamical Systems with Bayesian Neural Networks},
  year = {2017}
}

@inproceedings{dieng2017topicrnn,
  address = {Toulon, France},
  author = {Dieng, Adji B. and Wang, Chong and Gao, Jianfeng and Paisley, John},
  booktitle = {5th International Conference on Learning Representations (ICLR)},
  month = {April},
  note = {\url{https://openreview.net/forum?id=rJbbOLcex}},
  openalex = {W2549476280},
  publisher = {OpenReview.net},
  series = {Conference Track Proceedings},
  title = {TopicRNN: A Recurrent Neural Network with Long-Range Semantic Dependency},
  year = {2017}
}

@inproceedings{dinh2017density,
  address = {Toulon, France},
  author = {Dinh, Laurent and Sohl‐Dickstein, Jascha and Bengio, Samy},
  booktitle = {5th International Conference on Learning Representations (ICLR)},
  month = {April},
  note = {\url{https://openreview.net/forum?id=HkpbnH9lx}},
  openalex = {W4297798428},
  publisher = {OpenReview.net},
  series = {Conference Track Proceedings},
  title = {Density estimation using Real NVP},
  year = {2017}
}

@inproceedings{donahue2017adversarial,
  address = {Toulon, France},
  author = {Donahue, Jeff and Krähenbühl, Philipp and Darrell, Trevor},
  booktitle = {5th International Conference on Learning Representations (ICLR)},
  month = {April},
  note = {\url{https://openreview.net/forum?id=BJtNZAFgg}},
  openalex = {W2412320034},
  publisher = {OpenReview.net},
  series = {Conference Track Proceedings},
  title = {Adversarial Feature Learning},
  year = {2017}
}

@inproceedings{dosovitskiy2017learning,
  address = {Toulon, France},
  author = {Dosovitskiy, Alexey and Koltun, Vladlen},
  booktitle = {5th International Conference on Learning Representations (ICLR)},
  month = {April},
  note = {\url{https://openreview.net/forum?id=rJLS7qKel}},
  openalex = {W2952578114},
  publisher = {OpenReview.net},
  series = {Conference Track Proceedings},
  title = {Learning to Act by Predicting the Future},
  year = {2017}
}

@inproceedings{dozat2017deep,
  address = {Toulon, France},
  author = {Dozat, Timothy and Manning, Christopher D.},
  booktitle = {5th International Conference on Learning Representations (ICLR)},
  month = {April},
  note = {\url{https://openreview.net/forum?id=Hk95PK9le}},
  openalex = {W2552110825},
  publisher = {OpenReview.net},
  series = {Conference Track Proceedings},
  title = {Deep Biaffine Attention for Neural Dependency Parsing},
  year = {2017}
}

@inproceedings{dumoulin2017adversarially,
  address = {Toulon, France},
  author = {Dumoulin, Vincent and Belghazi, Ishmael and Poole, Ben and Mastropietro, Olivier and Lamb, Alex and Arjovsky, Martín and Courville, Aaron},
  booktitle = {5th International Conference on Learning Representations (ICLR)},
  month = {April},
  note = {\url{https://openreview.net/forum?id=B1ElR4cgg}},
  openalex = {W2411541852},
  publisher = {OpenReview.net},
  series = {Conference Track Proceedings},
  title = {Adversarially Learned Inference},
  year = {2017}
}

@inproceedings{dumoulin2017learned,
  address = {Toulon, France},
  author = {Dumoulin, Vincent and Shlens, Jonathon and Kudlur, Manjunath},
  booktitle = {5th International Conference on Learning Representations (ICLR)},
  month = {April},
  note = {\url{https://openreview.net/forum?id=BJO-BuT1g}},
  openalex = {W2545656684},
  publisher = {OpenReview.net},
  series = {Conference Track Proceedings},
  title = {A Learned Representation For Artistic Style},
  year = {2017}
}

@inproceedings{durugkar2017generative,
  address = {Toulon, France},
  author = {Durugkar, Ishan and Gemp, Ian and Mahadevan, Sridhar},
  booktitle = {5th International Conference on Learning Representations (ICLR)},
  month = {April},
  note = {\url{https://openreview.net/forum?id=Byk-VI9eg}},
  openalex = {W2949399848},
  publisher = {OpenReview.net},
  series = {Conference Track Proceedings},
  title = {Generative Multi-Adversarial Networks},
  year = {2017}
}

@inproceedings{edwards2017towards,
  address = {Toulon, France},
  author = {Edwards, Harrison and Storkey, Amos},
  booktitle = {5th International Conference on Learning Representations (ICLR)},
  month = {April},
  note = {\url{https://openreview.net/forum?id=HJDBUF5le}},
  openalex = {W2964208960},
  publisher = {OpenReview.net},
  series = {Conference Track Proceedings},
  title = {Towards a Neural Statistician},
  year = {2017}
}

@inproceedings{eyjolfsdottir2017learning,
  address = {Toulon, France},
  author = {Eyjólfsdóttir, Eyrún and Branson, Kristin and Yue, Yisong and Perona, Pietro},
  booktitle = {5th International Conference on Learning Representations (ICLR)},
  month = {April},
  note = {\url{https://openreview.net/forum?id=BkLhzHtlg}},
  openalex = {W2548815430},
  publisher = {OpenReview.net},
  series = {Conference Track Proceedings},
  title = {Learning recurrent representations for hierarchical behavior modeling},
  year = {2017}
}

@inproceedings{finn2017generalizing,
  address = {Toulon, France},
  author = {Finn, Chelsea and Yu, Tianhe and Fu, Justin and Abbeel, Pieter and Levine, Sergey},
  booktitle = {5th International Conference on Learning Representations (ICLR)},
  month = {April},
  note = {\url{https://openreview.net/forum?id=ryHlUtqge}},
  openalex = {W2558634851},
  publisher = {OpenReview.net},
  series = {Conference Track Proceedings},
  title = {Generalizing Skills with Semi-Supervised Reinforcement Learning},
  year = {2017}
}

@inproceedings{florensa2017stochastic,
  address = {Toulon, France},
  author = {Florensa, Carlos and Duan, Yan and Abbeel, Pieter},
  booktitle = {5th International Conference on Learning Representations (ICLR)},
  month = {April},
  note = {\url{https://openreview.net/forum?id=B1oK8aoxe}},
  openalex = {W2606433045},
  publisher = {OpenReview.net},
  series = {Conference Track Proceedings},
  title = {Stochastic Neural Networks for Hierarchical Reinforcement Learning},
  year = {2017}
}

@inproceedings{freeman2017topology,
  address = {Toulon, France},
  author = {Freeman, C. Daniel and Bruna, Joan},
  booktitle = {5th International Conference on Learning Representations (ICLR)},
  month = {April},
  note = {\url{https://openreview.net/forum?id=Bk0FWVcgx}},
  openalex = {W2951934643},
  publisher = {OpenReview.net},
  series = {Conference Track Proceedings},
  title = {Topology and Geometry of Half-Rectified Network Optimization},
  year = {2017}
}

@inproceedings{goldberger2017training,
  address = {Toulon, France},
  author = {Goldberger, Jacob and Ben-Reuven, Ehud},
  booktitle = {5th International Conference on Learning Representations (ICLR)},
  month = {April},
  note = {\url{https://openreview.net/forum?id=H12GRgcxg}},
  openalex = {W2752971446},
  publisher = {OpenReview.net},
  series = {Conference Track Proceedings},
  title = {Training deep neural-networks using a noise adaptation layer},
  year = {2017}
}

@inproceedings{grave2017improving,
  address = {Toulon, France},
  author = {Grave, Édouard and Joulin, Armand and Usunier, Nicolas},
  booktitle = {5th International Conference on Learning Representations (ICLR)},
  month = {April},
  note = {\url{https://openreview.net/forum?id=B184E5qee}},
  openalex = {W2951672049},
  publisher = {OpenReview.net},
  series = {Conference Track Proceedings},
  title = {Improving Neural Language Models with a Continuous Cache},
  year = {2017}
}

@inproceedings{greff2017highway,
  address = {Toulon, France},
  author = {Greff, Klaus and Srivastava, Rupesh Kumar and Schmidhuber, Jürgen},
  booktitle = {5th International Conference on Learning Representations (ICLR)},
  month = {April},
  note = {\url{https://openreview.net/forum?id=Skn9Shcxe}},
  publisher = {OpenReview.net},
  series = {Conference Track Proceedings},
  title = {Highway and Residual Networks learn Unrolled Iterative Estimation},
  year = {2017}
}

@inproceedings{gu2017qprop,
  address = {Toulon, France},
  author = {Gu, Shixiang and Lillicrap, Timothy and Ghahramani, Zoubin and Turner, Richard E. and Levine, Sergey},
  booktitle = {5th International Conference on Learning Representations (ICLR)},
  month = {April},
  note = {\url{https://openreview.net/forum?id=SJ3rcZcxl}},
  openalex = {W2950492145},
  publisher = {OpenReview.net},
  series = {Conference Track Proceedings},
  title = {Q-Prop: Sample-Efficient Policy Gradient with An Off-Policy Critic},
  year = {2017}
}

@inproceedings{gulcehre2017mollifying,
  address = {Toulon, France},
  author = {Gülçehre, Çağlar and Moczulski, Marcin and Visin, Francesco and Bengio, Yoshua},
  booktitle = {5th International Conference on Learning Representations (ICLR)},
  month = {April},
  note = {\url{https://openreview.net/forum?id=r1G4z8cge}},
  openalex = {W3139471951},
  publisher = {OpenReview.net},
  series = {Conference Track Proceedings},
  title = {Mollifying Networks},
  year = {2017}
}

@inproceedings{gulrajani2017pixelvae,
  address = {Toulon, France},
  author = {Gulrajani, Ishaan and Kumar, Kundan and Ahmed, Faruk and Taïga, Adrien Ali and Visin, Francesco and Vázquez, David and Courville, Aaron},
  booktitle = {5th International Conference on Learning Representations (ICLR)},
  month = {April},
  note = {\url{https://openreview.net/forum?id=BJKYvt5lg}},
  openalex = {W2949899814},
  publisher = {OpenReview.net},
  series = {Conference Track Proceedings},
  title = {PixelVAE: A Latent Variable Model for Natural Images},
  year = {2017}
}

@inproceedings{guo2017learning,
  address = {Toulon, France},
  author = {Guo, Xiaoxiao and Klinger, Tim and Rosenbaum, Clemens and Bigus, Joseph P. and Campbell, Murray and Kawas, Ban and Talamadupula, Kartik and Tesauro, Gerry and Singh, Satinder},
  booktitle = {5th International Conference on Learning Representations (ICLR)},
  month = {April},
  note = {\url{https://openreview.net/forum?id=rJ0-tY5xe}},
  openalex = {W2751712177},
  publisher = {OpenReview.net},
  series = {Conference Track Proceedings},
  title = {Learning to Query, Reason, and Answer Questions On Ambiguous Texts},
  year = {2017}
}

@inproceedings{gupta2017learning,
  address = {Toulon, France},
  author = {Gupta, Abhishek and Devin, Coline and Liu, YuXuan and Abbeel, Pieter and Levine, Sergey},
  booktitle = {5th International Conference on Learning Representations (ICLR)},
  month = {April},
  note = {\url{https://openreview.net/forum?id=Hyq4yhile}},
  openalex = {W2949600457},
  publisher = {OpenReview.net},
  series = {Conference Track Proceedings},
  title = {Learning Invariant Feature Spaces to Transfer Skills with Reinforcement Learning},
  year = {2017}
}

@inproceedings{ha2017hypernetworks,
  address = {Toulon, France},
  author = {Ha, David and Dai, Andrew and Le, Quoc V.},
  booktitle = {5th International Conference on Learning Representations (ICLR)},
  month = {April},
  note = {\url{https://openreview.net/forum?id=rkpACe1lx}},
  openalex = {W4394642966},
  publisher = {OpenReview.net},
  series = {Conference Track Proceedings},
  title = {HyperNetworks},
  year = {2017}
}

@inproceedings{hamrick2017metacontrol,
  address = {Toulon, France},
  author = {Hamrick, Jessica B. and Ballard, Andrew J and Pascanu, Razvan and Vinyals, Oriol and Heess, Nicolas and Battaglia, Peter},
  booktitle = {5th International Conference on Learning Representations (ICLR)},
  month = {April},
  note = {\url{https://openreview.net/forum?id=Bk8BvDqex}},
  openalex = {W4308668992},
  publisher = {OpenReview.net},
  series = {Conference Track Proceedings},
  title = {Metacontrol for Adaptive Imagination-Based Optimization},
  year = {2017}
}

@inproceedings{han2017dsd,
  address = {Toulon, France},
  author = {Han, Song and Pool, Jeff and Narang, Sharan and Mao, Huizi and Gong, Enhao and Tang, Shijian and Elsen, Erich and Vajda, Péter and Paluri, Manohar and Tran, John and Catanzaro, Bryan and Dally, William J.},
  booktitle = {5th International Conference on Learning Representations (ICLR)},
  month = {April},
  note = {\url{https://openreview.net/forum?id=HyoST_9xl}},
  openalex = {W2589646680},
  publisher = {OpenReview.net},
  series = {Conference Track Proceedings},
  title = {DSD: Dense-Sparse-Dense Training for Deep Neural Networks},
  year = {2017}
}

@inproceedings{hardt2017identity,
  address = {Toulon, France},
  author = {Hardt, Moritz and Ma, Tengyu},
  booktitle = {5th International Conference on Learning Representations (ICLR)},
  month = {April},
  note = {\url{https://openreview.net/forum?id=ryxB0Rtxx}},
  openalex = {W2952574409},
  publisher = {OpenReview.net},
  series = {Conference Track Proceedings},
  title = {Identity Matters in Deep Learning},
  year = {2017}
}

@inproceedings{he2017learning,
  address = {Toulon, France},
  author = {He, Frank and Liu, Yang and Schwing, Alexander G. and Peng, Jian},
  booktitle = {5th International Conference on Learning Representations (ICLR)},
  month = {April},
  note = {\url{https://openreview.net/forum?id=rJ8Je4clg}},
  openalex = {W2553109721},
  publisher = {OpenReview.net},
  series = {Conference Track Proceedings},
  title = {Learning to Play in a Day: Faster Deep Reinforcement Learning by Optimality Tightening},
  year = {2017}
}

@inproceedings{he2017multi,
  address = {Toulon, France},
  author = {He, Wanjia and Wang, Weiran and Livescu, Karen},
  booktitle = {5th International Conference on Learning Representations (ICLR)},
  month = {April},
  note = {\url{https://openreview.net/forum?id=rJxDkvqee}},
  openalex = {W2951216052},
  publisher = {OpenReview.net},
  series = {Conference Track Proceedings},
  title = {Multi-view Recurrent Neural Acoustic Word Embeddings},
  year = {2017}
}

@inproceedings{henaff2017tracking,
  address = {Toulon, France},
  author = {Henaff, Mikael and Weston, Jason and Szlam, Arthur and Bordes, Antoine and LeCun, Yann},
  booktitle = {5th International Conference on Learning Representations (ICLR)},
  month = {April},
  note = {\url{https://openreview.net/forum?id=rJTKKKqeg}},
  openalex = {W2563734883},
  publisher = {OpenReview.net},
  series = {Conference Track Proceedings},
  title = {Tracking the World State with Recurrent Entity Networks},
  year = {2017}
}

@inproceedings{hendrycks2017baseline,
  address = {Toulon, France},
  author = {Hendrycks, Dan and Gimpel, Kevin},
  booktitle = {5th International Conference on Learning Representations (ICLR)},
  month = {April},
  note = {\url{https://openreview.net/forum?id=Hkg4TI9xl}},
  openalex = {W2531327146},
  publisher = {OpenReview.net},
  series = {Conference Track Proceedings},
  title = {A Baseline for Detecting Misclassified and Out-of-Distribution Examples in Neural Networks},
  year = {2017}
}

@inproceedings{higgins2017beta,
  address = {Toulon, France},
  author = {Higgins, Irina and Matthey, Löıc and Pal, Arka and Burgess, Christopher and Glorot, Xavier and Botvinick, Matthew and Mohamed, Shakir and Lerchner, Alexander},
  booktitle = {5th International Conference on Learning Representations (ICLR)},
  month = {April},
  note = {\url{https://openreview.net/forum?id=Sy2fzU9gl}},
  openalex = {W2753738274},
  publisher = {OpenReview.net},
  series = {Conference Track Proceedings},
  title = {beta-VAE: Learning Basic Visual Concepts with a Constrained Variational Framework},
  year = {2017}
}

@inproceedings{hou2017lossaware,
  address = {Toulon, France},
  author = {Hou, Lu and Yao, Quanming and Kwok, James T.},
  booktitle = {5th International Conference on Learning Representations (ICLR)},
  month = {April},
  note = {\url{https://openreview.net/forum?id=S1oWlN9ll}},
  openalex = {W2554592357},
  publisher = {OpenReview.net},
  series = {Conference Track Proceedings},
  title = {Loss-aware Binarization of Deep Networks},
  year = {2017}
}

@inproceedings{huang2017informationtheoretic,
  address = {Toulon, France},
  author = {Huang, Wentao and Zhang, Kechen},
  booktitle = {5th International Conference on Learning Representations (ICLR)},
  month = {April},
  note = {\url{https://openreview.net/forum?id=SkYbF1slg}},
  openalex = {W2550521683},
  publisher = {OpenReview.net},
  series = {Conference Track Proceedings},
  title = {An Information-Theoretic Framework for Fast and Robust Unsupervised Learning via Neural Population Infomax},
  year = {2017}
}

@inproceedings{huang2017snapshot,
  address = {Toulon, France},
  author = {Huang, Gao and Li, Yixuan and Pleiss, Geoff and Liu, Zhuang and Hopcroft, John E. and Weinberger, Kilian Q.},
  booktitle = {5th International Conference on Learning Representations (ICLR)},
  month = {April},
  note = {\url{https://openreview.net/forum?id=BJYwwY9ll}},
  openalex = {W2951696358},
  publisher = {OpenReview.net},
  series = {Conference Track Proceedings},
  title = {Snapshot Ensembles: Train 1, get M for free},
  year = {2017}
}

@inproceedings{inan2017tying,
  address = {Toulon, France},
  author = {Inan, Hakan and Khosravi, Khashayar and Socher, Richard},
  booktitle = {5th International Conference on Learning Representations (ICLR)},
  month = {April},
  note = {\url{https://openreview.net/forum?id=r1aPbsFle}},
  openalex = {W2962964385},
  publisher = {OpenReview.net},
  series = {Conference Track Proceedings},
  title = {Tying Word Vectors and Word Classifiers: A Loss Framework for Language Modeling},
  year = {2017}
}

@inproceedings{jaderberg2017reinforcement,
  address = {Toulon, France},
  author = {Jaderberg, Max and Mnih, Volodymyr and Czarnecki, Wojciech Marian and Schaul, Tom and Leibo, Joel Z. and Silver, David and Kavukcuoglu, Koray},
  booktitle = {5th International Conference on Learning Representations (ICLR)},
  month = {April},
  note = {\url{https://openreview.net/forum?id=SJ6yPD5xg}},
  openalex = {W2950872548},
  publisher = {OpenReview.net},
  series = {Conference Track Proceedings},
  title = {Reinforcement Learning with Unsupervised Auxiliary Tasks},
  year = {2017}
}

@inproceedings{jaini2017online,
  address = {Toulon, France},
  author = {Jaini, Priyank and Chen, Zhitang and Carbajal, Pablo and Law, Edith and Middleton, Laura E. and Regan, Kayla and Schaekermann, Mike and Trimponias, George and Tung, James and Poupart, Pascal},
  booktitle = {5th International Conference on Learning Representations (ICLR)},
  month = {April},
  note = {\url{https://openreview.net/forum?id=ByqiJIqxg}},
  openalex = {W2753228334},
  publisher = {OpenReview.net},
  series = {Conference Track Proceedings},
  title = {Online Bayesian Transfer Learning for Sequential Data Modeling},
  year = {2017}
}

@inproceedings{jang2017categorical,
  address = {Toulon, France},
  author = {Jang, Eric and Gu, Shixiang and Poole, Ben},
  booktitle = {5th International Conference on Learning Representations (ICLR)},
  month = {April},
  note = {\url{https://openreview.net/forum?id=rkE3y85ee}},
  openalex = {W2547875792},
  publisher = {OpenReview.net},
  series = {Conference Track Proceedings},
  title = {Categorical Reparameterization with Gumbel-Softmax},
  year = {2017}
}

@inproceedings{jernite2017variable,
  address = {Toulon, France},
  author = {Jernite, Yacine and Grave, Édouard and Joulin, Armand and Mikolov, Tomáš},
  booktitle = {5th International Conference on Learning Representations (ICLR)},
  month = {April},
  note = {\url{https://openreview.net/forum?id=S1LVSrcge}},
  openalex = {W2556046966},
  publisher = {OpenReview.net},
  series = {Conference Track Proceedings},
  title = {Variable Computation in Recurrent Neural Networks},
  year = {2017}
}

@inproceedings{johnson2017learning,
  address = {Toulon, France},
  author = {Johnson, Daniel D.},
  booktitle = {5th International Conference on Learning Representations (ICLR)},
  month = {April},
  note = {\url{https://openreview.net/forum?id=HJ0NvFzxl}},
  openalex = {W2750894112},
  publisher = {OpenReview.net},
  series = {Conference Track Proceedings},
  title = {Learning Graphical State Transitions},
  year = {2017}
}

@inproceedings{k2017batch,
  address = {Toulon, France},
  author = {Kandasamy, Kirthevasan and Bachrach, Yoram and Tomioka, Ryota and Tarlow, Daniel and Carter, David},
  booktitle = {5th International Conference on Learning Representations (ICLR)},
  month = {April},
  note = {\url{https://openreview.net/forum?id=rJfMusFll}},
  openalex = {W2951990924},
  publisher = {OpenReview.net},
  series = {Conference Track Proceedings},
  title = {Batch Policy Gradient Methods for Improving Neural Conversation Models},
  year = {2017}
}

@inproceedings{kaiser2017learning,
  address = {Toulon, France},
  author = {Kaiser, Łukasz and Nachum, Ofir and Roy, Aurko and Bengio, Samy},
  booktitle = {5th International Conference on Learning Representations (ICLR)},
  month = {April},
  note = {\url{https://openreview.net/forum?id=SJTQLdqlg}},
  openalex = {W2953044442},
  publisher = {OpenReview.net},
  series = {Conference Track Proceedings},
  title = {Learning to Remember Rare Events},
  year = {2017}
}

@inproceedings{kaliszyk2017holstep,
  address = {Toulon, France},
  author = {Kaliszyk, Cezary and Chollet, François and Szegedy, Christian},
  booktitle = {5th International Conference on Learning Representations (ICLR)},
  month = {April},
  note = {\url{https://openreview.net/forum?id=ryuxYmvel}},
  openalex = {W2593925740},
  publisher = {OpenReview.net},
  series = {Conference Track Proceedings},
  title = {HolStep: A Machine Learning Dataset for Higher-order Logic Theorem Proving},
  year = {2017}
}

@inproceedings{karl2017deep,
  address = {Toulon, France},
  author = {Karl, Maximilian and Soelch, Maximilian and Bayer, Justin and Smagt, Patrick van der},
  booktitle = {5th International Conference on Learning Representations (ICLR)},
  month = {April},
  note = {\url{https://openreview.net/forum?id=HyTqHL5xg}},
  openalex = {W3093010610},
  publisher = {OpenReview.net},
  series = {Conference Track Proceedings},
  title = {Deep Variational Bayes Filters: Unsupervised Learning of State Space Models from Raw Data},
  year = {2017}
}

@inproceedings{keskar2017on,
  address = {Toulon, France},
  author = {Keskar, Nitish Shirish and Mudigere, Dheevatsa and Nocedal, Jorge and Smelyanskiy, Mikhail and Tang, Ping},
  booktitle = {5th International Conference on Learning Representations (ICLR)},
  month = {April},
  note = {\url{https://openreview.net/forum?id=H1oyRlYgg}},
  openalex = {W2963959597},
  publisher = {OpenReview.net},
  series = {Conference Track Proceedings},
  title = {On Large-Batch Training for Deep Learning: Generalization Gap and Sharp Minima},
  year = {2017}
}

@inproceedings{kim2017hadamard,
  address = {Toulon, France},
  author = {Kim, Jin-Hwa and On, Kyoung-Woon and Lim, Woosang and Kim, Jeonghee and Ha, Jung-Woo and Zhang, Byoung‐Tak},
  booktitle = {5th International Conference on Learning Representations (ICLR)},
  month = {April},
  note = {\url{https://openreview.net/forum?id=r1rhWnZkg}},
  openalex = {W2949197413},
  publisher = {OpenReview.net},
  series = {Conference Track Proceedings},
  title = {Hadamard Product for Low-rank Bilinear Pooling},
  year = {2017}
}

@inproceedings{kim2017structured,
  address = {Toulon, France},
  author = {Kim, Yoon and Denton, Carl and Hoang, Luong and Rush, Alexander M.},
  booktitle = {5th International Conference on Learning Representations (ICLR)},
  month = {April},
  note = {\url{https://openreview.net/forum?id=HkE0Nvqlg}},
  openalex = {W2949847915},
  publisher = {OpenReview.net},
  series = {Conference Track Proceedings},
  title = {Structured Attention Networks},
  year = {2017}
}

@inproceedings{kipf2017semisupervised,
  address = {Toulon, France},
  author = {Kipf, Thomas and Welling, Max},
  booktitle = {5th International Conference on Learning Representations (ICLR)},
  month = {April},
  note = {\url{https://openreview.net/forum?id=SJU4ayYgl}},
  openalex = {W2964015378},
  publisher = {OpenReview.net},
  series = {Conference Track Proceedings},
  title = {Semi-Supervised Classification with Graph Convolutional Networks},
  year = {2017}
}

@inproceedings{klein2017learning,
  address = {Toulon, France},
  author = {Klein, Aaron and Falkner, Stefan and Springenberg, Jost Tobias and Hutter, Frank},
  booktitle = {5th International Conference on Learning Representations (ICLR)},
  month = {April},
  note = {\url{https://openreview.net/forum?id=S11KBYclx}},
  openalex = {W2751836095},
  publisher = {OpenReview.net},
  series = {Conference Track Proceedings},
  title = {Learning Curve Prediction with Bayesian Neural Networks},
  year = {2017}
}

@inproceedings{krueger2017zoneout,
  address = {Toulon, France},
  author = {Krueger, David and Maharaj, Tegan and Kramár, János and Pezeshki, Mohammad and Ballas, Nicolas and Ke, Nan Rosemary and Goyal, Anirudh and Bengio, Yoshua and Courville, Aaron and Pal, Christopher},
  booktitle = {5th International Conference on Learning Representations (ICLR)},
  month = {April},
  note = {\url{https://openreview.net/forum?id=rJqBEPcxe}},
  openalex = {W2962970071},
  publisher = {OpenReview.net},
  series = {Conference Track Proceedings},
  title = {Zoneout: Regularizing RNNs by Randomly Preserving Hidden Activations.},
  year = {2017}
}

@inproceedings{kurakin2017adversarial,
  address = {Toulon, France},
  author = {Kurakin, Alexey and Goodfellow, Ian and Bengio, Samy},
  booktitle = {5th International Conference on Learning Representations (ICLR)},
  month = {April},
  note = {\url{https://openreview.net/forum?id=BJm4T4Kgx}},
  openalex = {W2963389226},
  publisher = {OpenReview.net},
  series = {Conference Track Proceedings},
  title = {Adversarial Machine Learning at Scale},
  year = {2017}
}

@inproceedings{laine2017temporal,
  address = {Toulon, France},
  author = {Laine, Samuli and Aila, Timo},
  booktitle = {5th International Conference on Learning Representations (ICLR)},
  month = {April},
  note = {\url{https://openreview.net/forum?id=BJ6oOfqge}},
  openalex = {W2951970475},
  publisher = {OpenReview.net},
  series = {Conference Track Proceedings},
  title = {Temporal Ensembling for Semi-Supervised Learning},
  year = {2017}
}

@inproceedings{larsson2017fractalnet,
  address = {Toulon, France},
  author = {Larsson, Gustav and Maire, Michael and Shakhnarovich, Gregory},
  booktitle = {5th International Conference on Learning Representations (ICLR)},
  month = {April},
  note = {\url{https://openreview.net/forum?id=S1VaB4cex}},
  openalex = {W2408279554},
  publisher = {OpenReview.net},
  series = {Conference Track Proceedings},
  title = {FractalNet: Ultra-Deep Neural Networks without Residuals},
  year = {2017}
}

@inproceedings{laurent2017recurrent,
  address = {Toulon, France},
  author = {Laurent, Thomas and Brecht, James H. von},
  booktitle = {5th International Conference on Learning Representations (ICLR)},
  month = {April},
  note = {\url{https://openreview.net/forum?id=S1dIzvclg}},
  openalex = {W2963015328},
  publisher = {OpenReview.net},
  series = {Conference Track Proceedings},
  title = {A recurrent neural network without chaos},
  year = {2017}
}

@inproceedings{lazaridou2017multiagent,
  address = {Toulon, France},
  author = {Lazaridou, Angeliki and Peysakhovich, Alexander and Baroni, Marco},
  booktitle = {5th International Conference on Learning Representations (ICLR)},
  month = {April},
  note = {\url{https://openreview.net/forum?id=Hk8N3Sclg}},
  openalex = {W2950472486},
  publisher = {OpenReview.net},
  series = {Conference Track Proceedings},
  title = {Multi-Agent Cooperation and the Emergence of (Natural) Language},
  year = {2017}
}

@inproceedings{lee2017learning,
  address = {Toulon, France},
  author = {Lee, Alex X. and Levine, Sergey and Abbeel, Pieter},
  booktitle = {5th International Conference on Learning Representations (ICLR)},
  month = {April},
  note = {\url{https://openreview.net/forum?id=r1YNw6sxg}},
  openalex = {W2605048551},
  publisher = {OpenReview.net},
  series = {Conference Track Proceedings},
  title = {Learning Visual Servoing with Deep Features and Fitted Q-Iteration},
  year = {2017}
}

@inproceedings{li2017dialogue,
  address = {Toulon, France},
  author = {Li, Jiwei and Miller, Alexander and Chopra, Sumit and Ranzato, Marc’Aurelio and Weston, Jason},
  booktitle = {5th International Conference on Learning Representations (ICLR)},
  month = {April},
  note = {\url{https://openreview.net/forum?id=HJgXCV9xx}},
  openalex = {W2950314731},
  publisher = {OpenReview.net},
  series = {Conference Track Proceedings},
  title = {Dialogue Learning With Human-In-The-Loop},
  year = {2017}
}

@inproceedings{li2017filter,
  address = {Toulon, France},
  author = {Li, Xingyi and Li, Fuxin and Fern, Xiaoli Z. and Raich, Raviv},
  booktitle = {5th International Conference on Learning Representations (ICLR)},
  month = {April},
  note = {\url{https://openreview.net/forum?id=S1TER2oll}},
  openalex = {W2752502194},
  publisher = {OpenReview.net},
  series = {Conference Track Proceedings},
  title = {FILTER SHAPING FOR CONVOLUTIONAL NEURAL NETWORKS},
  year = {2017}
}

@inproceedings{li2017hyperband,
  address = {Toulon, France},
  author = {Li, Lisha and Jamieson, Kevin and DeSalvo, Giulia and Rostamizadeh, Afshin and Talwalkar, Ameet},
  booktitle = {5th International Conference on Learning Representations (ICLR)},
  month = {April},
  note = {\url{https://openreview.net/forum?id=ry18Ww5ee}},
  openalex = {W2752331852},
  publisher = {OpenReview.net},
  series = {Conference Track Proceedings},
  title = {Hyperband: Bandit-Based Configuration Evaluation for Hyperparameter Optimization},
  year = {2017}
}

@inproceedings{li2017learninga,
  address = {Toulon, France},
  author = {Li, Ke and Malik, Jitendra},
  booktitle = {5th International Conference on Learning Representations (ICLR)},
  month = {April},
  note = {\url{https://openreview.net/forum?id=ry4Vrt5gl}},
  publisher = {OpenReview.net},
  series = {Conference Track Proceedings},
  title = {Learning to Optimize},
  year = {2017}
}

@inproceedings{li2017learningb,
  address = {Toulon, France},
  author = {Li, Jiwei and Miller, Alexander and Chopra, Sumit and Ranzato, Marc’Aurelio and Weston, Jason},
  booktitle = {5th International Conference on Learning Representations (ICLR)},
  month = {April},
  note = {\url{https://openreview.net/forum?id=rkE8pVcle}},
  openalex = {W2579486552},
  publisher = {OpenReview.net},
  series = {Conference Track Proceedings},
  title = {Learning through Dialogue Interactions by Asking Questions},
  year = {2017}
}

@inproceedings{li2017neural,
  address = {Toulon, France},
  author = {Li, Chengtao and Tarlow, Daniel and Gaunt, Alexander L. and Brockschmidt, Marc and Kushman, Nate},
  booktitle = {5th International Conference on Learning Representations (ICLR)},
  month = {April},
  note = {\url{https://openreview.net/forum?id=HJjiFK5gx}},
  openalex = {W2605023530},
  publisher = {OpenReview.net},
  series = {Conference Track Proceedings},
  title = {Neural Program Lattices},
  year = {2017}
}

@inproceedings{li2017pruning,
  address = {Toulon, France},
  author = {Li, Hao and Kadav, Asim and Đurđanović, Igor and Samet, Hanan and Graf, Hans Peter},
  booktitle = {5th International Conference on Learning Representations (ICLR)},
  month = {April},
  note = {\url{https://openreview.net/forum?id=rJqFGTslg}},
  openalex = {W2962965870},
  publisher = {OpenReview.net},
  series = {Conference Track Proceedings},
  title = {Pruning Filters for Efficient ConvNets},
  year = {2017}
}

@inproceedings{liang2017why,
  address = {Toulon, France},
  author = {Liang, Shiyu and Srikant, R.},
  booktitle = {5th International Conference on Learning Representations (ICLR)},
  month = {April},
  note = {\url{https://openreview.net/forum?id=SkpSlKIel}},
  openalex = {W2951548721},
  publisher = {OpenReview.net},
  series = {Conference Track Proceedings},
  title = {Why Deep Neural Networks for Function Approximation},
  year = {2017}
}

@inproceedings{lin2017structured,
  address = {Toulon, France},
  author = {Lin, Zhouhan and Feng, Minwei and Santos, Cícero Nogueira dos and Yu, Mo and Xiang, Bing and Zhou, Bowen and Bengio, Yoshua},
  booktitle = {5th International Conference on Learning Representations (ICLR)},
  month = {April},
  note = {\url{https://openreview.net/forum?id=BJC_jUqxe}},
  openalex = {W2597655663},
  publisher = {OpenReview.net},
  series = {Conference Track Proceedings},
  title = {A Structured Self-attentive Sentence Embedding},
  year = {2017}
}

@inproceedings{lin2017transfer,
  address = {Toulon, France},
  author = {Lin, Xingyu and Wang, Hao and Li, Zhihao and Zhang, Yimeng and Yuille, Alan and Lee, Tai Sing},
  booktitle = {5th International Conference on Learning Representations (ICLR)},
  month = {April},
  note = {\url{https://openreview.net/forum?id=B1gtu5ilg}},
  openalex = {W2604796864},
  publisher = {OpenReview.net},
  series = {Conference Track Proceedings},
  title = {Transfer of View-manifold Learning to Similarity Perception of Novel Objects},
  year = {2017}
}

@inproceedings{liu2017delving,
  address = {Toulon, France},
  author = {Liu, Yanpei and Chen, Xinyun and Liu, Chang and Song, Dawn},
  booktitle = {5th International Conference on Learning Representations (ICLR)},
  month = {April},
  note = {\url{https://openreview.net/forum?id=Sys6GJqxl}},
  openalex = {W2570685808},
  publisher = {OpenReview.net},
  series = {Conference Track Proceedings},
  title = {Delving into Transferable Adversarial Examples and Black-box Attacks},
  year = {2017}
}

@inproceedings{loaizaganem2017maximum,
  address = {Toulon, France},
  author = {Loaiza-Ganem, Gabriel and Gao, Yuanjun and Cunningham, John P.},
  booktitle = {5th International Conference on Learning Representations (ICLR)},
  month = {April},
  note = {\url{https://openreview.net/forum?id=H1acq85gx}},
  openalex = {W2575378359},
  publisher = {OpenReview.net},
  series = {Conference Track Proceedings},
  title = {Maximum Entropy Flow Networks},
  year = {2017}
}

@inproceedings{looks2017deep,
  address = {Toulon, France},
  author = {Looks, Moshe and Herreshoff, Marcello and Hutchins, DeLesley and Norvig, Peter},
  booktitle = {5th International Conference on Learning Representations (ICLR)},
  month = {April},
  note = {\url{https://openreview.net/forum?id=ryrGawqex}},
  openalex = {W2586850891},
  publisher = {OpenReview.net},
  series = {Conference Track Proceedings},
  title = {Deep Learning with Dynamic Computation Graphs},
  year = {2017}
}

@inproceedings{lopezpaz2017revisiting,
  address = {Toulon, France},
  author = {López-Paz, David and Oquab, Maxime},
  booktitle = {5th International Conference on Learning Representations (ICLR)},
  month = {April},
  note = {\url{https://openreview.net/forum?id=SJkXfE5xx}},
  openalex = {W2964000438},
  publisher = {OpenReview.net},
  series = {Conference Track Proceedings},
  title = {Revisiting classifier two-sample tests},
  year = {2017}
}

@inproceedings{loshchilov2017sgdr,
  address = {Toulon, France},
  author = {Loshchilov, Ilya and Hutter, Frank},
  booktitle = {5th International Conference on Learning Representations (ICLR)},
  month = {April},
  note = {\url{https://openreview.net/forum?id=Skq89Scxx}},
  openalex = {W2963263347},
  publisher = {OpenReview.net},
  series = {Conference Track Proceedings},
  title = {SGDR: Stochastic Gradient Descent with Warm Restarts},
  year = {2017}
}

@inproceedings{lotter2017deep,
  address = {Toulon, France},
  author = {Lotter, William and Kreiman, Gabriel and Cox, David D.},
  booktitle = {5th International Conference on Learning Representations (ICLR)},
  month = {April},
  note = {\url{https://openreview.net/forum?id=B1ewdt9xe}},
  publisher = {OpenReview.net},
  series = {Conference Track Proceedings},
  title = {Deep Predictive Coding Networks for Video Prediction and Unsupervised Learning},
  year = {2017}
}

@inproceedings{ma2017dropout,
  address = {Toulon, France},
  author = {Ma, Xuezhe and Gao, Yingkai and Hu, Zhiting and Yu, Yaoliang and Deng, Yuntian and Hovy, Eduard},
  booktitle = {5th International Conference on Learning Representations (ICLR)},
  month = {April},
  note = {\url{https://openreview.net/forum?id=rkGabzZgl}},
  openalex = {W2963654130},
  publisher = {OpenReview.net},
  series = {Conference Track Proceedings},
  title = {Dropout with Expectation-linear Regularization},
  year = {2017}
}

@inproceedings{maddison2017concrete,
  address = {Toulon, France},
  author = {Maddison, Chris J. and Mnih, Andriy and Teh, Yee Whye},
  booktitle = {5th International Conference on Learning Representations (ICLR)},
  month = {April},
  note = {\url{https://openreview.net/forum?id=S1jE5L5gl}},
  openalex = {W2548228487},
  publisher = {OpenReview.net},
  series = {Conference Track Proceedings},
  title = {The Concrete Distribution: A Continuous Relaxation of Discrete Random Variables},
  year = {2017}
}

@inproceedings{mehri2017samplernn,
  address = {Toulon, France},
  author = {Mehri, Soroush and Kumar, Kundan and Gulrajani, Ishaan and Kumar, Rithesh and Jain, Shubham and Sotelo, Jose and Courville, Aaron and Bengio, Yoshua},
  booktitle = {5th International Conference on Learning Representations (ICLR)},
  month = {April},
  note = {\url{https://openreview.net/forum?id=SkxKPDv5xl}},
  openalex = {W2584032004},
  publisher = {OpenReview.net},
  series = {Conference Track Proceedings},
  title = {SampleRNN: An Unconditional End-to-End Neural Audio Generation Model},
  year = {2017}
}

@inproceedings{merity2017pointer,
  address = {Toulon, France},
  author = {Merity, Stephen and Xiong, Caiming and Bradbury, James T. and Socher, Richard},
  booktitle = {5th International Conference on Learning Representations (ICLR)},
  month = {April},
  note = {\url{https://openreview.net/forum?id=Byj72udxe}},
  openalex = {W4298422451},
  publisher = {OpenReview.net},
  series = {Conference Track Proceedings},
  title = {Pointer Sentinel Mixture Models},
  year = {2017}
}

@inproceedings{metz2017unrolled,
  address = {Toulon, France},
  author = {Metz, Luke and Poole, Ben and Pfau, David and Sohl‐Dickstein, Jascha},
  booktitle = {5th International Conference on Learning Representations (ICLR)},
  month = {April},
  note = {\url{https://openreview.net/forum?id=BydrOIcle}},
  openalex = {W2554314924},
  publisher = {OpenReview.net},
  series = {Conference Track Proceedings},
  title = {Unrolled Generative Adversarial Networks},
  year = {2017}
}

@inproceedings{metzen2017on,
  address = {Toulon, France},
  author = {Metzen, Jan Hendrik and Genewein, Tim and Fischer, Volker and Bischoff, Bastian},
  booktitle = {5th International Conference on Learning Representations (ICLR)},
  month = {April},
  note = {\url{https://openreview.net/forum?id=SJzCSf9xg}},
  openalex = {W2950468330},
  publisher = {OpenReview.net},
  series = {Conference Track Proceedings},
  title = {On Detecting Adversarial Perturbations},
  year = {2017}
}

@inproceedings{mirowski2017learning,
  address = {Toulon, France},
  author = {Mirowski, Piotr and Pascanu, Razvan and Viola, Fabio and Soyer, Hubert and Ballard, Andrew J. and Banino, Andrea and Denil, Misha and Goroshin, Ross and Sifre, Laurent and Kavukcuoglu, Koray and Kumaran, Dharshan and Hadsell, Raia},
  booktitle = {5th International Conference on Learning Representations (ICLR)},
  month = {April},
  note = {\url{https://openreview.net/forum?id=SJMGPrcle}},
  openalex = {W2567015638},
  publisher = {OpenReview.net},
  series = {Conference Track Proceedings},
  title = {Learning to Navigate in Complex Environments},
  year = {2017}
}

@inproceedings{miyato2017adversarial,
  address = {Toulon, France},
  author = {Miyato, Takeru and Dai, Andrew M. and Goodfellow, Ian},
  booktitle = {5th International Conference on Learning Representations (ICLR)},
  month = {April},
  note = {\url{https://openreview.net/forum?id=r1X3g2_xl}},
  openalex = {W4300996741},
  publisher = {OpenReview.net},
  series = {Conference Track Proceedings},
  title = {Adversarial Training Methods for Semi-Supervised Text Classification},
  year = {2017}
}

@inproceedings{molchanov2017pruning,
  address = {Toulon, France},
  author = {Molchanov, Pavlo and Tyree, Stephen and Karras, Tero and Aila, Timo and Kautz, Jan},
  booktitle = {5th International Conference on Learning Representations (ICLR)},
  month = {April},
  note = {\url{https://openreview.net/forum?id=SJGCiw5gl}},
  openalex = {W2707890836},
  publisher = {OpenReview.net},
  series = {Conference Track Proceedings},
  title = {Pruning Convolutional Neural Networks for Resource Efficient Inference},
  year = {2017}
}

@inproceedings{moreau2017understanding,
  address = {Toulon, France},
  author = {Moreau, Thomas and Bruna, Joan},
  booktitle = {5th International Conference on Learning Representations (ICLR)},
  month = {April},
  note = {\url{https://openreview.net/forum?id=SJGPL9Dex}},
  openalex = {W2963239776},
  publisher = {OpenReview.net},
  series = {Conference Track Proceedings},
  title = {Understanding Trainable Sparse Coding with Matrix Factorization},
  year = {2017}
}

@inproceedings{mu2017geometry,
  address = {Toulon, France},
  author = {Mu, Jiaqi and Bhat, Suma and Viswanath, Pramod},
  booktitle = {5th International Conference on Learning Representations (ICLR)},
  month = {April},
  note = {\url{https://openreview.net/forum?id=HJpfMIFll}},
  openalex = {W2963677631},
  publisher = {OpenReview.net},
  series = {Conference Track Proceedings},
  title = {Geometry of polysemy},
  year = {2017}
}

@inproceedings{munkhdalai2017reasoning,
  address = {Toulon, France},
  author = {Munkhdalai, Tsendsuren and Yu, Hong},
  booktitle = {5th International Conference on Learning Representations (ICLR)},
  month = {April},
  note = {\url{https://openreview.net/forum?id=Hk8TGSKlg}},
  openalex = {W2950065537},
  publisher = {OpenReview.net},
  series = {Conference Track Proceedings},
  title = {Reasoning with Memory Augmented Neural Networks for Language Comprehension},
  year = {2017}
}

@inproceedings{murdoch2017automatic,
  address = {Toulon, France},
  author = {Murdoch, W. James and Szlam, Arthur},
  booktitle = {5th International Conference on Learning Representations (ICLR)},
  month = {April},
  note = {\url{https://openreview.net/forum?id=SJvYgH9xe}},
  publisher = {OpenReview.net},
  series = {Conference Track Proceedings},
  title = {Automatic Rule Extraction from Long Short Term Memory Networks},
  year = {2017}
}

@inproceedings{nachum2017improving,
  address = {Toulon, France},
  author = {Nachum, Ofir and Norouzi, Mohammad and Schuurmans, Dale},
  booktitle = {5th International Conference on Learning Representations (ICLR)},
  month = {April},
  note = {\url{https://openreview.net/forum?id=ryT4pvqll}},
  openalex = {W2953220522},
  publisher = {OpenReview.net},
  series = {Conference Track Proceedings},
  title = {Improving Policy Gradient by Exploring Under-appreciated Rewards},
  year = {2017}
}

@inproceedings{nalisnick2017stickbreaking,
  address = {Toulon, France},
  author = {Nalisnick, Eric and Smyth, Padhraic},
  booktitle = {5th International Conference on Learning Representations (ICLR)},
  month = {April},
  note = {\url{https://openreview.net/forum?id=S1jmAotxg}},
  openalex = {W2567691283},
  publisher = {OpenReview.net},
  series = {Conference Track Proceedings},
  title = {Stick-Breaking Variational Autoencoders},
  year = {2017}
}

@inproceedings{narang2017exploring,
  address = {Toulon, France},
  author = {Narang, Sharan and Elsen, Erich and Diamos, Gregory and Sengupta, Shubho},
  booktitle = {5th International Conference on Learning Representations (ICLR)},
  month = {April},
  note = {\url{https://openreview.net/forum?id=BylSPv9gx}},
  openalex = {W2608554408},
  publisher = {OpenReview.net},
  series = {Conference Track Proceedings},
  title = {Exploring Sparsity in Recurrent Neural Networks},
  year = {2017}
}

@inproceedings{neelakantan2017learning,
  address = {Toulon, France},
  author = {Neelakantan, Arvind and Le, Quoc V. and Abadi, Martı́n and McCallum, Andrew and Amodei, Dario},
  booktitle = {5th International Conference on Learning Representations (ICLR)},
  month = {April},
  note = {\url{https://openreview.net/forum?id=ry2YOrcge}},
  openalex = {W2949800357},
  publisher = {OpenReview.net},
  series = {Conference Track Proceedings},
  title = {Learning a Natural Language Interface with Neural Programmer},
  year = {2017}
}

@inproceedings{o2017sigma,
  address = {Toulon, France},
  author = {O’Connor, Peter and Welling, Max},
  booktitle = {5th International Conference on Learning Representations (ICLR)},
  month = {April},
  note = {\url{https://openreview.net/forum?id=HkNRsU5ge}},
  openalex = {W2963439282},
  publisher = {OpenReview.net},
  series = {Conference Track Proceedings},
  title = {Sigma Delta Quantized Networks},
  year = {2017}
}

@inproceedings{odonoghue2017combining,
  address = {Toulon, France},
  author = {O’Donoghue, Brendan and Munos, Rémi and Kavukcuoglu, Koray and Mnih, Volodymyr},
  booktitle = {5th International Conference on Learning Representations (ICLR)},
  month = {April},
  note = {\url{https://openreview.net/forum?id=B1kJ6H9ex}},
  openalex = {W2554120691},
  publisher = {OpenReview.net},
  series = {Conference Track Proceedings},
  title = {Combining policy gradient and Q-learning},
  year = {2017}
}

@inproceedings{pai2017learning,
  address = {Toulon, France},
  author = {Pai, Gautam and Wetzler, Aaron and Kimmel, Ron},
  booktitle = {5th International Conference on Learning Representations (ICLR)},
  month = {April},
  note = {\url{https://openreview.net/forum?id=BymIbLKgl}},
  openalex = {W2949172865},
  publisher = {OpenReview.net},
  series = {Conference Track Proceedings},
  title = {Learning Invariant Representations Of Planar Curves},
  year = {2017}
}

@inproceedings{papernot2017semisupervised,
  address = {Toulon, France},
  author = {Papernot, Nicolas and Abadi, Martı́n and Erlingsson, Úlfar and Goodfellow, Ian and Talwar, Kunal},
  booktitle = {5th International Conference on Learning Representations (ICLR)},
  month = {April},
  note = {\url{https://openreview.net/forum?id=HkwoSDPgg}},
  openalex = {W4297799122},
  publisher = {OpenReview.net},
  series = {Conference Track Proceedings},
  title = {Semi-supervised Knowledge Transfer for Deep Learning from Private Training Data},
  year = {2017}
}

@inproceedings{parisotto2017neurosymbolic,
  address = {Toulon, France},
  author = {Parisotto, Emilio and Mohamed, Abdelrahman and Singh, Rishabh and Li, Lihong and Zhou, Dengyong and Kohli, Pushmeet},
  booktitle = {5th International Conference on Learning Representations (ICLR)},
  month = {April},
  note = {\url{https://openreview.net/forum?id=rJ0JwFcex}},
  openalex = {W2550120381},
  publisher = {OpenReview.net},
  series = {Conference Track Proceedings},
  title = {Neuro-Symbolic Program Synthesis},
  year = {2017}
}

@inproceedings{park2017faster,
  address = {Toulon, France},
  author = {Park, Jongsoo and Li, Sheng R. and Wen, Wei and Tang, Ping and Li, Hai and Chen, Yiran and Dubey, Pradeep},
  booktitle = {5th International Conference on Learning Representations (ICLR)},
  month = {April},
  note = {\url{https://openreview.net/forum?id=rJPcZ3txx}},
  openalex = {W2963705792},
  publisher = {OpenReview.net},
  series = {Conference Track Proceedings},
  title = {Faster CNNs with Direct Sparse Convolutions and Guided Pruning},
  year = {2017}
}

@inproceedings{philipp2017nonparametric,
  address = {Toulon, France},
  author = {Philipp, George and Carbonell, Jaime},
  booktitle = {5th International Conference on Learning Representations (ICLR)},
  month = {April},
  note = {\url{https://openreview.net/forum?id=BJK3Xasel}},
  openalex = {W2753089234},
  publisher = {OpenReview.net},
  series = {Conference Track Proceedings},
  title = {Nonparametric Neural Networks},
  year = {2017}
}

@inproceedings{purushotham2017variational,
  address = {Toulon, France},
  author = {Purushotham, Sanjay and Carvalho, Wilka and Nilanon, Tanachat and Liu, Yan},
  booktitle = {5th International Conference on Learning Representations (ICLR)},
  month = {April},
  note = {\url{https://openreview.net/forum?id=rk9eAFcxg}},
  openalex = {W2751528152},
  publisher = {OpenReview.net},
  series = {Conference Track Proceedings},
  title = {Variational Recurrent Adversarial Deep Domain Adaptation},
  year = {2017}
}

@inproceedings{qi2017paleo,
  address = {Toulon, France},
  author = {Qi, Hang and Sparks, Evan and Talwalkar, Ameet},
  booktitle = {5th International Conference on Learning Representations (ICLR)},
  month = {April},
  note = {\url{https://openreview.net/forum?id=SyVVJ85lg}},
  openalex = {W2752512710},
  publisher = {OpenReview.net},
  series = {Conference Track Proceedings},
  title = {Paleo: A Performance Model for Deep Neural Networks},
  year = {2017}
}

@inproceedings{rajeswaran2017epopt,
  address = {Toulon, France},
  author = {Rajeswaran, Aravind and Ghotra, Sarvjeet and Ravindran, Balaraman and Levine, Sergey},
  booktitle = {5th International Conference on Learning Representations (ICLR)},
  month = {April},
  note = {\url{https://openreview.net/forum?id=SyWvgP5el}},
  openalex = {W2529477964},
  publisher = {OpenReview.net},
  series = {Conference Track Proceedings},
  title = {EPOpt: Learning Robust Neural Network Policies Using Model Ensembles},
  year = {2017}
}

@inproceedings{ravi2017optimization,
  address = {Toulon, France},
  author = {Ravi, Sachin and Larochelle, Hugo},
  booktitle = {5th International Conference on Learning Representations (ICLR)},
  month = {April},
  note = {\url{https://openreview.net/forum?id=rJY0-Kcll}},
  openalex = {W2753160622},
  publisher = {OpenReview.net},
  series = {Conference Track Proceedings},
  title = {Optimization as a Model for Few-Shot Learning},
  year = {2017}
}

@inproceedings{ren2017normalizing,
  address = {Toulon, France},
  author = {Ren, Mengye and Liao, Renjie and Urtasun, Raquel and Sinz, Fabian H. and Zemel, Richard S.},
  booktitle = {5th International Conference on Learning Representations (ICLR)},
  month = {April},
  note = {\url{https://openreview.net/forum?id=rk5upnsxe}},
  openalex = {W2568343048},
  publisher = {OpenReview.net},
  series = {Conference Track Proceedings},
  title = {Normalizing the Normalizers: Comparing and Extending Network Normalization Schemes},
  year = {2017}
}

@inproceedings{rodriguez2017regularizing,
  address = {Toulon, France},
  author = {Rodríguez, Pau and Gonzàlez, Jordi and Cucurull, Guillem and Gonfaus, Josep M. and Roca, Xavier},
  booktitle = {5th International Conference on Learning Representations (ICLR)},
  month = {April},
  note = {\url{https://openreview.net/forum?id=ByOvsIqeg}},
  openalex = {W2553902701},
  publisher = {OpenReview.net},
  series = {Conference Track Proceedings},
  title = {Regularizing CNNs with Locally Constrained Decorrelations},
  year = {2017}
}

@inproceedings{rolfe2017discrete,
  address = {Toulon, France},
  author = {Rolfe, Jason Tyler},
  booktitle = {5th International Conference on Learning Representations (ICLR)},
  month = {April},
  note = {\url{https://openreview.net/forum?id=ryMxXPFex}},
  openalex = {W2963532523},
  publisher = {OpenReview.net},
  series = {Conference Track Proceedings},
  title = {Discrete Variational Autoencoders},
  year = {2017}
}

@inproceedings{romero2017diet,
  address = {Toulon, France},
  author = {Romero, Adriana and Carrier, Pierre and Erraqabi, Akram and Sylvain, Tristan and Auvolat, Alex and Dejoie, Etienne and Legault, Marc‐André and Dubé, Marie‐Pierre and Hussin, Julie and Bengio, Yoshua},
  booktitle = {5th International Conference on Learning Representations (ICLR)},
  month = {April},
  note = {\url{https://openreview.net/forum?id=Sk-oDY9ge}},
  openalex = {W2951482750},
  publisher = {OpenReview.net},
  series = {Conference Track Proceedings},
  title = {Diet Networks: Thin Parameters for Fat Genomics},
  year = {2017}
}

@inproceedings{roux2017tighter,
  address = {Toulon, France},
  author = {Roux, Nicolas Le},
  booktitle = {5th International Conference on Learning Representations (ICLR)},
  month = {April},
  note = {\url{https://openreview.net/forum?id=HyAbMKwxe}},
  openalex = {W2962808494},
  publisher = {OpenReview.net},
  series = {Conference Track Proceedings},
  title = {Tighter bounds lead to improved classifiers},
  year = {2017}
}

@inproceedings{salimans2017pixelcnn,
  address = {Toulon, France},
  author = {Salimans, Tim and Karpathy, Andrej and Chen, Xi and Kingma, Diederik P.},
  booktitle = {5th International Conference on Learning Representations (ICLR)},
  month = {April},
  note = {\url{https://openreview.net/forum?id=BJrFC6ceg}},
  openalex = {W2964122153},
  publisher = {OpenReview.net},
  series = {Conference Track Proceedings},
  title = {PixelCNN++: Improving the PixelCNN with Discretized Logistic Mixture Likelihood and Other Modifications},
  year = {2017}
}

@inproceedings{schoenholz2017deep,
  address = {Toulon, France},
  author = {Schoenholz, Samuel S. and Gilmer, Justin and Ganguli, Surya and Sohl‐Dickstein, Jascha},
  booktitle = {5th International Conference on Learning Representations (ICLR)},
  month = {April},
  note = {\url{https://openreview.net/forum?id=H1W1UN9gg}},
  openalex = {W2962804662},
  publisher = {OpenReview.net},
  series = {Conference Track Proceedings},
  title = {Deep Information Propagation},
  year = {2017}
}

@inproceedings{seo2017bidirectional,
  address = {Toulon, France},
  author = {Seo, Min Joon and Kembhavi, Aniruddha and Farhadi, Ali and Hajishirzi, Hannaneh},
  booktitle = {5th International Conference on Learning Representations (ICLR)},
  month = {April},
  note = {\url{https://openreview.net/forum?id=HJ0UKP9ge}},
  openalex = {W2551396370},
  publisher = {OpenReview.net},
  series = {Conference Track Proceedings},
  title = {Bidirectional Attention Flow for Machine Comprehension},
  year = {2017}
}

@inproceedings{seo2017queryreduction,
  address = {Toulon, France},
  author = {Seo, Minjoon and Min, Sewon and Farhadi, Ali and Hajishirzi, Hannaneh},
  booktitle = {5th International Conference on Learning Representations (ICLR)},
  month = {April},
  note = {\url{https://openreview.net/forum?id=B1MRcPclx}},
  openalex = {W2565031282},
  publisher = {OpenReview.net},
  series = {Conference Track Proceedings},
  title = {Query-Reduction Networks for Question Answering},
  year = {2017}
}

@inproceedings{sharma2017learning,
  address = {Toulon, France},
  author = {Sharma, Sahil and Lakshminarayanan, Aravind S. and Ravindran, Balaraman},
  booktitle = {5th International Conference on Learning Representations (ICLR)},
  month = {April},
  note = {\url{https://openreview.net/forum?id=B1GOWV5eg}},
  openalex = {W2592915494},
  publisher = {OpenReview.net},
  series = {Conference Track Proceedings},
  title = {Learning to Repeat: Fine Grained Action Repetition for Deep Reinforcement Learning},
  year = {2017}
}

@inproceedings{shazeer2017outrageously,
  address = {Toulon, France},
  author = {Shazeer, Noam and Mirhoseini, Azalia and Maziarz, Krzysztof and Davis, Andy and Le, Quoc V. and Hinton, Geoffrey E. and Dean, Jeff},
  booktitle = {5th International Conference on Learning Representations (ICLR)},
  month = {April},
  note = {\url{https://openreview.net/forum?id=B1ckMDqlg}},
  openalex = {W2952339051},
  publisher = {OpenReview.net},
  series = {Conference Track Proceedings},
  title = {Outrageously Large Neural Networks: The Sparsely-Gated Mixture-of-Experts Layer},
  year = {2017}
}

@inproceedings{sinha2017introspection,
  address = {Toulon, France},
  author = {Sinha, Abhishek and Sarkar, Mausoom and Mukherjee, Aahitagni and Krishnamurthy, Balaji},
  booktitle = {5th International Conference on Learning Representations (ICLR)},
  month = {April},
  note = {\url{https://openreview.net/forum?id=Hkg8bDqee}},
  openalex = {W2952943736},
  publisher = {OpenReview.net},
  series = {Conference Track Proceedings},
  title = {Introspection: Accelerating Neural Network Training By Learning Weight Evolution},
  year = {2017}
}

@inproceedings{smith2017offline,
  address = {Toulon, France},
  author = {Smith, Samuel and Turban, David H. P. and Hamblin, Steven and Hammerla, Nils},
  booktitle = {5th International Conference on Learning Representations (ICLR)},
  month = {April},
  note = {\url{https://openreview.net/forum?id=r1Aab85gg}},
  openalex = {W2952190837},
  publisher = {OpenReview.net},
  series = {Conference Track Proceedings},
  title = {Offline bilingual word vectors, orthogonal transformations and the inverted softmax},
  year = {2017}
}

@inproceedings{sonderby2017amortised,
  address = {Toulon, France},
  author = {Sønderby, Casper Kaae and Caballero, J. A. and Theis, Lucas and Shi, Wenzhe and Huszár, Ferenc},
  booktitle = {5th International Conference on Learning Representations (ICLR)},
  month = {April},
  note = {\url{https://openreview.net/forum?id=S1RP6GLle}},
  openalex = {W2950560720},
  publisher = {OpenReview.net},
  series = {Conference Track Proceedings},
  title = {Amortised MAP Inference for Image Super-resolution},
  year = {2017}
}

@inproceedings{srivastava2017autoencoding,
  address = {Toulon, France},
  author = {Srivastava, Akash and Sutton, Charles},
  booktitle = {5th International Conference on Learning Representations (ICLR)},
  month = {April},
  note = {\url{https://openreview.net/forum?id=BybtVK9lg}},
  openalex = {W2952478253},
  publisher = {OpenReview.net},
  series = {Conference Track Proceedings},
  title = {Autoencoding Variational Inference For Topic Models},
  year = {2017}
}

@inproceedings{stadie2017third,
  address = {Toulon, France},
  author = {Stadie, Bradly C. and Abbeel, Pieter and Sutskever, Ilya},
  booktitle = {5th International Conference on Learning Representations (ICLR)},
  month = {April},
  note = {\url{https://openreview.net/forum?id=B16dGcqlx}},
  openalex = {W2591957724},
  publisher = {OpenReview.net},
  series = {Conference Track Proceedings},
  title = {Third-Person Imitation Learning},
  year = {2017}
}

@inproceedings{taigman2017unsupervised,
  address = {Toulon, France},
  author = {Taigman, Yaniv and Polyak, Adam and Wolf, Lior},
  booktitle = {5th International Conference on Learning Representations (ICLR)},
  month = {April},
  note = {\url{https://openreview.net/forum?id=Sk2Im59ex}},
  openalex = {W4293398859},
  publisher = {OpenReview.net},
  series = {Conference Track Proceedings},
  title = {Unsupervised Cross-Domain Image Generation},
  year = {2017}
}

@inproceedings{theis2017lossy,
  address = {Toulon, France},
  author = {Theis, Lucas and Shi, Wenzhe and Cunningham, Andrew A. and Huszár, Ferenc},
  booktitle = {5th International Conference on Learning Representations (ICLR)},
  month = {April},
  note = {\url{https://openreview.net/forum?id=rJiNwv9gg}},
  openalex = {W4294567867},
  publisher = {OpenReview.net},
  series = {Conference Track Proceedings},
  title = {Lossy Image Compression with Compressive Autoencoders},
  year = {2017}
}

@inproceedings{thickstun2017learning,
  address = {Toulon, France},
  author = {Thickstun, John and Harchaoui, Zaïd and Kakade, Sham M.},
  booktitle = {5th International Conference on Learning Representations (ICLR)},
  month = {April},
  note = {\url{https://openreview.net/forum?id=rkFBJv9gg}},
  openalex = {W2559688696},
  publisher = {OpenReview.net},
  series = {Conference Track Proceedings},
  title = {Learning Features of Music from Scratch},
  year = {2017}
}

@inproceedings{tran2017deep,
  address = {Toulon, France},
  author = {Tran, Dustin and Hoffman, Matthew D. and Saurous, Rif A. and Brevdo, Eugene and Murphy, Kevin and Blei, David M.},
  booktitle = {5th International Conference on Learning Representations (ICLR)},
  month = {April},
  note = {\url{https://openreview.net/forum?id=Hy6b4Pqee}},
  openalex = {W2574963492},
  publisher = {OpenReview.net},
  series = {Conference Track Proceedings},
  title = {Deep Probabilistic Programming},
  year = {2017}
}

@inproceedings{ullrich2017soft,
  address = {Toulon, France},
  author = {Ullrich, Karen and Meeds, Edward and Welling, Max},
  booktitle = {5th International Conference on Learning Representations (ICLR)},
  month = {April},
  note = {\url{https://openreview.net/forum?id=HJGwcKclx}},
  openalex = {W2952746978},
  publisher = {OpenReview.net},
  series = {Conference Track Proceedings},
  title = {Soft Weight-Sharing for Neural Network Compression},
  year = {2017}
}

@inproceedings{urban2017do,
  address = {Toulon, France},
  author = {Urban, Gregor and Geras, Krzysztof J. and Kahou, Samira Ebrahimi and Aslan, Özlem and Wang, Shengjie and Caruana, Rich and Mohamed, Abdelrahman and Philipose, Matthai and Richardson, Matt},
  booktitle = {5th International Conference on Learning Representations (ICLR)},
  month = {April},
  note = {\url{https://openreview.net/forum?id=r10FA8Kxg}},
  openalex = {W2300770211},
  publisher = {OpenReview.net},
  series = {Conference Track Proceedings},
  title = {Do Deep Convolutional Nets Really Need to be Deep and Convolutional},
  year = {2017}
}

@inproceedings{ustyuzhaninov2017does,
  address = {Toulon, France},
  author = {Ustyuzhaninov, Ivan and Brendel, Wieland and Gatys, Leon A. and Bethge, Matthias},
  booktitle = {5th International Conference on Learning Representations (ICLR)},
  month = {April},
  note = {\url{https://openreview.net/forum?id=BJhZeLsxx}},
  openalex = {W2606956242},
  publisher = {OpenReview.net},
  series = {Conference Track Proceedings},
  title = {What does it take to generate natural textures},
  year = {2017}
}

@inproceedings{usunier2017episodic,
  address = {Toulon, France},
  author = {Usunier, Nicolas and Synnaeve, Gabriel and Lin, Zeming and Chintala, Soumith},
  booktitle = {5th International Conference on Learning Representations (ICLR)},
  month = {April},
  note = {\url{https://openreview.net/forum?id=r1LXit5ee}},
  openalex = {W2751379610},
  publisher = {OpenReview.net},
  series = {Conference Track Proceedings},
  title = {Episodic Exploration for Deep Deterministic Policies for StarCraft Micromanagement},
  year = {2017}
}

@inproceedings{villegas2017decomposing,
  address = {Toulon, France},
  author = {Villegas, Ruben and Yan, Shuicheng and Hong, Seunghoon and Lin, Xunyu and Lee, Honglak},
  booktitle = {5th International Conference on Learning Representations (ICLR)},
  month = {April},
  note = {\url{https://openreview.net/forum?id=rkEFLFqee}},
  openalex = {W2615413256},
  publisher = {OpenReview.net},
  series = {Conference Track Proceedings},
  title = {Decomposing Motion and Content for Natural Video Sequence Prediction},
  year = {2017}
}

@inproceedings{wang2017compareaggregate,
  address = {Toulon, France},
  author = {Wang, Shuohang and Jiang, Jing},
  booktitle = {5th International Conference on Learning Representations (ICLR)},
  month = {April},
  note = {\url{https://openreview.net/forum?id=HJTzHtqee}},
  openalex = {W2951528484},
  publisher = {OpenReview.net},
  series = {Conference Track Proceedings},
  title = {A Compare-Aggregate Model for Matching Text Sequences},
  year = {2017}
}

@inproceedings{wang2017machine,
  address = {Toulon, France},
  author = {Wang, Shuohang and Jiang, Jing},
  booktitle = {5th International Conference on Learning Representations (ICLR)},
  month = {April},
  note = {\url{https://openreview.net/forum?id=B1-q5Pqxl}},
  openalex = {W2516930406},
  publisher = {OpenReview.net},
  series = {Conference Track Proceedings},
  title = {Machine Comprehension Using Match-LSTM and Answer Pointer},
  year = {2017}
}

@inproceedings{wang2017sample,
  address = {Toulon, France},
  author = {Wang, Ziyu and Bapst, Victor and Heess, Nicolas and Mnih, Volodymyr and Munos, Rémi and Kavukcuoglu, Koray and Freitas, Nando de},
  booktitle = {5th International Conference on Learning Representations (ICLR)},
  month = {April},
  note = {\url{https://openreview.net/forum?id=HyM25Mqel}},
  openalex = {W2963095800},
  publisher = {OpenReview.net},
  series = {Conference Track Proceedings},
  title = {Sample Efficient Actor-Critic with Experience Replay},
  year = {2017}
}

@inproceedings{wang2017training,
  address = {Toulon, France},
  author = {Wang, Shengjie and Cai, Haoran and Bilmes, Jeff A. and Noble, William S.},
  booktitle = {5th International Conference on Learning Representations (ICLR)},
  month = {April},
  note = {\url{https://openreview.net/forum?id=Hku9NK5lx}},
  publisher = {OpenReview.net},
  series = {Conference Track Proceedings},
  title = {Training Compressed Fully-Connected Networks with a Density-Diversity Penalty},
  year = {2017}
}

@inproceedings{wardefarley2017improving,
  address = {Toulon, France},
  author = {Warde-Farley, David and Bengio, Yoshua},
  booktitle = {5th International Conference on Learning Representations (ICLR)},
  month = {April},
  note = {\url{https://openreview.net/forum?id=S1X7nhsxl}},
  openalex = {W2751842161},
  publisher = {OpenReview.net},
  series = {Conference Track Proceedings},
  title = {Improving Generative Adversarial Networks with Denoising Feature Matching},
  year = {2017}
}

@inproceedings{wu2017on,
  address = {Toulon, France},
  author = {Wu, Yuhuai and Burda, Yuri and Salakhutdinov, Ruslan and Grosse, Roger},
  booktitle = {5th International Conference on Learning Representations (ICLR)},
  month = {April},
  note = {\url{https://openreview.net/forum?id=B1M8JF9xx}},
  openalex = {W2953116488},
  publisher = {OpenReview.net},
  series = {Conference Track Proceedings},
  title = {On the Quantitative Analysis of Decoder-Based Generative Models},
  year = {2017}
}

@inproceedings{wu2017training,
  address = {Toulon, France},
  author = {Wu, Yuxin and Yu, Unknown and Tian, Ong},
  booktitle = {5th International Conference on Learning Representations (ICLR)},
  month = {April},
  note = {\url{https://openreview.net/forum?id=Hk3mPK5gg}},
  publisher = {OpenReview.net},
  series = {Conference Track Proceedings},
  title = {Training Agent for First-Person Shooter Game with Actor-Critic Curriculum Learning},
  year = {2017}
}

@inproceedings{xie2017data,
  address = {Toulon, France},
  author = {Xie, Ziang and Wang, Sida I. and Li, Jiwei and Lévy, Daniel and Nie, Aiming and Jurafsky, Dan and Ng, Andrew Y.},
  booktitle = {5th International Conference on Learning Representations (ICLR)},
  month = {April},
  note = {\url{https://openreview.net/forum?id=H1VyHY9gg}},
  openalex = {W2594978815},
  publisher = {OpenReview.net},
  series = {Conference Track Proceedings},
  title = {Data Noising as Smoothing in Neural Network Language Models},
  year = {2017}
}

@inproceedings{xiong2017dynamic,
  address = {Toulon, France},
  author = {Xiong, Caiming and Zhong, Victor and Socher, Richard},
  booktitle = {5th International Conference on Learning Representations (ICLR)},
  month = {April},
  note = {\url{https://openreview.net/forum?id=rJeKjwvclx}},
  openalex = {W2963871484},
  publisher = {OpenReview.net},
  series = {Conference Track Proceedings},
  title = {Dynamic Coattention Networks For Question Answering},
  year = {2017}
}

@inproceedings{yang2017deep,
  address = {Toulon, France},
  author = {Yang, Yongxin and Hospedales, Timothy M.},
  booktitle = {5th International Conference on Learning Representations (ICLR)},
  month = {April},
  note = {\url{https://openreview.net/forum?id=SkhU2fcll}},
  openalex = {W2952505042},
  publisher = {OpenReview.net},
  series = {Conference Track Proceedings},
  title = {Deep Multi-task Representation Learning: A Tensor Factorisation Approach},
  year = {2017}
}

@inproceedings{yang2017lieaccess,
  address = {Toulon, France},
  author = {Yang, Greg and Alex, Unknown and Rush, er M.},
  booktitle = {5th International Conference on Learning Representations (ICLR)},
  month = {April},
  note = {\url{https://openreview.net/forum?id=Byiy-Pqlx}},
  publisher = {OpenReview.net},
  series = {Conference Track Proceedings},
  title = {Lie-Access Neural Turing Machines},
  year = {2017}
}

@inproceedings{yang2017lrgan,
  address = {Toulon, France},
  author = {Yang, Jianwei and Kannan, Anitha and Batra, Dhruv and Parikh, Devi},
  booktitle = {5th International Conference on Learning Representations (ICLR)},
  month = {April},
  note = {\url{https://openreview.net/forum?id=HJ1kmv9xx}},
  openalex = {W2592101326},
  publisher = {OpenReview.net},
  series = {Conference Track Proceedings},
  title = {LR-GAN: Layered Recursive Generative Adversarial Networks for Image Generation},
  year = {2017}
}

@inproceedings{yang2017support,
  address = {Toulon, France},
  author = {Yang, Yingzhen and Yu, Jiahui and Kohli, Pushmeet and Yan, Shuicheng and Huang, Thomas S.},
  booktitle = {5th International Conference on Learning Representations (ICLR)},
  month = {April},
  note = {\url{https://openreview.net/forum?id=HkljfjFee}},
  openalex = {W2752475209},
  publisher = {OpenReview.net},
  series = {Conference Track Proceedings},
  title = {Support Regularized Sparse Coding and Its Fast Encoder},
  year = {2017}
}

@inproceedings{yang2017transfer,
  address = {Toulon, France},
  author = {Yang, Zhilin and Salakhutdinov, Ruslan and Cohen, William W.},
  booktitle = {5th International Conference on Learning Representations (ICLR)},
  month = {April},
  note = {\url{https://openreview.net/forum?id=ByxpMd9lx}},
  openalex = {W2950938254},
  publisher = {OpenReview.net},
  series = {Conference Track Proceedings},
  title = {Transfer Learning for Sequence Tagging with Hierarchical Recurrent Networks},
  year = {2017}
}

@inproceedings{yang2017words,
  address = {Toulon, France},
  author = {Yang, Zhilin and Dhingra, Bhuwan and Yuan, Ye and Hu, Junjie and Cohen, William W. and Salakhutdinov, Ruslan},
  booktitle = {5th International Conference on Learning Representations (ICLR)},
  month = {April},
  note = {\url{https://openreview.net/forum?id=B1hdzd5lg}},
  openalex = {W2964185324},
  publisher = {OpenReview.net},
  series = {Conference Track Proceedings},
  title = {Words or Characters? Fine-grained Gating for Reading Comprehension},
  year = {2017}
}

@inproceedings{yogatama2017learning,
  address = {Toulon, France},
  author = {Yogatama, Dani and Blunsom, Phil and Dyer, Chris and Grefenstette, Edward and Wang, Ling},
  booktitle = {5th International Conference on Learning Representations (ICLR)},
  month = {April},
  note = {\url{https://openreview.net/forum?id=Skvgqgqxe}},
  openalex = {W2963451457},
  publisher = {OpenReview.net},
  series = {Conference Track Proceedings},
  title = {Learning to Compose Words into Sentences with Reinforcement Learning},
  year = {2017}
}

@inproceedings{yu2017neural,
  address = {Toulon, France},
  author = {Yu, Lei and Blunsom, Phil and Dyer, Chris and Grefenstette, Edward and Kočiský, Tomáš},
  booktitle = {5th International Conference on Learning Representations (ICLR)},
  month = {April},
  note = {\url{https://openreview.net/forum?id=SJ25-B5eg}},
  openalex = {W2963833497},
  publisher = {OpenReview.net},
  series = {Conference Track Proceedings},
  title = {The Neural Noisy Channel},
  year = {2017}
}

@inproceedings{yu2017towards,
  address = {Toulon, France},
  author = {Yu, Haizi and Varshney, Lav R.},
  booktitle = {5th International Conference on Learning Representations (ICLR)},
  month = {April},
  note = {\url{https://openreview.net/forum?id=ryhqQFKgl}},
  openalex = {W2752195508},
  publisher = {OpenReview.net},
  series = {Conference Track Proceedings},
  title = {Towards Deep Interpretability (MUS-ROVER II): Learning Hierarchical Representations of Tonal Music},
  year = {2017}
}

@inproceedings{zagoruyko2017paying,
  address = {Toulon, France},
  author = {Zagoruyko, Sergey and Komodakis, Nikos},
  booktitle = {5th International Conference on Learning Representations (ICLR)},
  month = {April},
  note = {\url{https://openreview.net/forum?id=Sks9_ajex}},
  openalex = {W2561238782},
  publisher = {OpenReview.net},
  series = {Conference Track Proceedings},
  title = {Paying More Attention to Attention: Improving the Performance of Convolutional Neural Networks via Attention Transfer},
  year = {2017}
}

@inproceedings{zellinger2017central,
  address = {Toulon, France},
  author = {Zellinger, Werner and Grubinger, Thomas and Lughofer, Edwin and Natschläger, Thomas and Saminger‐Platz, Susanne},
  booktitle = {5th International Conference on Learning Representations (ICLR)},
  month = {April},
  note = {\url{https://openreview.net/forum?id=SkB-_mcel}},
  openalex = {W2963217615},
  publisher = {OpenReview.net},
  series = {Conference Track Proceedings},
  title = {Central Moment Discrepancy (CMD) for Domain-Invariant Representation Learning},
  year = {2017}
}

@inproceedings{zhang2017understanding,
  address = {Toulon, France},
  author = {Zhang, Chiyuan and Bengio, Samy and Hardt, Moritz and Recht, Benjamin and Vinyals, Oriol},
  booktitle = {5th International Conference on Learning Representations (ICLR)},
  month = {April},
  note = {\url{https://openreview.net/forum?id=Sy8gdB9xx}},
  openalex = {W3137695714},
  publisher = {OpenReview.net},
  series = {Conference Track Proceedings},
  title = {Understanding deep learning requires rethinking generalization},
  year = {2017}
}

@inproceedings{zhao2017deepdsl,
  address = {Toulon, France},
  author = {Zhao, Tian and Huang, Xiaobing and Cao, Yu},
  booktitle = {5th International Conference on Learning Representations (ICLR)},
  month = {April},
  note = {\url{https://openreview.net/forum?id=Bks8cPcxe}},
  openalex = {W2952392105},
  publisher = {OpenReview.net},
  series = {Conference Track Proceedings},
  title = {DeepDSL: A Compilation-based Domain-Specific Language for Deep Learning},
  year = {2017}
}

@inproceedings{zhao2017energy,
  address = {Toulon, France},
  author = {Zhao, Junbo Jake and Mathieu, Michaël and LeCun, Yann},
  booktitle = {5th International Conference on Learning Representations (ICLR)},
  month = {April},
  note = {\url{https://openreview.net/forum?id=ryh9pmcee}},
  publisher = {OpenReview.net},
  series = {Conference Track Proceedings},
  title = {Energy-based Generative Adversarial Networks},
  year = {2017}
}

@inproceedings{zhou2017incremental,
  address = {Toulon, France},
  author = {Zhou, Aojun and Yao, Anbang and Guo, Yiwen and Xu, Lin and Chen, Yurong},
  booktitle = {5th International Conference on Learning Representations (ICLR)},
  month = {April},
  note = {\url{https://openreview.net/forum?id=HyQJ-mclg}},
  openalex = {W2964228333},
  publisher = {OpenReview.net},
  series = {Conference Track Proceedings},
  title = {Incremental Network Quantization: Towards Lossless CNNs with Low-Precision Weights},
  year = {2017}
}

@inproceedings{zhu2017trained,
  address = {Toulon, France},
  author = {Zhu, Chenzhuo and Han, Song and Mao, Huizi and Dally, William J.},
  booktitle = {5th International Conference on Learning Representations (ICLR)},
  month = {April},
  note = {\url{https://openreview.net/forum?id=S1_pAu9xl}},
  openalex = {W2560017826},
  publisher = {OpenReview.net},
  series = {Conference Track Proceedings},
  title = {Trained Ternary Quantization},
  year = {2017}
}

@inproceedings{zintgraf2017visualizing,
  address = {Toulon, France},
  author = {Zintgraf, Luisa and Cohen, Taco and Adel, Tameem and Welling, Max},
  booktitle = {5th International Conference on Learning Representations (ICLR)},
  month = {April},
  note = {\url{https://openreview.net/forum?id=BJ5UeU9xx}},
  openalex = {W2590082389},
  publisher = {OpenReview.net},
  series = {Conference Track Proceedings},
  title = {Visualizing Deep Neural Network Decisions: Prediction Difference Analysis},
  year = {2017}
}

@inproceedings{zoph2017neural,
  address = {Toulon, France},
  author = {Zoph, Barret and Le, Quoc V.},
  booktitle = {5th International Conference on Learning Representations (ICLR)},
  month = {April},
  note = {\url{https://openreview.net/forum?id=r1Ue8Hcxg}},
  openalex = {W2553303224},
  publisher = {OpenReview.net},
  series = {Conference Track Proceedings},
  title = {Neural Architecture Search with Reinforcement Learning},
  year = {2017}
}
