@inproceedings{achlioptas2018learning,
  address = {Vancouver, British Columbia, Canada},
  author = {Achlioptas, Panos and Diamanti, Olga and Mitliagkas, Ioannis and Guibas, Leonidas J.},
  booktitle = {6th International Conference on Learning Representations (ICLR)},
  month = {April},
  note = {<https://openreview.net/forum?id=r14RP5AUz>},
  openalex = {W2949671016},
  publisher = {OpenReview.net},
  series = {Workshop Track Proceedings},
  title = {Learning Representations and Generative Models for 3D Point Clouds},
  year = {2018}
}

@inproceedings{adebayo2018local,
  address = {Vancouver, British Columbia, Canada},
  author = {Adebayo, Julius and Gilmer, Justin and Goodfellow, Ian J. and Kim, Been},
  booktitle = {6th International Conference on Learning Representations (ICLR)},
  month = {April},
  note = {<https://openreview.net/forum?id=SJOYTK1vM>},
  openalex = {W2949725973},
  publisher = {OpenReview.net},
  series = {Workshop Track Proceedings},
  title = {Local Explanation Methods for Deep Neural Networks Lack Sensitivity to Parameter Values},
  year = {2018}
}

@inproceedings{alain2018negative,
  address = {Vancouver, British Columbia, Canada},
  author = {Alain, Guillaume and Roux, Nicolas Le and Manzagol, Pierre-Antoine},
  booktitle = {6th International Conference on Learning Representations (ICLR)},
  month = {April},
  note = {<https://openreview.net/forum?id=S1iiddyDG>},
  openalex = {W2905233195},
  publisher = {OpenReview.net},
  series = {Workshop Track Proceedings},
  title = {Negative eigenvalues of the Hessian in deep neural networks},
  year = {2018}
}

@inproceedings{aless2018geoseq2seq,
  address = {Vancouver, British Columbia, Canada},
  author = {Aless and Bay, Ro and Sengupta, Biswa},
  booktitle = {6th International Conference on Learning Representations (ICLR)},
  month = {April},
  note = {<https://openreview.net/forum?id=rJ4dWt6HM>},
  openalex = {W2963046515},
  publisher = {OpenReview.net},
  series = {Workshop Track Proceedings},
  title = {GeoSeq2Seq: Information Geometric Sequence-to-Sequence Networks},
  year = {2018}
}

@inproceedings{alex2018gilbo,
  address = {Vancouver, British Columbia, Canada},
  author = {Alex and Alemi, er A. and Fischer, Ian},
  booktitle = {6th International Conference on Learning Representations (ICLR)},
  month = {April},
  note = {<https://openreview.net/forum?id=HyV7vdJPM>},
  openalex = {W2963529210},
  publisher = {OpenReview.net},
  series = {Workshop Track Proceedings},
  title = {GILBO: One Metric to Measure Them All},
  year = {2018}
}

@inproceedings{alex2018monotonic,
  address = {Vancouver, British Columbia, Canada},
  author = {Alex and Chistyakov, er and Lobacheva, Ekaterina and Shevelev, er and Romanenko, Alexey},
  booktitle = {6th International Conference on Learning Representations (ICLR)},
  month = {April},
  note = {<https://openreview.net/forum?id=rkjatuyvM>},
  openalex = {W4297688993},
  publisher = {OpenReview.net},
  series = {Workshop Track Proceedings},
  title = {Monotonic Models for Real-Time Dynamic Malware Detection},
  year = {2018}
}

@inproceedings{anoosheh2018combogan,
  address = {Vancouver, British Columbia, Canada},
  author = {Anoosheh, Asha and Agustsson, Eirikur and Timofte, Radu},
  booktitle = {6th International Conference on Learning Representations (ICLR)},
  month = {April},
  note = {<https://openreview.net/forum?id=r1UXpPoLz>},
  openalex = {W2941152326},
  publisher = {OpenReview.net},
  series = {Workshop Track Proceedings},
  title = {ComboGAN: Unrestricted Scalability for Image Domain Translation},
  year = {2018}
}

@inproceedings{arora2018towards,
  address = {Vancouver, British Columbia, Canada},
  author = {Arora, Sanjeev and Hazan, Elad and Lee, Holden and Singh, Karan and Zhang, Cyril and Zhang, Yi},
  booktitle = {6th International Conference on Learning Representations (ICLR)},
  month = {April},
  note = {<https://openreview.net/forum?id=HJGuXK1vM>},
  openalex = {W2786709902},
  publisher = {OpenReview.net},
  series = {Workshop Track Proceedings},
  title = {Towards Provable Control for Unknown Linear Dynamical Systems},
  year = {2018}
}

@inproceedings{atanov2018uncertainty,
  address = {Vancouver, British Columbia, Canada},
  author = {Atanov, Andrei and Ashukha, Arsenii and Molchanov, Dmitry and Neklyudov, Kirill and Vetrov, Dmitry P.},
  booktitle = {6th International Conference on Learning Representations (ICLR)},
  month = {April},
  note = {<https://openreview.net/forum?id=r1yXEdkvz>},
  openalex = {W2964037936},
  publisher = {OpenReview.net},
  series = {Workshop Track Proceedings},
  title = {Uncertainty Estimation via Stochastic Batch Normalization},
  year = {2018}
}

@inproceedings{bahdanau2018jointly,
  address = {Vancouver, British Columbia, Canada},
  author = {Bahdanau, Dzmitry and Hill, Felix and Leike, Jan and Hughes, Edward and Kohli, Pushmeet and Grefenstette, Edward},
  booktitle = {6th International Conference on Learning Representations (ICLR)},
  month = {April},
  note = {<https://openreview.net/forum?id=BkmZvdkPM>},
  openalex = {W2941951382},
  publisher = {OpenReview.net},
  series = {Workshop Track Proceedings},
  title = {Jointly Learning "What" and "How" from Instructions and Goal-States},
  year = {2018}
}

@inproceedings{bai2018convolutional,
  address = {Vancouver, British Columbia, Canada},
  author = {Bai, Shaojie and Kolter, J. Zico and Koltun, Vladlen},
  booktitle = {6th International Conference on Learning Representations (ICLR)},
  month = {April},
  note = {<https://openreview.net/forum?id=BJEX-H1Pf>},
  openalex = {W2786228682},
  publisher = {OpenReview.net},
  series = {Workshop Track Proceedings},
  title = {Convolutional Sequence Modeling Revisited},
  year = {2018}
}

@inproceedings{baker2018accelerating,
  address = {Vancouver, British Columbia, Canada},
  author = {Baker, Bowen and Gupta, Otkrist and Raskar, Ramesh and Naik, Nikhil},
  booktitle = {6th International Conference on Learning Representations (ICLR)},
  month = {April},
  note = {<https://openreview.net/forum?id=HJqk3N1vG>},
  openalex = {W2964294659},
  publisher = {OpenReview.net},
  series = {Workshop Track Proceedings},
  title = {Accelerating Neural Architecture Search using Performance Prediction},
  year = {2018}
}

@inproceedings{bennanismires2018gitgraph,
  address = {Vancouver, British Columbia, Canada},
  author = {Bennani-Smires, Kamil and Musat, Claudiu and Hossmann, Andreea and Baeriswyl, Michael},
  booktitle = {6th International Conference on Learning Representations (ICLR)},
  month = {April},
  note = {<https://openreview.net/forum?id=rkiO1_1Pz>},
  publisher = {OpenReview.net},
  series = {Workshop Track Proceedings},
  title = {GitGraph - from Computational Subgraphs to Smaller Architecture Search Spaces},
  year = {2018}
}

@inproceedings{bernstein2018compression,
  address = {Vancouver, British Columbia, Canada},
  author = {Bernstein, Jeremy and Wang, Yu-Xiang and Azizzadenesheli, Kamyar and An, Anima and Kumar,},
  booktitle = {6th International Conference on Learning Representations (ICLR)},
  month = {April},
  note = {<https://openreview.net/forum?id=SJn0cw1PM>},
  openalex = {W2905508630},
  publisher = {OpenReview.net},
  series = {Workshop Track Proceedings},
  title = {Compression by the Signs: Distributed Learning is a Two-Way Street},
  year = {2018}
}

@inproceedings{bhagoji2018blackbox,
  address = {Vancouver, British Columbia, Canada},
  author = {Bhagoji, Arjun Nitin and He, Warren and Li, Bo and Song, Dawn},
  booktitle = {6th International Conference on Learning Representations (ICLR)},
  month = {April},
  note = {<https://openreview.net/forum?id=SJ9nVSkvG>},
  openalex = {W2903939901},
  publisher = {OpenReview.net},
  series = {Workshop Track Proceedings},
  title = {Black-box Attacks on Deep Neural Networks via Gradient Estimation},
  year = {2018}
}

@inproceedings{bobu2018adapting,
  address = {Vancouver, British Columbia, Canada},
  author = {Bobu, Andreea and Tzeng, Eric and Hoffman, Judy and Darrell, Trevor},
  booktitle = {6th International Conference on Learning Representations (ICLR)},
  month = {April},
  note = {<https://openreview.net/forum?id=BJsBjPJvf>},
  openalex = {W2912410476},
  publisher = {OpenReview.net},
  series = {Workshop Track Proceedings},
  title = {Adapting to Continuously Shifting Domains},
  year = {2018}
}

@inproceedings{boney2018semisupervised,
  address = {Vancouver, British Columbia, Canada},
  author = {Boney, Rinu and Alex and Ilin, er},
  booktitle = {6th International Conference on Learning Representations (ICLR)},
  month = {April},
  note = {<https://openreview.net/forum?id=r1n5Osurf>},
  openalex = {W2902211424},
  publisher = {OpenReview.net},
  series = {Workshop Track Proceedings},
  title = {Semi-Supervised Few-Shot Learning with MAML},
  year = {2018}
}

@inproceedings{br2018weightless,
  address = {Vancouver, British Columbia, Canada},
  author = {Br and Reagen, on and Gupta, Udit and Adolf, Robert and Mitzenmacher, Michael and Alex and Rush, er M. and Wei, Gu-Yeon and Brooks, David},
  booktitle = {6th International Conference on Learning Representations (ICLR)},
  month = {April},
  note = {<https://openreview.net/forum?id=rJpXxgaIG>},
  openalex = {W2770398148},
  publisher = {OpenReview.net},
  series = {Workshop Track Proceedings},
  title = {Weightless: Lossy weight encoding for deep neural network compression},
  year = {2018}
}

@inproceedings{brahma2018sufisent,
  address = {Vancouver, British Columbia, Canada},
  author = {Brahma, Siddhartha},
  booktitle = {6th International Conference on Learning Representations (ICLR)},
  month = {April},
  note = {<https://openreview.net/forum?id=By93_yAUG>},
  openalex = {W2963259645},
  publisher = {OpenReview.net},
  series = {Workshop Track Proceedings},
  title = {SufiSent - Universal Sentence Representations Using Suffix Encodings},
  year = {2018}
}

@inproceedings{bresson2018experimental,
  address = {Vancouver, British Columbia, Canada},
  author = {Bresson, Xavier and Laurent, Thomas},
  booktitle = {6th International Conference on Learning Representations (ICLR)},
  month = {April},
  note = {<https://openreview.net/forum?id=SJexcZc8G>},
  openalex = {W2906351695},
  publisher = {OpenReview.net},
  series = {Workshop Track Proceedings},
  title = {An Experimental Study of Neural Networks for Variable Graphs},
  year = {2018}
}

@inproceedings{casas2018differentiable,
  address = {Vancouver, British Columbia, Canada},
  author = {Casas, Noe and Fonollosa, José A. R. and Costa-jussà, Marta R.},
  booktitle = {6th International Conference on Learning Representations (ICLR)},
  month = {April},
  note = {<https://openreview.net/forum?id=HkG7hzyvf>},
  openalex = {W2802934958},
  publisher = {OpenReview.net},
  series = {Workshop Track Proceedings},
  title = {A differentiable BLEU loss. Analysis and first results},
  year = {2018}
}

@inproceedings{catherine2018transnets,
  address = {Vancouver, British Columbia, Canada},
  author = {Catherine, Rose and Cohen, William W.},
  booktitle = {6th International Conference on Learning Representations (ICLR)},
  month = {April},
  note = {<https://openreview.net/forum?id=rJKaKjC8f>},
  openalex = {W2904614989},
  publisher = {OpenReview.net},
  series = {Workshop Track Proceedings},
  title = {TransNets for Review Generation},
  year = {2018}
}

@inproceedings{chatterjee2018learning,
  address = {Vancouver, British Columbia, Canada},
  author = {Chatterjee, Satrajit},
  booktitle = {6th International Conference on Learning Representations (ICLR)},
  month = {April},
  note = {<https://openreview.net/forum?id=S1XFzYyPM>},
  openalex = {W2804071063},
  publisher = {OpenReview.net},
  series = {Workshop Track Proceedings},
  title = {Learning and Memorization},
  year = {2018}
}

@inproceedings{chen2018isolating,
  address = {Vancouver, British Columbia, Canada},
  author = {Chen, Tian Qi and Li, Xuechen and Grosse, Roger B. and Duvenaud, David},
  booktitle = {6th International Conference on Learning Representations (ICLR)},
  month = {April},
  note = {<https://openreview.net/forum?id=BJdMRoCIf>},
  openalex = {W3138602767},
  publisher = {OpenReview.net},
  series = {Workshop Track Proceedings},
  title = {Isolating Sources of Disentanglement in Variational Autoencoders},
  year = {2018}
}

@inproceedings{chen2018lshsampling,
  address = {Vancouver, British Columbia, Canada},
  author = {Chen, Beidi and Xu, Yingchen and Shrivastava, Anshumali},
  booktitle = {6th International Conference on Learning Representations (ICLR)},
  month = {April},
  note = {<https://openreview.net/forum?id=Hk8zZjRLf>},
  openalex = {W2786676604},
  publisher = {OpenReview.net},
  series = {Workshop Track Proceedings},
  title = {Lsh-Sampling breaks the Computational chicken-and-egg Loop in adaptive stochastic Gradient estimation},
  year = {2018}
}

@inproceedings{chen2018pixelsnail,
  address = {Vancouver, British Columbia, Canada},
  author = {Chen, Xi and Mishra, Nikhil and Rohaninejad, Mostafa and Abbeel, Pieter},
  booktitle = {6th International Conference on Learning Representations (ICLR)},
  month = {April},
  note = {<https://openreview.net/forum?id=Sk7gI0CUG>},
  openalex = {W2963428348},
  publisher = {OpenReview.net},
  series = {Workshop Track Proceedings},
  title = {PixelSNAIL: An Improved Autoregressive Generative Model},
  year = {2018}
}

@inproceedings{chen2018stable,
  address = {Vancouver, British Columbia, Canada},
  author = {Chen, Yun and Cho, Kyunghyun and Bowman, Samuel R. and Li, Victor O. K.},
  booktitle = {6th International Conference on Learning Representations (ICLR)},
  month = {April},
  note = {<https://openreview.net/forum?id=rJZlKFkvM>},
  openalex = {W2901909302},
  publisher = {OpenReview.net},
  series = {Workshop Track Proceedings},
  title = {Stable and Effective Trainable Greedy Decoding for Sequence to Sequence Learning},
  year = {2018}
}

@inproceedings{chen2018treetotree,
  address = {Vancouver, British Columbia, Canada},
  author = {Chen, Xinyun and Liu, Chang and Song, Dawn},
  booktitle = {6th International Conference on Learning Representations (ICLR)},
  month = {April},
  note = {<https://openreview.net/forum?id=H1xSvMh8M>},
  openalex = {W2890194927},
  publisher = {OpenReview.net},
  series = {Workshop Track Proceedings},
  title = {Tree-to-tree Neural Networks for Program Translation},
  year = {2018}
}

@inproceedings{combes2018learning,
  address = {Vancouver, British Columbia, Canada},
  author = {Combes, Remi Tachet des and Bachman, Philip and Seijen, Harm van},
  booktitle = {6th International Conference on Learning Representations (ICLR)},
  month = {April},
  note = {<https://openreview.net/forum?id=BJHRaK1PG>},
  openalex = {W2962754721},
  publisher = {OpenReview.net},
  series = {Workshop Track Proceedings},
  title = {Learning Invariances for Policy Generalization},
  year = {2018}
}

@inproceedings{cubuk2018intriguing,
  address = {Vancouver, British Columbia, Canada},
  author = {Cubuk, Ekin Dogus and Zoph, Barret and Schoenholz, Samuel S. and Le, Quoc V.},
  booktitle = {6th International Conference on Learning Representations (ICLR)},
  month = {April},
  note = {<https://openreview.net/forum?id=Skz1zaRLz>},
  publisher = {OpenReview.net},
  series = {Workshop Track Proceedings},
  title = {Intriguing Properties of Adversarial Examples},
  year = {2018}
}

@inproceedings{dangovski2018rotational,
  address = {Vancouver, British Columbia, Canada},
  author = {Dangovski, Rumen and Jing, Li and Soljacic, Marin},
  booktitle = {6th International Conference on Learning Representations (ICLR)},
  month = {April},
  note = {<https://openreview.net/forum?id=H1GRX4qIM>},
  openalex = {W2936368166},
  publisher = {OpenReview.net},
  series = {Workshop Track Proceedings},
  title = {Rotational Unit of Memory},
  year = {2018}
}

@inproceedings{delahunt2018moth,
  address = {Vancouver, British Columbia, Canada},
  author = {Delahunt, Charles B. and Kutz, J. Nathan},
  booktitle = {6th International Conference on Learning Representations (ICLR)},
  month = {April},
  note = {<https://openreview.net/forum?id=HyYuqoCUz>},
  openalex = {W2907155330},
  publisher = {OpenReview.net},
  series = {Workshop Track Proceedings},
  title = {A moth brain learns to read MNIST},
  year = {2018}
}

@inproceedings{deshp2018depth,
  address = {Vancouver, British Columbia, Canada},
  author = {Deshp, Amit and e and Goyal, Navin and Karmalkar, Sushrut},
  booktitle = {6th International Conference on Learning Representations (ICLR)},
  month = {April},
  note = {<https://openreview.net/forum?id=ByYzNv1vM>},
  openalex = {W2787696442},
  publisher = {OpenReview.net},
  series = {Workshop Track Proceedings},
  title = {Depth Separation and Weight-Width Trade-Offs for Sigmoidal Neural Networks},
  year = {2018}
}

@inproceedings{dipietro2018analyzing,
  address = {Vancouver, British Columbia, Canada},
  author = {DiPietro, Robert S. and Rupprecht, Christian and Navab, Nassir and Hager, Gregory D.},
  booktitle = {6th International Conference on Learning Representations (ICLR)},
  month = {April},
  note = {<https://openreview.net/forum?id=HkElQvkvz>},
  openalex = {W2735708297},
  publisher = {OpenReview.net},
  series = {Workshop Track Proceedings},
  title = {Analyzing and Exploiting NARX Recurrent Neural Networks for Long-Term Dependencies},
  year = {2018}
}

@inproceedings{donahue2018synthesizing,
  address = {Vancouver, British Columbia, Canada},
  author = {Donahue, Chris and McAuley, Julian J. and Puckette, Miller S.},
  booktitle = {6th International Conference on Learning Representations (ICLR)},
  month = {April},
  note = {<https://openreview.net/forum?id=r1RwYIJPM>},
  openalex = {W2902891277},
  publisher = {OpenReview.net},
  series = {Workshop Track Proceedings},
  title = {Synthesizing Audio with GANs},
  year = {2018}
}

@inproceedings{dong2018pppnet,
  address = {Vancouver, British Columbia, Canada},
  author = {Dong, Jin-Dong and Cheng, An-Chieh and Juan, Da-Cheng and Wei, Wei and Sun, Min},
  booktitle = {6th International Conference on Learning Representations (ICLR)},
  month = {April},
  note = {<https://openreview.net/forum?id=B1NT3TAIM>},
  openalex = {W2897275599},
  publisher = {OpenReview.net},
  series = {Workshop Track Proceedings},
  title = {PPP-Net: Platform-aware Progressive Search for Pareto-optimal Neural Architectures},
  year = {2018}
}

@inproceedings{dubey2018investigating,
  address = {Vancouver, British Columbia, Canada},
  author = {Dubey, Rachit and Agrawal, Pulkit and Pathak, Deepak and Efros, Alyosha A. and Griffiths, Thomas L.},
  booktitle = {6th International Conference on Learning Representations (ICLR)},
  month = {April},
  note = {<https://openreview.net/forum?id=rJov3dxDM>},
  openalex = {W2963114873},
  publisher = {OpenReview.net},
  series = {Workshop Track Proceedings},
  title = {Investigating Human Priors for Playing Video Games},
  year = {2018}
}

@inproceedings{dutt2018coupled,
  address = {Vancouver, British Columbia, Canada},
  author = {Dutt, Anuvabh and Pellerin, Denis and Quénot, Georges},
  booktitle = {6th International Conference on Learning Representations (ICLR)},
  month = {April},
  note = {<https://openreview.net/forum?id=rylRCUJDG>},
  openalex = {W2941193543},
  publisher = {OpenReview.net},
  series = {Workshop Track Proceedings},
  title = {Coupled Ensembles of Neural Networks},
  year = {2018}
}

@inproceedings{elsken2018simple,
  address = {Vancouver, British Columbia, Canada},
  author = {Elsken, Thomas and Metzen, Jan Hendrik and Hutter, Frank},
  booktitle = {6th International Conference on Learning Representations (ICLR)},
  month = {April},
  note = {<https://openreview.net/forum?id=H1hymrkDf>},
  openalex = {W2769653148},
  publisher = {OpenReview.net},
  series = {Workshop Track Proceedings},
  title = {Simple and efficient architecture search for Convolutional Neural Networks},
  year = {2018}
}

@inproceedings{falkner2018practical,
  address = {Vancouver, British Columbia, Canada},
  author = {Falkner, Stefan and Klein, Aaron and Hutter, Frank},
  booktitle = {6th International Conference on Learning Representations (ICLR)},
  month = {April},
  note = {<https://openreview.net/forum?id=HJMudFkDf>},
  openalex = {W2911097174},
  publisher = {OpenReview.net},
  series = {Workshop Track Proceedings},
  title = {Practical Hyperparameter Optimization for Deep Learning},
  year = {2018}
}

@inproceedings{florescu2018resilient,
  address = {Vancouver, British Columbia, Canada},
  author = {Florescu, Ciprian and Igel, Christian},
  booktitle = {6th International Conference on Learning Representations (ICLR)},
  month = {April},
  note = {<https://openreview.net/forum?id=r1R0o7yDz>},
  openalex = {W2904199725},
  publisher = {OpenReview.net},
  series = {Workshop Track Proceedings},
  title = {Resilient Backpropagation (Rprop) for Batch-learning in TensorFlow},
  year = {2018}
}

@inproceedings{foerster2018dice,
  address = {Vancouver, British Columbia, Canada},
  author = {Foerster, Jakob N. and Farquhar, Gregory and Al-Shedivat, Maruan and Rocktäschel, Tim and Xing, Eric P. and Whiteson, Shimon},
  booktitle = {6th International Conference on Learning Representations (ICLR)},
  month = {April},
  note = {<https://openreview.net/forum?id=BJ9witJvG>},
  openalex = {W3092849863},
  publisher = {OpenReview.net},
  series = {Workshop Track Proceedings},
  title = {DiCE: The Infinitely Differentiable Monte-Carlo Estimator},
  year = {2018}
}

@inproceedings{fojo2018comparing,
  address = {Vancouver, British Columbia, Canada},
  author = {Fojo, Daniel and Campos, Víctor and Giró-i-Nieto, Xavier},
  booktitle = {6th International Conference on Learning Representations (ICLR)},
  month = {April},
  note = {<https://openreview.net/forum?id=SkZq3vyDf>},
  openalex = {W2791240824},
  publisher = {OpenReview.net},
  series = {Workshop Track Proceedings},
  title = {Comparing Fixed and Adaptive Computation Time for Recurrent Neural Networks},
  year = {2018}
}

@inproceedings{gao2018adversarial,
  address = {Vancouver, British Columbia, Canada},
  author = {Gao, Chao and Müller, Martin and Hayward, Ryan},
  booktitle = {6th International Conference on Learning Representations (ICLR)},
  month = {April},
  note = {<https://openreview.net/forum?id=ByINFNJDz>},
  openalex = {W2786478526},
  publisher = {OpenReview.net},
  series = {Workshop Track Proceedings},
  title = {Adversarial Policy Gradient for Alternating Markov Games},
  year = {2018}
}

@inproceedings{gao2018reinforcement,
  address = {Vancouver, British Columbia, Canada},
  author = {Gao, Yang and Xu, Huazhe and Lin, Ji and Yu, Fisher and Levine, Sergey and Darrell, Trevor},
  booktitle = {6th International Conference on Learning Representations (ICLR)},
  month = {April},
  note = {<https://openreview.net/forum?id=HytbCQG8z>},
  openalex = {W2785379783},
  publisher = {OpenReview.net},
  series = {Workshop Track Proceedings},
  title = {Reinforcement Learning from Imperfect Demonstrations},
  year = {2018}
}

@inproceedings{gao2018stacked,
  address = {Vancouver, British Columbia, Canada},
  author = {Gao, Yuechao and Liu, Nianhong and Zhang, Sheng},
  booktitle = {6th International Conference on Learning Representations (ICLR)},
  month = {April},
  note = {<https://openreview.net/forum?id=HkeAoQQHM>},
  openalex = {W2785001802},
  publisher = {OpenReview.net},
  series = {Workshop Track Proceedings},
  title = {Stacked Filters Stationary Flow For Hardware-Oriented Acceleration Of Deep Convolutional Neural Networks},
  year = {2018}
}

@inproceedings{ghani2018designing,
  address = {Vancouver, British Columbia, Canada},
  author = {Ghani, Abdul Rahman Abdul and Koganti, Nishanth and Solano, Alfredo and Iwasawa, Yusuke and Nakayama, Kotaro and Matsuo, Yutaka},
  booktitle = {6th International Conference on Learning Representations (ICLR)},
  month = {April},
  note = {<https://openreview.net/forum?id=rJxqQY0LM>},
  openalex = {W2910279493},
  publisher = {OpenReview.net},
  series = {Workshop Track Proceedings},
  title = {Designing Efficient Neural Attention Systems Towards Achieving Human-level Sharp Vision},
  year = {2018}
}

@inproceedings{gilmer2018adversarial,
  address = {Vancouver, British Columbia, Canada},
  author = {Gilmer, Justin and Metz, Luke and Faghri, Fartash and Schoenholz, Samuel S. and Raghu, Maithra and Wattenberg, Martin and Goodfellow, Ian J.},
  booktitle = {6th International Conference on Learning Representations (ICLR)},
  month = {April},
  note = {<https://openreview.net/forum?id=SkthlLkPf>},
  openalex = {W2787480667},
  publisher = {OpenReview.net},
  series = {Workshop Track Proceedings},
  title = {Adversarial Spheres},
  year = {2018}
}

@inproceedings{gopalakrishnan2018combating,
  address = {Vancouver, British Columbia, Canada},
  author = {Gopalakrishnan, Soorya and Marzi, Zhinus and Madhow, Upamanyu and Pedarsani, Ramtin},
  booktitle = {6th International Conference on Learning Representations (ICLR)},
  month = {April},
  note = {<https://openreview.net/forum?id=S10qYwywf>},
  openalex = {W2790361456},
  publisher = {OpenReview.net},
  series = {Workshop Track Proceedings},
  title = {Combating Adversarial Attacks Using Sparse Representations},
  year = {2018}
}

@inproceedings{goyal2018evaluating,
  address = {Vancouver, British Columbia, Canada},
  author = {Goyal, Raghav and Mahdisoltani, Farzaneh and Berger, Guillaume and Gharbieh, Waseem and Bax, Ingo and Rol and Memisevic},
  booktitle = {6th International Conference on Learning Representations (ICLR)},
  month = {April},
  note = {<https://openreview.net/forum?id=rkX9Z_kwf>},
  openalex = {W2942197587},
  publisher = {OpenReview.net},
  series = {Workshop Track Proceedings},
  title = {Evaluating visual "common sense" using fine-grained classification and captioning tasks},
  year = {2018}
}

@inproceedings{grathwohl2018gradientbased,
  address = {Vancouver, British Columbia, Canada},
  author = {Grathwohl, Will and Creager, Elliot and Ghasemipour, Seyed Kamyar Seyed and Zemel, Richard S.},
  booktitle = {6th International Conference on Learning Representations (ICLR)},
  month = {April},
  note = {<https://openreview.net/forum?id=HkSm8t1PM>},
  openalex = {W2907134525},
  publisher = {OpenReview.net},
  series = {Workshop Track Proceedings},
  title = {Gradient-based Optimization of Neural Network Architecture},
  year = {2018}
}

@inproceedings{gueguen2018faster,
  address = {Vancouver, British Columbia, Canada},
  author = {Gueguen, Lionel and Sergeev, Alex and Liu, Rosanne and Yosinski, Jason},
  booktitle = {6th International Conference on Learning Representations (ICLR)},
  month = {April},
  note = {<https://openreview.net/forum?id=S1ry6Y1vG>},
  openalex = {W3136492254},
  publisher = {OpenReview.net},
  series = {Workshop Track Proceedings},
  title = {Faster Neural Networks Straight from JPEG},
  year = {2018}
}

@inproceedings{guerriero2018deepncm,
  address = {Vancouver, British Columbia, Canada},
  author = {Guerriero, Samantha and Caputo, Barbara and Mensink, Thomas},
  booktitle = {6th International Conference on Learning Representations (ICLR)},
  month = {April},
  note = {<https://openreview.net/forum?id=rkPLZ4JPM>},
  openalex = {W2794567104},
  publisher = {OpenReview.net},
  series = {Workshop Track Proceedings},
  title = {DeepNCM: Deep Nearest Class Mean Classifiers},
  year = {2018}
}

@inproceedings{guo2018interpretable,
  address = {Vancouver, British Columbia, Canada},
  author = {Guo, Tian and Lin, Tao and Lu, Yao},
  booktitle = {6th International Conference on Learning Representations (ICLR)},
  month = {April},
  note = {<https://openreview.net/forum?id=S1nzIYJvz>},
  openalex = {W2797974653},
  publisher = {OpenReview.net},
  series = {Workshop Track Proceedings},
  title = {An interpretable LSTM neural network for autoregressive exogenous model},
  year = {2018}
}

@inproceedings{ha2018adaptive,
  address = {Vancouver, British Columbia, Canada},
  author = {Ha, Jung-Su and Park, Young-Jin and Chae, Hyeok-Joo and Park, Soon-Seo and Choi, Han-Lim},
  booktitle = {6th International Conference on Learning Representations (ICLR)},
  month = {April},
  note = {<https://openreview.net/forum?id=HyoOUrkwz>},
  openalex = {W2912361068},
  publisher = {OpenReview.net},
  series = {Workshop Track Proceedings},
  title = {Adaptive Path-Integral Approach for Representation Learning and Planning},
  year = {2018}
}

@inproceedings{haroush2018learning,
  address = {Vancouver, British Columbia, Canada},
  author = {Haroush, Matan and Zahavy, Tom and Mankowitz, Daniel J. and Mannor, Shie},
  booktitle = {6th International Conference on Learning Representations (ICLR)},
  month = {April},
  note = {<https://openreview.net/forum?id=B1-tVX1Pz>},
  openalex = {W2907489158},
  publisher = {OpenReview.net},
  series = {Workshop Track Proceedings},
  title = {Learning How Not to Act in Text-based Games},
  year = {2018}
}

@inproceedings{he2018analysis,
  address = {Vancouver, British Columbia, Canada},
  author = {He, Siyu and Ravanbakhsh, Siamak and Ho, Shirley},
  booktitle = {6th International Conference on Learning Representations (ICLR)},
  month = {April},
  note = {<https://openreview.net/forum?id=B15uoOyvz>},
  openalex = {W2909038043},
  publisher = {OpenReview.net},
  series = {Workshop Track Proceedings},
  title = {Analysis of Cosmic Microwave Background with Deep Learning},
  year = {2018}
}

@inproceedings{hennigh2018automated,
  address = {Vancouver, British Columbia, Canada},
  author = {Hennigh, Oliver},
  booktitle = {6th International Conference on Learning Representations (ICLR)},
  month = {April},
  note = {<https://openreview.net/forum?id=ByICvwkvM>},
  openalex = {W2962795925},
  publisher = {OpenReview.net},
  series = {Workshop Track Proceedings},
  title = {Automated Design using Neural Networks and Gradient Descent},
  year = {2018}
}

@inproceedings{hong2018diversitydriven,
  address = {Vancouver, British Columbia, Canada},
  author = {Hong, Zhang-Wei and Shann, Tzu-Yun and Su, Shih-Yang and Chang, Yi-Hsiang and Lee, Chun-Yi},
  booktitle = {6th International Conference on Learning Representations (ICLR)},
  month = {April},
  note = {<https://openreview.net/forum?id=BJsD7L1vz>},
  openalex = {W2787800669},
  publisher = {OpenReview.net},
  series = {Workshop Track Proceedings},
  title = {Diversity-Driven Exploration Strategy for Deep Reinforcement Learning},
  year = {2018}
}

@inproceedings{hoshen2018nam,
  address = {Vancouver, British Columbia, Canada},
  author = {Hoshen, Yedid and Wolf, Lior},
  booktitle = {6th International Conference on Learning Representations (ICLR)},
  month = {April},
  note = {<https://openreview.net/forum?id=BJPlJVywz>},
  openalex = {W2920544237},
  publisher = {OpenReview.net},
  series = {Workshop Track Proceedings},
  title = {NAM - Unsupervised Cross-Domain Image Mapping without Cycles or GANs},
  year = {2018}
}

@inproceedings{hu2018aspectbased,
  address = {Vancouver, British Columbia, Canada},
  author = {Hu, Wenpeng and Liu, Bing and Ma, Jinwen and Zhao, Dongyan and Yan, Rui},
  booktitle = {6th International Conference on Learning Representations (ICLR)},
  month = {April},
  note = {<https://openreview.net/forum?id=rkRR1ynIf>},
  openalex = {W2914130867},
  publisher = {OpenReview.net},
  series = {Workshop Track Proceedings},
  title = {Aspect-based Question Generation},
  year = {2018}
}

@inproceedings{huang2018parametric,
  address = {Vancouver, British Columbia, Canada},
  author = {Huang, Gabriel and Berard, Hugo and Touati, Ahmed and Gidel, Gauthier and Vincent, Pascal and Lacoste-Julien, Simon},
  booktitle = {6th International Conference on Learning Representations (ICLR)},
  month = {April},
  note = {<https://openreview.net/forum?id=B1TgRe-Iz>},
  openalex = {W2773981138},
  publisher = {OpenReview.net},
  series = {Workshop Track Proceedings},
  title = {Parametric Adversarial Divergences are Good Task Losses for Generative Modeling},
  year = {2018}
}

@inproceedings{huang2018towards,
  address = {Vancouver, British Columbia, Canada},
  author = {Huang, Cheng-Zhi Anna and Chen, Sherol and Nelson, Mark J. and Eck, Douglas},
  booktitle = {6th International Conference on Learning Representations (ICLR)},
  month = {April},
  note = {<https://openreview.net/forum?id=Sksy1ckvG>},
  openalex = {W2800106835},
  publisher = {OpenReview.net},
  series = {Workshop Track Proceedings},
  title = {Towards Mixed-initiative generation of multi-channel sequential structure},
  year = {2018}
}

@inproceedings{iwasawa2018censoring,
  address = {Vancouver, British Columbia, Canada},
  author = {Iwasawa, Yusuke and Nakayama, Kotaro and Matsuo, Yutaka},
  booktitle = {6th International Conference on Learning Representations (ICLR)},
  month = {April},
  note = {<https://openreview.net/forum?id=rJ6thh0Lf>},
  openalex = {W2785495109},
  publisher = {OpenReview.net},
  series = {Workshop Track Proceedings},
  title = {Censoring Representations with Multiple-Adversaries over Random Subspaces},
  year = {2018}
}

@inproceedings{jain2018semiparametric,
  address = {Vancouver, British Columbia, Canada},
  author = {Jain, Mika Sarkin and Lindsey, Jack},
  booktitle = {6th International Conference on Learning Representations (ICLR)},
  month = {April},
  note = {<https://openreview.net/forum?id=B1LRWg1wz>},
  openalex = {W2902257694},
  publisher = {OpenReview.net},
  series = {Workshop Track Proceedings},
  title = {Semiparametric Reinforcement Learning},
  year = {2018}
}

@inproceedings{jaques2018learning,
  address = {Vancouver, British Columbia, Canada},
  author = {Jaques, Natasha and Engel, Jesse H. and Ha, David and Bertsch, Fred and Picard, Rosalind W. and Eck, Douglas},
  booktitle = {6th International Conference on Learning Representations (ICLR)},
  month = {April},
  note = {<https://openreview.net/forum?id=Bkyn3dJPG>},
  openalex = {W2787069069},
  publisher = {OpenReview.net},
  series = {Workshop Track Proceedings},
  title = {Learning via social awareness: improving sketch representations with facial feedback},
  year = {2018}
}

@inproceedings{jastrzebski2018finding,
  address = {Vancouver, British Columbia, Canada},
  author = {Jastrzebski, Stanislaw and Kenton, Zachary and Arpit, Devansh and Ballas, Nicolas and Fischer, Asja and Bengio, Yoshua and Storkey, Amos J.},
  booktitle = {6th International Conference on Learning Representations (ICLR)},
  month = {April},
  note = {<https://openreview.net/forum?id=r1VF9dCUG>},
  openalex = {W2904014149},
  publisher = {OpenReview.net},
  series = {Workshop Track Proceedings},
  title = {Finding Flatter Minima with SGD},
  year = {2018}
}

@inproceedings{jin2018regret,
  address = {Vancouver, British Columbia, Canada},
  author = {Jin, Peter H. and Levine, Sergey and Keutzer, Kurt},
  booktitle = {6th International Conference on Learning Representations (ICLR)},
  month = {April},
  note = {<https://openreview.net/forum?id=BJoBhUUUG>},
  publisher = {OpenReview.net},
  series = {Workshop Track Proceedings},
  title = {Regret Minimization for Partially Observable Deep Reinforcement Learning},
  year = {2018}
}

@inproceedings{jin2018spatially,
  address = {Vancouver, British Columbia, Canada},
  author = {Jin, Peter H. and Ginsburg, Boris and Keutzer, Kurt},
  booktitle = {6th International Conference on Learning Representations (ICLR)},
  month = {April},
  note = {<https://openreview.net/forum?id=S1Yt0d1vG>},
  publisher = {OpenReview.net},
  series = {Workshop Track Proceedings},
  title = {Spatially Parallel Convolutions},
  year = {2018}
}

@inproceedings{jose2018kronecker,
  address = {Vancouver, British Columbia, Canada},
  author = {Jose, Cijo and Cissé, Moustapha and Fleuret, François},
  booktitle = {6th International Conference on Learning Representations (ICLR)},
  month = {April},
  note = {<https://openreview.net/forum?id=SyR6Ul1Pf>},
  openalex = {W2620263509},
  publisher = {OpenReview.net},
  series = {Workshop Track Proceedings},
  title = {Kronecker Recurrent Units},
  year = {2018}
}

@inproceedings{kahou2018figureqa,
  address = {Vancouver, British Columbia, Canada},
  author = {Kahou, Samira Ebrahimi and Michalski, Vincent and Atkinson, Adam and Kádár, Ákos and Trischler, Adam and Bengio, Yoshua},
  booktitle = {6th International Conference on Learning Representations (ICLR)},
  month = {April},
  note = {<https://openreview.net/forum?id=H1mz0OyDz>},
  openalex = {W2766732270},
  publisher = {OpenReview.net},
  series = {Workshop Track Proceedings},
  title = {FigureQA: An Annotated Figure Dataset for Visual Reasoning},
  year = {2018}
}

@inproceedings{kochurov2018bayesian,
  address = {Vancouver, British Columbia, Canada},
  author = {Kochurov, Max and Garipov, Timur and Podoprikhin, Dmitry and Molchanov, Dmitry and Ashukha, Arsenii and Vetrov, Dmitry P.},
  booktitle = {6th International Conference on Learning Representations (ICLR)},
  month = {April},
  note = {<https://openreview.net/forum?id=ByZzFPJDG>},
  openalex = {W2789051838},
  publisher = {OpenReview.net},
  series = {Workshop Track Proceedings},
  title = {Bayesian Incremental Learning for Deep Neural Networks},
  year = {2018}
}

@inproceedings{kondor2018covariant,
  address = {Vancouver, British Columbia, Canada},
  author = {Kondor, Risi and Son, Hy Truong and Pan, Horace and Br and Anderson, on M. and Trivedi, Shubhendu},
  booktitle = {6th International Conference on Learning Representations (ICLR)},
  month = {April},
  note = {<https://openreview.net/forum?id=SkIv3MAUf>},
  openalex = {W2783378529},
  publisher = {OpenReview.net},
  series = {Workshop Track Proceedings},
  title = {Covariant Compositional Networks For Learning Graphs},
  year = {2018}
}

@inproceedings{krcal2018deep,
  address = {Vancouver, British Columbia, Canada},
  author = {Krcál, Marek and Svec, Ondrej and Bálek, Martin and Jasek, Otakar},
  booktitle = {6th International Conference on Learning Representations (ICLR)},
  month = {April},
  note = {<https://openreview.net/forum?id=HkHrmM1PM>},
  openalex = {W2904109097},
  publisher = {OpenReview.net},
  series = {Workshop Track Proceedings},
  title = {Deep Convolutional Malware Classifiers Can Learn from Raw Executables and Labels Only},
  year = {2018}
}

@inproceedings{kumar2018ecommercegan,
  address = {Vancouver, British Columbia, Canada},
  author = {Kumar, Ashutosh and Biswas, Arijit and Sanyal, Subhajit},
  booktitle = {6th International Conference on Learning Representations (ICLR)},
  month = {April},
  note = {<https://openreview.net/forum?id=H1V8G-0Iz>},
  openalex = {W2783719374},
  publisher = {OpenReview.net},
  series = {Workshop Track Proceedings},
  title = {eCommerceGAN: A Generative Adversarial Network for e-commerce},
  year = {2018}
}

@inproceedings{laine2018featurebased,
  address = {Vancouver, British Columbia, Canada},
  author = {Laine, Samuli},
  booktitle = {6th International Conference on Learning Representations (ICLR)},
  month = {April},
  note = {<https://openreview.net/forum?id=BJslDBkwG>},
  openalex = {W2909751683},
  publisher = {OpenReview.net},
  series = {Workshop Track Proceedings},
  title = {Feature-Based Metrics for Exploring the Latent Space of Generative Models},
  year = {2018}
}

@inproceedings{laroche2018in,
  address = {Vancouver, British Columbia, Canada},
  author = {Laroche, Romain and Seijen, Harm van},
  booktitle = {6th International Conference on Learning Representations (ICLR)},
  month = {April},
  note = {<https://openreview.net/forum?id=rJT1k_JDf>},
  openalex = {W2810869885},
  publisher = {OpenReview.net},
  series = {Workshop Track Proceedings},
  title = {In Reinforcement Learning, All Objective Functions are Not Equal},
  year = {2018}
}

@inproceedings{lau2018proximal,
  address = {Vancouver, British Columbia, Canada},
  author = {Lau, Tim Tsz-Kit and Zeng, Jinshan and Wu, Baoyuan and Yao, Yuan},
  booktitle = {6th International Conference on Learning Representations (ICLR)},
  month = {April},
  note = {<https://openreview.net/forum?id=HycIjFkPM>},
  openalex = {W2795073474},
  publisher = {OpenReview.net},
  series = {Workshop Track Proceedings},
  title = {A Proximal Block Coordinate Descent Algorithm for Deep Neural Network Training},
  year = {2018}
}

@inproceedings{laurent2018evaluation,
  address = {Vancouver, British Columbia, Canada},
  author = {Laurent, César and George, Thomas and Bouthillier, Xavier and Ballas, Nicolas and Vincent, Pascal},
  booktitle = {6th International Conference on Learning Representations (ICLR)},
  month = {April},
  note = {<https://openreview.net/forum?id=ryVC6tkwG>},
  openalex = {W2908074561},
  publisher = {OpenReview.net},
  series = {Workshop Track Proceedings},
  title = {An Evaluation of Fisher Approximations Beyond Kronecker Factorization},
  year = {2018}
}

@inproceedings{lecouat2018semisupervised,
  address = {Vancouver, British Columbia, Canada},
  author = {Lecouat, Bruno and Foo, Chuan Sheng and Zenati, Houssam and Ch, Vijay Ramaseshan and Rasekhar,},
  booktitle = {6th International Conference on Learning Representations (ICLR)},
  month = {April},
  note = {<https://openreview.net/forum?id=Hy5QRt1wz>},
  openalex = {W2803963035},
  publisher = {OpenReview.net},
  series = {Workshop Track Proceedings},
  title = {Semi-Supervised Learning With GANs: Revisiting Manifold Regularization},
  year = {2018}
}

@inproceedings{lee2018lstm,
  address = {Vancouver, British Columbia, Canada},
  author = {Lee, Lisa and Parisotto, Emilio and Chaplot, Devendra Singh and Salakhutdinov, Ruslan},
  booktitle = {6th International Conference on Learning Representations (ICLR)},
  month = {April},
  note = {<https://openreview.net/forum?id=ryF9WtyDf>},
  openalex = {W2942300853},
  publisher = {OpenReview.net},
  series = {Workshop Track Proceedings},
  title = {LSTM Iteration Networks: An Exploration of Differentiable Path Finding},
  year = {2018}
}

@inproceedings{lee2018sgd,
  address = {Vancouver, British Columbia, Canada},
  author = {Lee, Kangwook and Lee, Kyungmin and Kim, Hoon and Suh, Changho and Ramch, Kannan},
  booktitle = {6th International Conference on Learning Representations (ICLR)},
  month = {April},
  note = {<https://openreview.net/forum?id=r17_wzJPM>},
  openalex = {W2902432015},
  publisher = {OpenReview.net},
  series = {Workshop Track Proceedings},
  title = {SGD on Random Mixtures: Private Machine Learning under Data Breach Threats},
  year = {2018}
}

@inproceedings{leemput2018memcnn,
  address = {Vancouver, British Columbia, Canada},
  author = {Leemput, Sil C. van de and Teuwen, Jonas and Manniesing, Rashindra},
  booktitle = {6th International Conference on Learning Representations (ICLR)},
  month = {April},
  note = {<https://openreview.net/forum?id=r1KzqK1wz>},
  openalex = {W2906944255},
  publisher = {OpenReview.net},
  series = {Workshop Track Proceedings},
  title = {MemCNN: a Framework for Developing Memory Efficient Deep Invertible Networks},
  year = {2018}
}

@inproceedings{leroux2018iamnn,
  address = {Vancouver, British Columbia, Canada},
  author = {Leroux, Sam and Molchanov, Pavlo and Simoens, Pieter and Dhoedt, Bart and Breuel, Thomas M. and Kautz, Jan},
  booktitle = {6th International Conference on Learning Representations (ICLR)},
  month = {April},
  note = {<https://openreview.net/forum?id=BkG3_ykDz>},
  openalex = {W2798581168},
  publisher = {OpenReview.net},
  series = {Workshop Track Proceedings},
  title = {IamNN: Iterative and Adaptive Mobile Neural Network for efficient image classification},
  year = {2018}
}

@inproceedings{levine2018benefits,
  address = {Vancouver, British Columbia, Canada},
  author = {Levine, Yoav and Sharir, Or and Shashua, Amnon},
  booktitle = {6th International Conference on Learning Representations (ICLR)},
  month = {April},
  note = {<https://openreview.net/forum?id=BJKt3VyPz>},
  openalex = {W2767017507},
  publisher = {OpenReview.net},
  series = {Workshop Track Proceedings},
  title = {Benefits of Depth for Long-Term Memory of Recurrent Networks},
  year = {2018}
}

@inproceedings{li2018adaptive,
  address = {Vancouver, British Columbia, Canada},
  author = {Li, Daniel and Kadav, Asim},
  booktitle = {6th International Conference on Learning Representations (ICLR)},
  month = {April},
  note = {<https://openreview.net/forum?id=rkdEtxf8z>},
  openalex = {W2787115522},
  publisher = {OpenReview.net},
  series = {Workshop Track Proceedings},
  title = {Adaptive Memory Networks},
  year = {2018}
}

@inproceedings{li2018distributional,
  address = {Vancouver, British Columbia, Canada},
  author = {Li, Chengtao and Alvarez-Melis, David and Xu, Keyulu and Jegelka, Stefanie and Sra, Suvrit},
  booktitle = {6th International Conference on Learning Representations (ICLR)},
  month = {April},
  note = {<https://openreview.net/forum?id=HJtk5HkDG>},
  openalex = {W2733819076},
  publisher = {OpenReview.net},
  series = {Workshop Track Proceedings},
  title = {Distributional Adversarial Networks},
  year = {2018}
}

@inproceedings{li2018efficient,
  address = {Vancouver, British Columbia, Canada},
  author = {Li, Zhe and Wang, Shuo and Ding, Caiwen and Qiu, Qinru and Wang, Yanzhi and Liang, Yun},
  booktitle = {6th International Conference on Learning Representations (ICLR)},
  month = {April},
  note = {<https://openreview.net/forum?id=SJgAA3AUG>},
  openalex = {W2964231618},
  publisher = {OpenReview.net},
  series = {Workshop Track Proceedings},
  title = {Efficient Recurrent Neural Networks using Structured Matrices in FPGAs},
  year = {2018}
}

@inproceedings{li2018policy,
  address = {Vancouver, British Columbia, Canada},
  author = {Li, Jiajin and Wang, Baoxiang},
  booktitle = {6th International Conference on Learning Representations (ICLR)},
  month = {April},
  note = {<https://openreview.net/forum?id=HkQdaV1vf>},
  openalex = {W3092984784},
  publisher = {OpenReview.net},
  series = {Workshop Track Proceedings},
  title = {Policy Optimization with Second-Order Advantage Information},
  year = {2018}
}

@inproceedings{li2018timedependent,
  address = {Vancouver, British Columbia, Canada},
  author = {Li, Yang and Du, Nan and Bengio, Samy},
  booktitle = {6th International Conference on Learning Representations (ICLR)},
  month = {April},
  note = {<https://openreview.net/forum?id=HyrT5Hkvf>},
  openalex = {W2963469134},
  publisher = {OpenReview.net},
  series = {Workshop Track Proceedings},
  title = {Time-Dependent Representation for Neural Event Sequence Prediction},
  year = {2018}
}

@inproceedings{liang2018understanding,
  address = {Vancouver, British Columbia, Canada},
  author = {Liang, Shiyu and Sun, Ruoyu and Li, Yixuan and Srikant, R.},
  booktitle = {6th International Conference on Learning Representations (ICLR)},
  month = {April},
  note = {<https://openreview.net/forum?id=BJ_UWIJwM>},
  openalex = {W2901602790},
  publisher = {OpenReview.net},
  series = {Workshop Track Proceedings},
  title = {Understanding the Loss Surface of Single-Layered Neural Networks for Binary Classification},
  year = {2018}
}

@inproceedings{liao2018graph,
  address = {Vancouver, British Columbia, Canada},
  author = {Liao, Renjie and Brockschmidt, Marc and Tarlow, Daniel and Alex and Gaunt, er L. and Urtasun, Raquel and Zemel, Richard S.},
  booktitle = {6th International Conference on Learning Representations (ICLR)},
  month = {April},
  note = {<https://openreview.net/forum?id=ByM6TrTUz>},
  openalex = {W2773131141},
  publisher = {OpenReview.net},
  series = {Workshop Track Proceedings},
  title = {Graph Partition Neural Networks for Semi-Supervised Classification},
  year = {2018}
}

@inproceedings{lobov2018spectralwords,
  address = {Vancouver, British Columbia, Canada},
  author = {Lobov, Ivan},
  booktitle = {6th International Conference on Learning Representations (ICLR)},
  month = {April},
  note = {<https://openreview.net/forum?id=BytSNIyvM>},
  openalex = {W2908339723},
  publisher = {OpenReview.net},
  series = {Workshop Track Proceedings},
  title = {SpectralWords: Spectral Embeddings Approach to Word Similarity Task for Large Vocabularies},
  year = {2018}
}

@inproceedings{locatello2018clustering,
  address = {Vancouver, British Columbia, Canada},
  author = {Locatello, Francesco and Vincent, Damien and Tolstikhin, Ilya O. and Rätsch, Gunnar and Gelly, Sylvain and Schölkopf, Bernhard},
  booktitle = {6th International Conference on Learning Representations (ICLR)},
  month = {April},
  note = {<https://openreview.net/forum?id=rk4QYDkwz>},
  openalex = {W2964077644},
  publisher = {OpenReview.net},
  series = {Workshop Track Proceedings},
  title = {Clustering Meets Implicit Generative Models},
  year = {2018}
}

@inproceedings{long2018pdenet,
  address = {Vancouver, British Columbia, Canada},
  author = {Long, Zichao and Lu, Yiping and Ma, Xianzhong and Dong, Bin},
  booktitle = {6th International Conference on Learning Representations (ICLR)},
  month = {April},
  note = {<https://openreview.net/forum?id=r1DUPizUM>},
  openalex = {W2963021886},
  publisher = {OpenReview.net},
  series = {Workshop Track Proceedings},
  title = {PDE-Net: Learning PDEs from Data},
  year = {2018}
}

@inproceedings{lopezpaz2018easing,
  address = {Vancouver, British Columbia, Canada},
  author = {Lopez-Paz, David and Sagun, Levent},
  booktitle = {6th International Conference on Learning Representations (ICLR)},
  month = {April},
  note = {<https://openreview.net/forum?id=rJXIPK1PM>},
  openalex = {W2904890392},
  publisher = {OpenReview.net},
  series = {Workshop Track Proceedings},
  title = {Easing non-convex optimization with neural networks},
  year = {2018}
}

@inproceedings{lu2018beyond,
  address = {Vancouver, British Columbia, Canada},
  author = {Lu, Yiping and Zhong, Aoxiao and Li, Quanzheng and Dong, Bin},
  booktitle = {6th International Conference on Learning Representations (ICLR)},
  month = {April},
  note = {<https://openreview.net/forum?id=B1LatDVUM>},
  openalex = {W2963302407},
  publisher = {OpenReview.net},
  series = {Workshop Track Proceedings},
  title = {Beyond Finite Layer Neural Networks: Bridging Deep Architectures and Numerical Differential Equations},
  year = {2018}
}

@inproceedings{lu2018on,
  address = {Vancouver, British Columbia, Canada},
  author = {Lu, Pei-Hsuan and Chen, Pin-Yu and Yu, Chia-Mu},
  booktitle = {6th International Conference on Learning Representations (ICLR)},
  month = {April},
  note = {<https://openreview.net/forum?id=HytESwywf>},
  openalex = {W2794902890},
  publisher = {OpenReview.net},
  series = {Workshop Track Proceedings},
  title = {On the Limitation of Local Intrinsic Dimensionality for Characterizing the Subspaces of Adversarial Examples},
  year = {2018}
}

@inproceedings{ma2018universal,
  address = {Vancouver, British Columbia, Canada},
  author = {Ma, Chen and Wen, Junfeng and Bengio, Yoshua},
  booktitle = {6th International Conference on Learning Representations (ICLR)},
  month = {April},
  note = {<https://openreview.net/forum?id=HJ_CpYyDz>},
  openalex = {W2797734773},
  publisher = {OpenReview.net},
  series = {Workshop Track Proceedings},
  title = {Universal Successor Representations for Transfer Reinforcement Learning},
  year = {2018}
}

@inproceedings{madras2018predict,
  address = {Vancouver, British Columbia, Canada},
  author = {Madras, David and Pitassi, Toniann and Zemel, Richard S.},
  booktitle = {6th International Conference on Learning Representations (ICLR)},
  month = {April},
  note = {<https://openreview.net/forum?id=HyjVKLJwz>},
  openalex = {W2964146113},
  publisher = {OpenReview.net},
  series = {Workshop Track Proceedings},
  title = {Predict Responsibly: Increasing Fairness by Learning to Defer},
  year = {2018}
}

@inproceedings{marino2018learning,
  address = {Vancouver, British Columbia, Canada},
  author = {Marino, Joseph and Yue, Yisong and M, Stephan},
  booktitle = {6th International Conference on Learning Representations (ICLR)},
  month = {April},
  note = {<https://openreview.net/forum?id=HJIza50Sf>},
  publisher = {OpenReview.net},
  series = {Workshop Track Proceedings},
  title = {Learning to Infer},
  year = {2018}
}

@inproceedings{metz2018learning,
  address = {Vancouver, British Columbia, Canada},
  author = {Metz, Luke and Maheswaranathan, Niru and Cheung, Brian and Sohl-Dickstein, Jascha},
  booktitle = {6th International Conference on Learning Representations (ICLR)},
  month = {April},
  note = {<https://openreview.net/forum?id=ByoT9Fkvz>},
  openalex = {W2904112488},
  publisher = {OpenReview.net},
  series = {Workshop Track Proceedings},
  title = {Learning to Learn Without Labels},
  year = {2018}
}

@inproceedings{minasyan2018hockeystick,
  address = {Vancouver, British Columbia, Canada},
  author = {Minasyan, Edgar and Prabhu, Vinay},
  booktitle = {6th International Conference on Learning Representations (ICLR)},
  month = {April},
  note = {<https://openreview.net/forum?id=HJOt7P1wz>},
  publisher = {OpenReview.net},
  series = {Workshop Track Proceedings},
  title = {Hockey-Stick GAN},
  year = {2018}
}

@inproceedings{mordatch2018concept,
  address = {Vancouver, British Columbia, Canada},
  author = {Mordatch, Igor},
  booktitle = {6th International Conference on Learning Representations (ICLR)},
  month = {April},
  note = {<https://openreview.net/forum?id=H12Y1dJDG>},
  openalex = {W2900436521},
  publisher = {OpenReview.net},
  series = {Workshop Track Proceedings},
  title = {Concept Learning with Energy-Based Models},
  year = {2018}
}

@inproceedings{nado2018stochastic,
  address = {Vancouver, British Columbia, Canada},
  author = {Nado, Zachary and Snoek, Jasper and Grosse, Roger B. and Duvenaud, David and Xu, Bowen and Martens, James},
  booktitle = {6th International Conference on Learning Representations (ICLR)},
  month = {April},
  note = {<https://openreview.net/forum?id=ry-Se9kvG>},
  openalex = {W2908176537},
  publisher = {OpenReview.net},
  series = {Workshop Track Proceedings},
  title = {Stochastic Gradient Langevin Dynamics that Exploit Neural Network Structure},
  year = {2018}
}

@inproceedings{neil2018exploring,
  address = {Vancouver, British Columbia, Canada},
  author = {Neil, Daniel and Segler, Marwin H. S. and Guasch, Laura and Ahmed, Mohamed and Plumbley, Dean and Sellwood, Matthew and Brown, Nathan},
  booktitle = {6th International Conference on Learning Representations (ICLR)},
  month = {April},
  note = {<https://openreview.net/forum?id=Bk0xiI1Dz>},
  openalex = {W2786785157},
  publisher = {OpenReview.net},
  series = {Workshop Track Proceedings},
  title = {Exploring Deep Recurrent Models with Reinforcement Learning for Molecule Design},
  year = {2018}
}

@inproceedings{ng2018predicting,
  address = {Vancouver, British Columbia, Canada},
  author = {Ng, Nathan H. and McAuley, Julian J. and Gingold, Julian and Desai, Nina and Lipton, Zachary C.},
  booktitle = {6th International Conference on Learning Representations (ICLR)},
  month = {April},
  note = {<https://openreview.net/forum?id=By1QAYkvz>},
  openalex = {W2903652940},
  publisher = {OpenReview.net},
  series = {Workshop Track Proceedings},
  title = {Predicting Embryo Morphokinetics in Videos with Late Fusion Nets and Dynamic Decoders},
  year = {2018}
}

@inproceedings{nguyen2018loss,
  address = {Vancouver, British Columbia, Canada},
  author = {Nguyen, Quynh and Hein, Matthias},
  booktitle = {6th International Conference on Learning Representations (ICLR)},
  month = {April},
  note = {<https://openreview.net/forum?id=rJJfrm68M>},
  openalex = {W2766873928},
  publisher = {OpenReview.net},
  series = {Workshop Track Proceedings},
  title = {The loss surface and expressivity of deep convolutional neural networks},
  year = {2018}
}

@inproceedings{nouiehed2018learning,
  address = {Vancouver, British Columbia, Canada},
  author = {Nouiehed, Maher and Razaviyayn, Meisam},
  booktitle = {6th International Conference on Learning Representations (ICLR)},
  month = {April},
  note = {<https://openreview.net/forum?id=HkX3i7CLM>},
  openalex = {W2963076198},
  publisher = {OpenReview.net},
  series = {Workshop Track Proceedings},
  title = {Learning Deep Models: Critical Points and Local Openness},
  year = {2018}
}

@inproceedings{nye2018are,
  address = {Vancouver, British Columbia, Canada},
  author = {Nye, Maxwell I. and Saxe, Andrew},
  booktitle = {6th International Conference on Learning Representations (ICLR)},
  month = {April},
  note = {<https://openreview.net/forum?id=B1HI4FyvM>},
  openalex = {W4289752769},
  publisher = {OpenReview.net},
  series = {Workshop Track Proceedings},
  title = {Are Efficient Deep Representations Learnable?},
  year = {2018}
}

@inproceedings{ohsawa2018neuron,
  address = {Vancouver, British Columbia, Canada},
  author = {Ohsawa, Shohei and Akuzawa, Kei and Matsushima, Tatsuya and Bezerra, Gustavo and Iwasawa, Yusuke and Kajino, Hiroshi and Takenaka, Seiya and Matsuo, Yutaka},
  booktitle = {6th International Conference on Learning Representations (ICLR)},
  month = {April},
  note = {<https://openreview.net/forum?id=SkcLNJJwf>},
  openalex = {W2787712361},
  publisher = {OpenReview.net},
  series = {Workshop Track Proceedings},
  title = {Neuron as an Agent},
  year = {2018}
}

@inproceedings{oliver2018realistic,
  address = {Vancouver, British Columbia, Canada},
  author = {Oliver, Avital and Odena, Augustus and Raffel, Colin and Cubuk, Ekin D. and Goodfellow, Ian J.},
  booktitle = {6th International Conference on Learning Representations (ICLR)},
  month = {April},
  note = {<https://openreview.net/forum?id=ByCZsFyPf>},
  openalex = {W3136198447},
  publisher = {OpenReview.net},
  series = {Workshop Track Proceedings},
  title = {Realistic Evaluation of Semi-Supervised Learning Algorithms},
  year = {2018}
}

@inproceedings{pesteie2018deep,
  address = {Vancouver, British Columbia, Canada},
  author = {Pesteie, Mehran and Abolmaesumi, Purang and Rohling, Robert},
  booktitle = {6th International Conference on Learning Representations (ICLR)},
  month = {April},
  note = {<https://openreview.net/forum?id=HyG76D1wf>},
  openalex = {W2937675582},
  publisher = {OpenReview.net},
  series = {Workshop Track Proceedings},
  title = {Deep Neural Maps},
  year = {2018}
}

@inproceedings{peterson2018capturing,
  address = {Vancouver, British Columbia, Canada},
  author = {Peterson, Joshua C. and Aghi, Krisha and Suchow, Jordan W. and Alex and Ku, er Y. and Griffiths, Tom},
  booktitle = {6th International Conference on Learning Representations (ICLR)},
  month = {April},
  note = {<https://openreview.net/forum?id=H1xPRyzwz>},
  publisher = {OpenReview.net},
  series = {Workshop Track Proceedings},
  title = {Capturing Human Category Representations by Sampling in Deep Feature Spaces},
  year = {2018}
}

@inproceedings{pfau2018minimally,
  address = {Vancouver, British Columbia, Canada},
  author = {Pfau, David and Burgess, Christopher P.},
  booktitle = {6th International Conference on Learning Representations (ICLR)},
  month = {April},
  note = {<https://openreview.net/forum?id=rkmf_v1vf>},
  openalex = {W2908689144},
  publisher = {OpenReview.net},
  series = {Workshop Track Proceedings},
  title = {Minimally Redundant Laplacian Eigenmaps},
  year = {2018}
}

@inproceedings{pham2018faster,
  address = {Vancouver, British Columbia, Canada},
  author = {Pham, Hieu and Guan, Melody Y. and Zoph, Barret and Le, Quoc V. and Dean, Jeff},
  booktitle = {6th International Conference on Learning Representations (ICLR)},
  month = {April},
  note = {<https://openreview.net/forum?id=rJkCq4JvM>},
  openalex = {W2787387029},
  publisher = {OpenReview.net},
  series = {Workshop Track Proceedings},
  title = {Faster Discovery of Neural Architectures by Searching for Paths in a Large Model},
  year = {2018}
}

@inproceedings{philipp2018gradients,
  address = {Vancouver, British Columbia, Canada},
  author = {Philipp, George and Song, Dawn and Carbonell, Jaime G.},
  booktitle = {6th International Conference on Learning Representations (ICLR)},
  month = {April},
  note = {<https://openreview.net/forum?id=rJjcdFkPM>},
  openalex = {W2772798650},
  publisher = {OpenReview.net},
  series = {Workshop Track Proceedings},
  title = {Gradients explode - Deep Networks are shallow - ResNet explained},
  year = {2018}
}

@inproceedings{pimentel2018fast,
  address = {Vancouver, British Columbia, Canada},
  author = {Pimentel, Tiago and Veloso, Adriano and Ziviani, Nivio},
  booktitle = {6th International Conference on Learning Representations (ICLR)},
  month = {April},
  note = {<https://openreview.net/forum?id=ryhG1PkwG>},
  openalex = {W2786074862},
  publisher = {OpenReview.net},
  series = {Workshop Track Proceedings},
  title = {Fast Node Embeddings: Learning Ego-Centric Representations},
  year = {2018}
}

@inproceedings{polosukhin2018neural,
  address = {Vancouver, British Columbia, Canada},
  author = {Polosukhin, Illia and Alex and Skidanov, er},
  booktitle = {6th International Conference on Learning Representations (ICLR)},
  month = {April},
  note = {<https://openreview.net/forum?id=BJTtWDyPM>},
  openalex = {W2785439365},
  publisher = {OpenReview.net},
  series = {Workshop Track Proceedings},
  title = {Neural Program Search: Solving Programming Tasks from Description and Examples},
  year = {2018}
}

@inproceedings{raghu2018can,
  address = {Vancouver, British Columbia, Canada},
  author = {Raghu, Maithra and Irpan, Alex and Andreas, Jacob and Kleinberg, Robert and Le, Quoc V. and Kleinberg, Jon M.},
  booktitle = {6th International Conference on Learning Representations (ICLR)},
  month = {April},
  note = {<https://openreview.net/forum?id=SJbKi81wf>},
  openalex = {W2767617058},
  publisher = {OpenReview.net},
  series = {Workshop Track Proceedings},
  title = {Can Deep Reinforcement Learning solve Erdos-Selfridge-Spencer Games?},
  year = {2018}
}

@inproceedings{rakelly2018conditional,
  address = {Vancouver, British Columbia, Canada},
  author = {Rakelly, Kate and Shelhamer, Evan and Darrell, Trevor and Efros, Alyosha A. and Levine, Sergey},
  booktitle = {6th International Conference on Learning Representations (ICLR)},
  month = {April},
  note = {<https://openreview.net/forum?id=SkMjFKJwG>},
  openalex = {W2902683551},
  publisher = {OpenReview.net},
  series = {Workshop Track Proceedings},
  title = {Conditional Networks for Few-Shot Semantic Segmentation},
  year = {2018}
}

@inproceedings{ramach2018searching,
  address = {Vancouver, British Columbia, Canada},
  author = {Ramach, Prajit and ran and Zoph, Barret and Le, Quoc V.},
  booktitle = {6th International Conference on Learning Representations (ICLR)},
  month = {April},
  note = {<https://openreview.net/forum?id=Hkuq2EkPf>},
  openalex = {W4320930577},
  publisher = {OpenReview.net},
  series = {Workshop Track Proceedings},
  title = {Searching for Activation Functions},
  year = {2018}
}

@inproceedings{ravi2018metalearning,
  address = {Vancouver, British Columbia, Canada},
  author = {Ravi, Sachin and Larochelle, Hugo},
  booktitle = {6th International Conference on Learning Representations (ICLR)},
  month = {April},
  note = {<https://openreview.net/forum?id=r1PsGFJPz>},
  openalex = {W2903987318},
  publisher = {OpenReview.net},
  series = {Workshop Track Proceedings},
  title = {Meta-Learning for Batch Mode Active Learning},
  year = {2018}
}

@inproceedings{rojascarulla2018causal,
  address = {Vancouver, British Columbia, Canada},
  author = {Rojas-Carulla, Mateo and Baroni, Marco and Lopez-Paz, David},
  booktitle = {6th International Conference on Learning Representations (ICLR)},
  month = {April},
  note = {<https://openreview.net/forum?id=B1VKG7kDM>},
  openalex = {W2592561266},
  publisher = {OpenReview.net},
  series = {Workshop Track Proceedings},
  title = {Causal Discovery Using Proxy Variables},
  year = {2018}
}

@inproceedings{rol2018learning,
  address = {Vancouver, British Columbia, Canada},
  author = {Rol and Fern and ez and Celikyilmaz, Asli and Smolensky, Paul and Singh, Rishabh},
  booktitle = {6th International Conference on Learning Representations (ICLR)},
  month = {April},
  note = {<https://openreview.net/forum?id=SkUnhG1PG>},
  openalex = {W2963329541},
  publisher = {OpenReview.net},
  series = {Workshop Track Proceedings},
  title = {Learning and Analyzing Vector Encoding of Symbolic Representation},
  year = {2018}
}

@inproceedings{romoff2018reward,
  address = {Vancouver, British Columbia, Canada},
  author = {Romoff, Joshua and Alex and Piché, Re and Henderson, Peter and François-Lavet, Vincent and Pineau, Joelle},
  booktitle = {6th International Conference on Learning Representations (ICLR)},
  month = {April},
  note = {<https://openreview.net/forum?id=r1vcHYJvM>},
  openalex = {W2963572325},
  publisher = {OpenReview.net},
  series = {Workshop Track Proceedings},
  title = {Reward Estimation for Variance Reduction in Deep Reinforcement Learning},
  year = {2018}
}

@inproceedings{roux2018online,
  address = {Vancouver, British Columbia, Canada},
  author = {Roux, Nicolas Le and Babanezhad, Reza and Manzagol, Pierre-Antoine},
  booktitle = {6th International Conference on Learning Representations (ICLR)},
  month = {April},
  note = {<https://openreview.net/forum?id=r1qKBtJvG>},
  openalex = {W2903934645},
  publisher = {OpenReview.net},
  series = {Workshop Track Proceedings},
  title = {Online Variance-Reducing Optimization},
  year = {2018}
}

@inproceedings{rubanova2018reconstructing,
  address = {Vancouver, British Columbia, Canada},
  author = {Rubanova, Yulia and Shi, Ruian and Li, Roujia and Wintersinger, Jeff and Deshwar, Amit G. and Sahin, Nil and Morris, Quaid},
  booktitle = {6th International Conference on Learning Representations (ICLR)},
  month = {April},
  note = {<https://openreview.net/forum?id=Hkjg7N1Pz>},
  openalex = {W3102608104},
  publisher = {OpenReview.net},
  series = {Workshop Track Proceedings},
  title = {Reconstructing evolutionary trajectories of mutations in cancer},
  year = {2018}
}

@inproceedings{rubenstein2018learning,
  address = {Vancouver, British Columbia, Canada},
  author = {Rubenstein, Paul K. and Schölkopf, Bernhard and Tolstikhin, Ilya O.},
  booktitle = {6th International Conference on Learning Representations (ICLR)},
  month = {April},
  note = {<https://openreview.net/forum?id=Hy79-UJPM>},
  openalex = {W2903991321},
  publisher = {OpenReview.net},
  series = {Workshop Track Proceedings},
  title = {Learning Disentangled Representations with Wasserstein Auto-Encoders},
  year = {2018}
}

@inproceedings{rubenstein2018wasserstein,
  address = {Vancouver, British Columbia, Canada},
  author = {Rubenstein, Paul K. and Schölkopf, Bernhard and Tolstikhin, Ilya O.},
  booktitle = {6th International Conference on Learning Representations (ICLR)},
  month = {April},
  note = {<https://openreview.net/forum?id=r157GIJvz>},
  openalex = {W2908061974},
  publisher = {OpenReview.net},
  series = {Workshop Track Proceedings},
  title = {Wasserstein Auto-Encoders: Latent Dimensionality and Random Encoders},
  year = {2018}
}

@inproceedings{sagun2018empirical,
  address = {Vancouver, British Columbia, Canada},
  author = {Sagun, Levent and Evci, Utku and Güney, V. Ugur and Dauphin, Yann N. and Bottou, Léon},
  booktitle = {6th International Conference on Learning Representations (ICLR)},
  month = {April},
  note = {<https://openreview.net/forum?id=rJO1_M0Lf>},
  openalex = {W2626325961},
  publisher = {OpenReview.net},
  series = {Workshop Track Proceedings},
  title = {Empirical Analysis of the Hessian of Over-Parametrized Neural Networks},
  year = {2018}
}

@inproceedings{sajjadi2018tempered,
  address = {Vancouver, British Columbia, Canada},
  author = {Sajjadi, Mehdi S. M. and Parasc, Giambattista and Olo and Mehrjou, Arash and Schölkopf, Bernhard},
  booktitle = {6th International Conference on Learning Representations (ICLR)},
  month = {April},
  note = {<https://openreview.net/forum?id=BkuSOYkvG>},
  openalex = {W2963625494},
  publisher = {OpenReview.net},
  series = {Workshop Track Proceedings},
  title = {Tempered Adversarial Networks},
  year = {2018}
}

@inproceedings{sapienza2018weighted,
  address = {Vancouver, British Columbia, Canada},
  author = {Sapienza, Facundo and Groisman, Pablo and Jonckheere, Matthieu},
  booktitle = {6th International Conference on Learning Representations (ICLR)},
  month = {April},
  note = {<https://openreview.net/forum?id=BJfaMIJwG>},
  openalex = {W2903868475},
  publisher = {OpenReview.net},
  series = {Workshop Track Proceedings},
  title = {Weighted Geodesic Distance Following Fermat's Principle},
  year = {2018}
}

@inproceedings{scellier2018extending,
  address = {Vancouver, British Columbia, Canada},
  author = {Scellier, Benjamin and Goyal, Anirudh and Binas, Jonathan and Mesnard, Thomas and Bengio, Yoshua},
  booktitle = {6th International Conference on Learning Representations (ICLR)},
  month = {April},
  note = {<https://openreview.net/forum?id=BJ5V4ICIG>},
  openalex = {W2787849668},
  publisher = {OpenReview.net},
  series = {Workshop Track Proceedings},
  title = {Extending the Framework of Equilibrium Propagation to General Dynamics},
  year = {2018}
}

@inproceedings{schrimpf2018flexible,
  address = {Vancouver, British Columbia, Canada},
  author = {Schrimpf, Martin and Merity, Stephen and Bradbury, James and Socher, Richard},
  booktitle = {6th International Conference on Learning Representations (ICLR)},
  month = {April},
  note = {<https://openreview.net/forum?id=BJDCPSJPM>},
  openalex = {W2780625659},
  publisher = {OpenReview.net},
  series = {Workshop Track Proceedings},
  title = {A Flexible Approach to Automated RNN Architecture Generation},
  year = {2018}
}

@inproceedings{scieur2018nonlinear,
  address = {Vancouver, British Columbia, Canada},
  author = {Scieur, Damien and Oyallon, Edouard and Alex and d'Aspremont, re and Bach, Francis R.},
  booktitle = {6th International Conference on Learning Representations (ICLR)},
  month = {April},
  note = {<https://openreview.net/forum?id=HkNpF_kDM>},
  openalex = {W2951475941},
  publisher = {OpenReview.net},
  series = {Workshop Track Proceedings},
  title = {Nonlinear Acceleration of CNNs},
  year = {2018}
}

@inproceedings{sculley2018winnerscurse,
  address = {Vancouver, British Columbia, Canada},
  author = {Sculley, D. and Snoek, Jasper and Alex and Wiltschko, er B. and Rahimi, Ali},
  booktitle = {6th International Conference on Learning Representations (ICLR)},
  month = {April},
  note = {<https://openreview.net/forum?id=rJWF0Fywf>},
  openalex = {W2903995489},
  publisher = {OpenReview.net},
  series = {Workshop Track Proceedings},
  title = {Winner's Curse? On Pace, Progress, and Empirical Rigor},
  year = {2018}
}

@inproceedings{shanahan2018neural,
  address = {Vancouver, British Columbia, Canada},
  author = {Shanahan, Phiala and Trewartha, Daniel and Detmold, William},
  booktitle = {6th International Conference on Learning Representations (ICLR)},
  month = {April},
  note = {<https://openreview.net/forum?id=HJVRNlhIM>},
  openalex = {W2909526102},
  publisher = {OpenReview.net},
  series = {Workshop Track Proceedings},
  title = {Neural Network Parameter Regression for Lattice Quantum Chromodynamics Simulations in Nuclear and Particle Physics},
  year = {2018}
}

@inproceedings{sharma2018attacking,
  address = {Vancouver, British Columbia, Canada},
  author = {Sharma, Yash and Chen, Pin-Yu},
  booktitle = {6th International Conference on Learning Representations (ICLR)},
  month = {April},
  note = {<https://openreview.net/forum?id=Sy8WeUJPf>},
  openalex = {W2766972025},
  publisher = {OpenReview.net},
  series = {Workshop Track Proceedings},
  title = {Attacking the Madry Defense Model with L_1-based Adversarial Examples},
  year = {2018}
}

@inproceedings{sharma2018chatpainter,
  address = {Vancouver, British Columbia, Canada},
  author = {Sharma, Shikhar and Suhubdy, Dendi and Michalski, Vincent and Kahou, Samira Ebrahimi and Bengio, Yoshua},
  booktitle = {6th International Conference on Learning Representations (ICLR)},
  month = {April},
  note = {<https://openreview.net/forum?id=rJsnEYJwG>},
  openalex = {W2788768663},
  publisher = {OpenReview.net},
  series = {Workshop Track Proceedings},
  title = {ChatPainter: Improving Text to Image Generation using Dialogue},
  year = {2018}
}

@inproceedings{shen2018reinforcewalk,
  address = {Vancouver, British Columbia, Canada},
  author = {Shen, Yelong and Chen, Jianshu and Huang, Po-Sen and Guo, Yuqing and Gao, Jianfeng},
  booktitle = {6th International Conference on Learning Representations (ICLR)},
  month = {April},
  note = {<https://openreview.net/forum?id=HJCRT81DM>},
  openalex = {W2785708181},
  publisher = {OpenReview.net},
  series = {Workshop Track Proceedings},
  title = {ReinforceWalk: Learning to Walk in Graph with Monte Carlo Tree Search},
  year = {2018}
}

@inproceedings{shin2018differentiable,
  address = {Vancouver, British Columbia, Canada},
  author = {Shin, Richard and Packer, Charles and Song, Dawn},
  booktitle = {6th International Conference on Learning Representations (ICLR)},
  month = {April},
  note = {<https://openreview.net/forum?id=BJ-MRKkwG>},
  openalex = {W2902994895},
  publisher = {OpenReview.net},
  series = {Workshop Track Proceedings},
  title = {Differentiable Neural Network Architecture Search},
  year = {2018}
}

@inproceedings{shin2018towards,
  address = {Vancouver, British Columbia, Canada},
  author = {Shin, Richard and Polosukhin, Illia and Song, Dawn},
  booktitle = {6th International Conference on Learning Representations (ICLR)},
  month = {April},
  note = {<https://openreview.net/forum?id=B1iZRFkwz>},
  openalex = {W2910663469},
  publisher = {OpenReview.net},
  series = {Workshop Track Proceedings},
  title = {Towards Specification-Directed Program Repair},
  year = {2018}
}

@inproceedings{shioya2018extending,
  address = {Vancouver, British Columbia, Canada},
  author = {Shioya, Hiroaki and Iwasawa, Yusuke and Matsuo, Yutaka},
  booktitle = {6th International Conference on Learning Representations (ICLR)},
  month = {April},
  note = {<https://openreview.net/forum?id=BJ7Upwyvf>},
  openalex = {W2906430505},
  publisher = {OpenReview.net},
  series = {Workshop Track Proceedings},
  title = {Extending Robust Adversarial Reinforcement Learning Considering Adaptation and Diversity},
  year = {2018}
}

@inproceedings{shu2018rethinking,
  address = {Vancouver, British Columbia, Canada},
  author = {Shu, Rui and Zhao, Shengjia and Kochenderfer, Mykel J.},
  booktitle = {6th International Conference on Learning Representations (ICLR)},
  month = {April},
  note = {<https://openreview.net/forum?id=B1rQtwJDG>},
  openalex = {W2904391377},
  publisher = {OpenReview.net},
  series = {Workshop Track Proceedings},
  title = {Rethinking Style and Content Disentanglement in Variational Autoencoders},
  year = {2018}
}

@inproceedings{simonovsky2018towards,
  address = {Vancouver, British Columbia, Canada},
  author = {Simonovsky, Martin and Komodakis, Nikos},
  booktitle = {6th International Conference on Learning Representations (ICLR)},
  month = {April},
  note = {<https://openreview.net/forum?id=rJY7hoi8z>},
  openalex = {W4289436753},
  publisher = {OpenReview.net},
  series = {Workshop Track Proceedings},
  title = {Towards Variational Generation of Small Graphs},
  year = {2018}
}

@inproceedings{song2018multiagent,
  address = {Vancouver, British Columbia, Canada},
  author = {Song, Jiaming and Ren, Hongyu and Sadigh, Dorsa and Ermon, Stefano},
  booktitle = {6th International Conference on Learning Representations (ICLR)},
  month = {April},
  note = {<https://openreview.net/forum?id=rJNJIU1vf>},
  openalex = {W2883057932},
  publisher = {OpenReview.net},
  series = {Workshop Track Proceedings},
  title = {Multi-Agent Generative Adversarial Imitation Learning},
  year = {2018}
}

@inproceedings{soudry2018exponentially,
  address = {Vancouver, British Columbia, Canada},
  author = {Soudry, Daniel and Hoffer, Elad},
  booktitle = {6th International Conference on Learning Representations (ICLR)},
  month = {April},
  note = {<https://openreview.net/forum?id=rkmcPYhIM>},
  openalex = {W2618003483},
  publisher = {OpenReview.net},
  series = {Workshop Track Proceedings},
  title = {Exponentially vanishing sub-optimal local minima in multilayer neural networks},
  year = {2018}
}

@inproceedings{spring2018scalable,
  address = {Vancouver, British Columbia, Canada},
  author = {Spring, Ryan and Shrivastava, Anshumali},
  booktitle = {6th International Conference on Learning Representations (ICLR)},
  month = {April},
  note = {<https://openreview.net/forum?id=BJazbHkPG>},
  openalex = {W2906187387},
  publisher = {OpenReview.net},
  series = {Workshop Track Proceedings},
  title = {Scalable Estimation via LSH Samplers (LSS)},
  year = {2018}
}

@inproceedings{sriram2018cold,
  address = {Vancouver, British Columbia, Canada},
  author = {Sriram, Anuroop and Jun, Heewoo and Satheesh, Sanjeev and Coates, Adam},
  booktitle = {6th International Conference on Learning Representations (ICLR)},
  month = {April},
  note = {<https://openreview.net/forum?id=Syor6PRLf>},
  openalex = {W2888779557},
  publisher = {OpenReview.net},
  series = {Workshop Track Proceedings},
  title = {Cold fusion: Training Seq2seq Models Together with Language Models},
  year = {2018}
}

@inproceedings{szabo2018challenges,
  address = {Vancouver, British Columbia, Canada},
  author = {Szabó, Attila and Hu, Qiyang and Portenier, Tiziano and Zwicker, Matthias and Favaro, Paolo},
  booktitle = {6th International Conference on Learning Representations (ICLR)},
  month = {April},
  note = {<https://openreview.net/forum?id=B1e7-DsIf>},
  openalex = {W2767614780},
  publisher = {OpenReview.net},
  series = {Workshop Track Proceedings},
  title = {Challenges in Disentangling Independent Factors of Variation},
  year = {2018}
}

@inproceedings{szeto2018dataset,
  address = {Vancouver, British Columbia, Canada},
  author = {Szeto, Ryan and Stent, Simon and Ros, Germán and Corso, Jason J.},
  booktitle = {6th International Conference on Learning Representations (ICLR)},
  month = {April},
  note = {<https://openreview.net/forum?id=rJEXGGKLf>},
  openalex = {W2788690129},
  publisher = {OpenReview.net},
  series = {Workshop Track Proceedings},
  title = {A Dataset To Evaluate The Representations Learned By Video Prediction Models},
  year = {2018}
}

@inproceedings{thomas2018learning,
  address = {Vancouver, British Columbia, Canada},
  author = {Thomas, Anna T. and Gu, Albert and Dao, Tri and Rudra, Atri and Ré, Christopher},
  booktitle = {6th International Conference on Learning Representations (ICLR)},
  month = {April},
  note = {<https://openreview.net/forum?id=ryGtdFJPf>},
  openalex = {W2912515437},
  publisher = {OpenReview.net},
  series = {Workshop Track Proceedings},
  title = {Learning Invariance with Compact Transforms},
  year = {2018}
}

@inproceedings{toyama2018expertbased,
  address = {Vancouver, British Columbia, Canada},
  author = {Toyama, Joji and Iwasawa, Yusuke and Nakayama, Kotaro and Matsuo, Yutaka},
  booktitle = {6th International Conference on Learning Representations (ICLR)},
  month = {April},
  note = {<https://openreview.net/forum?id=ByuM23RUG>},
  openalex = {W2942391408},
  publisher = {OpenReview.net},
  series = {Workshop Track Proceedings},
  title = {Expert-based reward function training: the novel method to train sequence generators},
  year = {2018}
}

@inproceedings{trinh2018learning,
  address = {Vancouver, British Columbia, Canada},
  author = {Trinh, Trieu H. and Dai, Andrew M. and Luong, Minh-Thang and Le, Quoc V.},
  booktitle = {6th International Conference on Learning Representations (ICLR)},
  month = {April},
  note = {<https://openreview.net/forum?id=Hy9xDwyPM>},
  openalex = {W2964348070},
  publisher = {OpenReview.net},
  series = {Workshop Track Proceedings},
  title = {Learning Longer-term Dependencies in RNNs with Auxiliary Losses},
  year = {2018}
}

@inproceedings{tsai2018selecting,
  address = {Vancouver, British Columbia, Canada},
  author = {Tsai, Yao-Hung Hubert and Wu, Denny and Yamada, Makoto and Salakhutdinov, Ruslan and Takeuchi, Ichiro and Fukumizu, Kenji},
  booktitle = {6th International Conference on Learning Representations (ICLR)},
  month = {April},
  note = {<https://openreview.net/forum?id=SkpC5K1vG>},
  openalex = {W2787602326},
  publisher = {OpenReview.net},
  series = {Workshop Track Proceedings},
  title = {Selecting the Best in GANs Family: A Post Selection Inference Framework},
  year = {2018}
}

@inproceedings{tsuzuku2018variancebased,
  address = {Vancouver, British Columbia, Canada},
  author = {Tsuzuku, Yusuke and Imachi, Hiroto and Akiba, Takuya},
  booktitle = {6th International Conference on Learning Representations (ICLR)},
  month = {April},
  note = {<https://openreview.net/forum?id=Sy6hd7kvM>},
  openalex = {W2785456003},
  publisher = {OpenReview.net},
  series = {Workshop Track Proceedings},
  title = {Variance-based Gradient Compression for Efficient Distributed Deep Learning},
  year = {2018}
}

@inproceedings{tucker2018mirage,
  address = {Vancouver, British Columbia, Canada},
  author = {Tucker, George and Bhupatiraju, Surya and Gu, Shixiang and Turner, Richard E. and Ghahramani, Zoubin and Levine, Sergey},
  booktitle = {6th International Conference on Learning Representations (ICLR)},
  month = {April},
  note = {<https://openreview.net/forum?id=HyL0IKJwM>},
  openalex = {W2788837839},
  publisher = {OpenReview.net},
  series = {Workshop Track Proceedings},
  title = {The Mirage of Action-Dependent Baselines in Reinforcement Learning},
  year = {2018}
}

@inproceedings{usman2018stable,
  address = {Vancouver, British Columbia, Canada},
  author = {Usman, Ben and Saenko, Kate and Kulis, Brian},
  booktitle = {6th International Conference on Learning Representations (ICLR)},
  month = {April},
  note = {<https://openreview.net/forum?id=ryxEJLyvM>},
  openalex = {W2735736943},
  publisher = {OpenReview.net},
  series = {Workshop Track Proceedings},
  title = {Stable Distribution Alignment Using the Dual of the Adversarial Distance},
  year = {2018}
}

@inproceedings{wang2018additive,
  address = {Vancouver, British Columbia, Canada},
  author = {Wang, Feng and Liu, Weiyang and Dai, Hanjun and Liu, Haijun and Cheng, Jian},
  booktitle = {6th International Conference on Learning Representations (ICLR)},
  month = {April},
  note = {<https://openreview.net/forum?id=BJ2r2p6IM>},
  openalex = {W2941219996},
  publisher = {OpenReview.net},
  series = {Workshop Track Proceedings},
  title = {Additive Margin Softmax for Face Verification},
  year = {2018}
}

@inproceedings{wang2018language,
  address = {Vancouver, British Columbia, Canada},
  author = {Wang, Fei and Rompf, Tiark},
  booktitle = {6th International Conference on Learning Representations (ICLR)},
  month = {April},
  note = {<https://openreview.net/forum?id=SJxJtYkPG>},
  openalex = {W2905353385},
  publisher = {OpenReview.net},
  series = {Workshop Track Proceedings},
  title = {A Language and Compiler View on Differentiable Programming},
  year = {2018}
}

@inproceedings{wang2018optimization,
  address = {Vancouver, British Columbia, Canada},
  author = {Wang, Dilin and Liu, Qiang},
  booktitle = {6th International Conference on Learning Representations (ICLR)},
  month = {April},
  note = {<https://openreview.net/forum?id=HJjtFYJDf>},
  openalex = {W2903024257},
  publisher = {OpenReview.net},
  series = {Workshop Track Proceedings},
  title = {An Optimization View on Dynamic Routing Between Capsules},
  year = {2018}
}

@inproceedings{wang2018pelee,
  address = {Vancouver, British Columbia, Canada},
  author = {Wang, Robert J. and Li, Xiang and Ao, Shuang and Ling, Charles X.},
  booktitle = {6th International Conference on Learning Representations (ICLR)},
  month = {April},
  note = {<https://openreview.net/forum?id=r1PhalTLf>},
  openalex = {W3138819159},
  publisher = {OpenReview.net},
  series = {Workshop Track Proceedings},
  title = {Pelee: A Real-Time Object Detection System on Mobile Devices},
  year = {2018}
}

@inproceedings{wei2018dlvm,
  address = {Vancouver, British Columbia, Canada},
  author = {Wei, Richard and Schwartz, Lane and Adve, Vikram S.},
  booktitle = {6th International Conference on Learning Representations (ICLR)},
  month = {April},
  note = {<https://openreview.net/forum?id=HJxPq4ywz>},
  openalex = {W2767935072},
  publisher = {OpenReview.net},
  series = {Workshop Track Proceedings},
  title = {DLVM: A modern compiler infrastructure for deep learning systems},
  year = {2018}
}

@inproceedings{wolf2018metalearning,
  address = {Vancouver, British Columbia, Canada},
  author = {Wolf, Thomas and Chaumond, Julien and Delangue, Clement},
  booktitle = {6th International Conference on Learning Representations (ICLR)},
  month = {April},
  note = {<https://openreview.net/forum?id=SyikZmkDM>},
  openalex = {W2963542563},
  publisher = {OpenReview.net},
  series = {Workshop Track Proceedings},
  title = {Meta-Learning a Dynamical Language Model},
  year = {2018}
}

@inproceedings{wu2018building,
  address = {Vancouver, British Columbia, Canada},
  author = {Wu, Yi and Wu, Yuxin and Gkioxari, Georgia and Yu and Tian, ong},
  booktitle = {6th International Conference on Learning Representations (ICLR)},
  month = {April},
  note = {<https://openreview.net/forum?id=r1bO6vyDG>},
  openalex = {W2783375473},
  publisher = {OpenReview.net},
  series = {Workshop Track Proceedings},
  title = {Building Generalizable Agents with a Realistic and Rich 3D Environment},
  year = {2018}
}

@inproceedings{wu2018no,
  address = {Vancouver, British Columbia, Canada},
  author = {Wu, Chenwei and Luo, Jiajun and Lee, Jason D.},
  booktitle = {6th International Conference on Learning Representations (ICLR)},
  month = {April},
  note = {<https://openreview.net/forum?id=BJD_sj0If>},
  openalex = {W2786983307},
  publisher = {OpenReview.net},
  series = {Workshop Track Proceedings},
  title = {No Spurious Local Minima in a Two Hidden Unit ReLU Network},
  year = {2018}
}

@inproceedings{xiao2018dnagan,
  address = {Vancouver, British Columbia, Canada},
  author = {Xiao, Taihong and Hong, Jiapeng and Ma, Jinwen},
  booktitle = {6th International Conference on Learning Representations (ICLR)},
  month = {April},
  note = {<https://openreview.net/forum?id=rkX1FF_UM>},
  openalex = {W2963008857},
  publisher = {OpenReview.net},
  series = {Workshop Track Proceedings},
  title = {DNA-GAN: Learning Disentangled Representations from Multi-Attribute Images},
  year = {2018}
}

@inproceedings{xu2018training,
  address = {Vancouver, British Columbia, Canada},
  author = {Xu, Zheng and Hsu, Yen-Chang and Huang, Jiawei},
  booktitle = {6th International Conference on Learning Representations (ICLR)},
  month = {April},
  note = {<https://openreview.net/forum?id=BJbtuRRLM>},
  openalex = {W2962982906},
  publisher = {OpenReview.net},
  series = {Workshop Track Proceedings},
  title = {Training Shallow and Thin Networks for Acceleration via Knowledge Distillation with Conditional Adversarial Networks},
  year = {2018}
}

@inproceedings{yamada2018shakedrop,
  address = {Vancouver, British Columbia, Canada},
  author = {Yamada, Yoshihiro and Iwamura, Masakazu and Kise, Koichi},
  booktitle = {6th International Conference on Learning Representations (ICLR)},
  month = {April},
  note = {<https://openreview.net/forum?id=Bymu6tJwz>},
  openalex = {W2903105043},
  publisher = {OpenReview.net},
  series = {Workshop Track Proceedings},
  title = {ShakeDrop regularization},
  year = {2018}
}

@inproceedings{yang2018filtermap,
  address = {Vancouver, British Columbia, Canada},
  author = {Yang, Yingzhen and Yang, Jianchao and Xu, Ning and Han, Wei and Jojic, Nebojsa and Huang, Thomas S.},
  booktitle = {6th International Conference on Learning Representations (ICLR)},
  month = {April},
  note = {<https://openreview.net/forum?id=Sk4_LURHf>},
  publisher = {OpenReview.net},
  series = {Workshop Track Proceedings},
  title = {3D-FilterMap: A Compact Architecture for Deep Convolutional Neural Networks},
  year = {2018}
}

@inproceedings{yang2018learning,
  address = {Vancouver, British Columbia, Canada},
  author = {Yang, Fan and Nie, Jiazhong and Cohen, William W. and Lao, Ni},
  booktitle = {6th International Conference on Learning Representations (ICLR)},
  month = {April},
  note = {<https://openreview.net/forum?id=rkqJIc5UM>},
  openalex = {W2768697750},
  publisher = {OpenReview.net},
  series = {Workshop Track Proceedings},
  title = {Learning to Organize Knowledge with N-Gram Machines},
  year = {2018}
}

@inproceedings{yazici2018autoregressive,
  address = {Vancouver, British Columbia, Canada},
  author = {Yazici, Yasin and Yap, Kim-Hui and Winkler, Stefan},
  booktitle = {6th International Conference on Learning Representations (ICLR)},
  month = {April},
  note = {<https://openreview.net/forum?id=Hyo9zDuIz>},
  openalex = {W2787151388},
  publisher = {OpenReview.net},
  series = {Workshop Track Proceedings},
  title = {Autoregressive Generative Adversarial Networks},
  year = {2018}
}

@inproceedings{yoon2018inference,
  address = {Vancouver, British Columbia, Canada},
  author = {Yoon, KiJung and Liao, Renjie and Xiong, Yuwen and Zhang, Lisa and Fetaya, Ethan and Urtasun, Raquel and Zemel, Richard S. and Pitkow, Xaq},
  booktitle = {6th International Conference on Learning Representations (ICLR)},
  month = {April},
  note = {<https://openreview.net/forum?id=rkN1pF1vz>},
  openalex = {W2964084343},
  publisher = {OpenReview.net},
  series = {Workshop Track Proceedings},
  title = {Inference in Probabilistic Graphical Models by Graph Neural Networks},
  year = {2018}
}

@inproceedings{ysbr2018iterative,
  address = {Vancouver, British Columbia, Canada},
  author = {Ysbr and Galama and Mensink, Thomas},
  booktitle = {6th International Conference on Learning Representations (ICLR)},
  month = {April},
  note = {<https://openreview.net/forum?id=HJ7rdGkPz>},
  openalex = {W2913502948},
  publisher = {OpenReview.net},
  series = {Workshop Track Proceedings},
  title = {Iterative GANs for Rotating Visual Objects},
  year = {2018}
}

@inproceedings{yu20183dscene,
  address = {Vancouver, British Columbia, Canada},
  author = {Yu, Chong and Wang, Young},
  booktitle = {6th International Conference on Learning Representations (ICLR)},
  month = {April},
  note = {<https://openreview.net/forum?id=SkNEsmJwf>},
  openalex = {W2902164234},
  publisher = {OpenReview.net},
  series = {Workshop Track Proceedings},
  title = {3D-Scene-GAN: Three-dimensional Scene Reconstruction with Generative Adversarial Networks},
  year = {2018}
}

@inproceedings{yu2018fast,
  address = {Vancouver, British Columbia, Canada},
  author = {Yu, Keyi and Liu, Yang and Alex and Schwing, er G. and Peng, Jian},
  booktitle = {6th International Conference on Learning Representations (ICLR)},
  month = {April},
  note = {<https://openreview.net/forum?id=r1wlAd1vM>},
  openalex = {W2787146684},
  publisher = {OpenReview.net},
  series = {Workshop Track Proceedings},
  title = {Fast and Accurate Text Classification: Skimming, Rereading and Early Stopping},
  year = {2018}
}

@inproceedings{yu2018learning,
  address = {Vancouver, British Columbia, Canada},
  author = {Yu, Fisher and Wang, Dequan and Shelhamer, Evan and Darrell, Trevor},
  booktitle = {6th International Conference on Learning Representations (ICLR)},
  month = {April},
  note = {<https://openreview.net/forum?id=HJXVjtJvz>},
  openalex = {W2904054060},
  publisher = {OpenReview.net},
  series = {Workshop Track Proceedings},
  title = {Learning Rich Image Representation with Deep Layer Aggregation},
  year = {2018}
}

@inproceedings{yu2018oneshot,
  address = {Vancouver, British Columbia, Canada},
  author = {Yu, Tianhe and Finn, Chelsea and Xie, Annie and Dasari, Sudeep and Zhang, Tianhao and Abbeel, Pieter and Levine, Sergey},
  booktitle = {6th International Conference on Learning Representations (ICLR)},
  month = {April},
  note = {<https://openreview.net/forum?id=Bk6p7YCLf>},
  openalex = {W2963703448},
  publisher = {OpenReview.net},
  series = {Workshop Track Proceedings},
  title = {One-Shot Imitation from Observing Humans via Domain-Adaptive Meta-Learning},
  year = {2018}
}

@inproceedings{yuan2018feature,
  address = {Vancouver, British Columbia, Canada},
  author = {Yuan, Yuhui and Yang, Kuiyuan and Guo, Jianyuan and Zhang, Chao and Wang, Jingdong},
  booktitle = {6th International Conference on Learning Representations (ICLR)},
  month = {April},
  note = {<https://openreview.net/forum?id=rycPR0Luz>},
  openalex = {W2963329163},
  publisher = {OpenReview.net},
  series = {Workshop Track Proceedings},
  title = {Feature Incay for Representation Regularization},
  year = {2018}
}

@inproceedings{zahavy2018ensemble,
  address = {Vancouver, British Columbia, Canada},
  author = {Zahavy, Tom and Kang, Bingyi and Sivak, Alex and Feng, Jiashi and Xu, Huan and Mannor, Shie},
  booktitle = {6th International Conference on Learning Representations (ICLR)},
  month = {April},
  note = {<https://openreview.net/forum?id=HyJf8QJDz>},
  openalex = {W2768015416},
  publisher = {OpenReview.net},
  series = {Workshop Track Proceedings},
  title = {Ensemble Robustness and Generalization of Stochastic Deep Learning Algorithms},
  year = {2018}
}

@inproceedings{zhang2018decoupling,
  address = {Vancouver, British Columbia, Canada},
  author = {Zhang, Amy and Satija, Harsh and Pineau, Joelle},
  booktitle = {6th International Conference on Learning Representations (ICLR)},
  month = {April},
  note = {<https://openreview.net/forum?id=H1aoddyvM>},
  openalex = {W2799245749},
  publisher = {OpenReview.net},
  series = {Workshop Track Proceedings},
  title = {Decoupling Dynamics and Reward for Transfer Learning},
  year = {2018}
}

@inproceedings{zhang2018efficient,
  address = {Vancouver, British Columbia, Canada},
  author = {Zhang, Yiming and Vuong, Quan Ho and Song, Kenny and Gong, Xiao-Yue and Ross, Keith W.},
  booktitle = {6th International Conference on Learning Representations (ICLR)},
  month = {April},
  note = {<https://openreview.net/forum?id=rJc8sN1vG>},
  openalex = {W2964261826},
  publisher = {OpenReview.net},
  series = {Workshop Track Proceedings},
  title = {Efficient Entropy For Policy Gradient with Multi-Dimensional Action Space},
  year = {2018}
}

@inproceedings{zhang2018leveraging,
  address = {Vancouver, British Columbia, Canada},
  author = {Zhang, Lisa and Rosenblatt, Gregory and Fetaya, Ethan and Liao, Renjie and Byrd, William E. and Urtasun, Raquel and Zemel, Richard S.},
  booktitle = {6th International Conference on Learning Representations (ICLR)},
  month = {April},
  note = {<https://openreview.net/forum?id=HJIHtIJvz>},
  openalex = {W2903153676},
  publisher = {OpenReview.net},
  series = {Workshop Track Proceedings},
  title = {Leveraging Constraint Logic Programming for Neural Guided Program Synthesis},
  year = {2018}
}

@inproceedings{zhang2018regularization,
  address = {Vancouver, British Columbia, Canada},
  author = {Zhang, Zhendong and Jung, Cheolkon},
  booktitle = {6th International Conference on Learning Representations (ICLR)},
  month = {April},
  note = {<https://openreview.net/forum?id=Bkco4ATIG>},
  openalex = {W2786887187},
  publisher = {OpenReview.net},
  series = {Workshop Track Proceedings},
  title = {Regularization Neural Networks via Constrained Virtual Movement Field},
  year = {2018}
}

@inproceedings{zhang2018systematic,
  address = {Vancouver, British Columbia, Canada},
  author = {Zhang, Tianyun and Ye, Shaokai and Zhang, Yipeng and Wang, Yanzhi and Fardad, Makan},
  booktitle = {6th International Conference on Learning Representations (ICLR)},
  month = {April},
  note = {<https://openreview.net/forum?id=B1_u3cRUG>},
  openalex = {W2788852320},
  publisher = {OpenReview.net},
  series = {Workshop Track Proceedings},
  title = {Systematic Weight Pruning of DNNs using Alternating Direction Method of Multipliers},
  year = {2018}
}

@inproceedings{zhao2018learning,
  address = {Vancouver, British Columbia, Canada},
  author = {Zhao, Qibin and Sugiyama, Masashi and Yuan, Longhao and Cichocki, Andrzej},
  booktitle = {6th International Conference on Learning Representations (ICLR)},
  month = {April},
  note = {<https://openreview.net/forum?id=r1KdWO1PM>},
  openalex = {W2972959421},
  publisher = {OpenReview.net},
  series = {Workshop Track Proceedings},
  title = {Learning Efficient Tensor Representations with Ring Structure Networks},
  year = {2018}
}

@inproceedings{zhao2018multiple,
  address = {Vancouver, British Columbia, Canada},
  author = {Zhao, Han and Zhang, Shanghang and Wu, Guanhang and Costeira, João Paulo and Moura, José M. F. and Gordon, Geoffrey J.},
  booktitle = {6th International Conference on Learning Representations (ICLR)},
  month = {April},
  note = {<https://openreview.net/forum?id=BkzXYSkvz>},
  openalex = {W2786081970},
  publisher = {OpenReview.net},
  series = {Workshop Track Proceedings},
  title = {Multiple Source Domain Adaptation with Adversarial Learning},
  year = {2018}
}

@inproceedings{zhelezniak2018decoding,
  address = {Vancouver, British Columbia, Canada},
  author = {Zhelezniak, Vitalii and Busbridge, Dan and Shen, April and Smith, Samuel L. and Hammerla, Nils Y.},
  booktitle = {6th International Conference on Learning Representations (ICLR)},
  month = {April},
  note = {<https://openreview.net/forum?id=SJOOAEJwf>},
  openalex = {W2964314423},
  publisher = {OpenReview.net},
  series = {Workshop Track Proceedings},
  title = {Decoding Decoders: Finding Optimal Representation Spaces for Unsupervised Similarity Tasks},
  year = {2018}
}

@inproceedings{zhu2018to,
  address = {Vancouver, British Columbia, Canada},
  author = {Zhu, Michael and Gupta, Suyog},
  booktitle = {6th International Conference on Learning Representations (ICLR)},
  month = {April},
  note = {<https://openreview.net/forum?id=Sy1iIDkPM>},
  openalex = {W2764043458},
  publisher = {OpenReview.net},
  series = {Workshop Track Proceedings},
  title = {To Prune, or Not to Prune: Exploring the Efficacy of Pruning for Model Compression},
  year = {2018}
}
