@inproceedings{abdolmaleki2018maximum,
 address = {Vancouver, British Columbia, Canada},
 author = {Abdolmaleki, Abbas and Springenberg, Jost Tobias and Tassa, Yuval and Munos, Rémi and Heess, Nicolas and Riedmiller, Martin A.},
 booktitle = {6th International Conference on Learning Representations (ICLR)},
 month = {April},
 note = {\url{https://openreview.net/forum?id=S1ANxQW0b}},
 publisher = {OpenReview.net},
 series = {Conference Track Proceedings},
 title = {Maximum a Posteriori Policy Optimisation},
 year = {2018}
}

@inproceedings{achterhold2018variational,
 address = {Vancouver, British Columbia, Canada},
 author = {Achterhold, Jan and Köhler, Jan M. and Schmeink, Anke and Genewein, Tim},
 booktitle = {6th International Conference on Learning Representations (ICLR)},
 month = {April},
 note = {\url{https://openreview.net/forum?id=ry-TW-WAb}},
 publisher = {OpenReview.net},
 series = {Conference Track Proceedings},
 title = {Variational Network Quantization},
 year = {2018}
}

@inproceedings{ahmad2018multitask,
 address = {Vancouver, British Columbia, Canada},
 author = {Ahmad, Wasi Uddin and Chang, Kai-Wei and Wang, Hongning},
 booktitle = {6th International Conference on Learning Representations (ICLR)},
 month = {April},
 note = {\url{https://openreview.net/forum?id=SJ1nzBeA-}},
 publisher = {OpenReview.net},
 series = {Conference Track Proceedings},
 title = {Multi-Task Learning for Document Ranking and Query Suggestion},
 year = {2018}
}

@inproceedings{aleks2018deep,
 address = {Vancouver, British Columbia, Canada},
 author = {Aleks, and Bojchevski, ar and Günnemann, Stephan},
 booktitle = {6th International Conference on Learning Representations (ICLR)},
 month = {April},
 note = {\url{https://openreview.net/forum?id=r1ZdKJ-0W}},
 publisher = {OpenReview.net},
 series = {Conference Track Proceedings},
 title = {Deep Gaussian Embedding of Graphs: Unsupervised Inductive Learning via Ranking},
 year = {2018}
}

@inproceedings{aleks2018learning,
 address = {Vancouver, British Columbia, Canada},
 author = {Aleks, and Wieczorek, er and Wieser, Mario and Murezzan, Damian and Roth, Volker},
 booktitle = {6th International Conference on Learning Representations (ICLR)},
 month = {April},
 note = {\url{https://openreview.net/forum?id=Hk0wHx-RW}},
 publisher = {OpenReview.net},
 series = {Conference Track Proceedings},
 title = {Learning Sparse Latent Representations with the Deep Copula Information Bottleneck},
 year = {2018}
}

@inproceedings{aleks2018towards,
 address = {Vancouver, British Columbia, Canada},
 author = {Aleks and Madry, Er and Aleks and Makelov, Ar and Schmidt, Ludwig and Tsipras, Dimitris and Vladu, Adrian},
 booktitle = {6th International Conference on Learning Representations (ICLR)},
 month = {April},
 note = {\url{https://openreview.net/forum?id=rJzIBfZAb}},
 publisher = {OpenReview.net},
 series = {Conference Track Proceedings},
 title = {Towards Deep Learning Models Resistant to Adversarial Attacks},
 year = {2018}
}

@inproceedings{alex2018consequentialist,
 address = {Vancouver, British Columbia, Canada},
 author = {Alex and Peysakhovich, Er and Lerer, Adam},
 booktitle = {6th International Conference on Learning Representations (ICLR)},
 month = {April},
 note = {\url{https://openreview.net/forum?id=BkabRiQpb}},
 publisher = {OpenReview.net},
 series = {Conference Track Proceedings},
 title = {Consequentialist conditional cooperation in social dilemmas with imperfect information},
 year = {2018}
}

@inproceedings{alex2018highdimensional,
 address = {Vancouver, British Columbia, Canada},
 author = {Alex and Anderson, E. G. and Berg, Cory P.},
 booktitle = {6th International Conference on Learning Representations (ICLR)},
 month = {April},
 note = {\url{https://openreview.net/forum?id=B1IDRdeCW}},
 publisher = {OpenReview.net},
 series = {Conference Track Proceedings},
 title = {The High-Dimensional Geometry of Binary Neural Networks},
 year = {2018}
}

@inproceedings{alex2018interpretable,
 address = {Vancouver, British Columbia, Canada},
 author = {Alex and Trott, Er and Xiong, Caiming and Socher, Richard},
 booktitle = {6th International Conference on Learning Representations (ICLR)},
 month = {April},
 note = {\url{https://openreview.net/forum?id=S1J2ZyZ0Z}},
 publisher = {OpenReview.net},
 series = {Conference Track Proceedings},
 title = {Interpretable Counting for Visual Question Answering},
 year = {2018}
}

@inproceedings{alex2018unsupervised,
 address = {Vancouver, British Columbia, Canada},
 author = {Alex, and Péré, re and Forestier, Sébastien and Sigaud, Olivier and Oudeyer, Pierre-Yves},
 booktitle = {6th International Conference on Learning Representations (ICLR)},
 month = {April},
 note = {\url{https://openreview.net/forum?id=S1DWPP1A-}},
 publisher = {OpenReview.net},
 series = {Conference Track Proceedings},
 title = {Unsupervised Learning of Goal Spaces for Intrinsically Motivated Goal Exploration},
 year = {2018}
}

@inproceedings{allamanis2018learning,
 address = {Vancouver, British Columbia, Canada},
 author = {Allamanis, Miltiadis and Brockschmidt, Marc and Khademi, Mahmoud},
 booktitle = {6th International Conference on Learning Representations (ICLR)},
 month = {April},
 note = {\url{https://openreview.net/forum?id=BJOFETxR-}},
 publisher = {OpenReview.net},
 series = {Conference Track Proceedings},
 title = {Learning to Represent Programs with Graphs},
 year = {2018}
}

@inproceedings{alshedivat2018continuous,
 address = {Vancouver, British Columbia, Canada},
 author = {Al-Shedivat, Maruan and Bansal, Trapit and Burda, Yura and Sutskever, Ilya and Mordatch, Igor and Abbeel, Pieter},
 booktitle = {6th International Conference on Learning Representations (ICLR)},
 month = {April},
 note = {\url{https://openreview.net/forum?id=Sk2u1g-0-}},
 publisher = {OpenReview.net},
 series = {Conference Track Proceedings},
 title = {Continuous Adaptation via Meta-Learning in Nonstationary and Competitive Environments},
 year = {2018}
}

@inproceedings{amiranashvili2018temporal,
 address = {Vancouver, British Columbia, Canada},
 author = {Amiranashvili, Artemij and Dosovitskiy, Alexey and Koltun, Vladlen and Brox, Thomas},
 booktitle = {6th International Conference on Learning Representations (ICLR)},
 month = {April},
 note = {\url{https://openreview.net/forum?id=HyiAuyb0b}},
 publisher = {OpenReview.net},
 series = {Conference Track Proceedings},
 title = {TD or not TD: Analyzing the Role of Temporal Differencing in Deep Reinforcement Learning},
 year = {2018}
}

@inproceedings{ancona2018towards,
 address = {Vancouver, British Columbia, Canada},
 author = {Ancona, Marco and Ceolini, Enea and Öztireli, Cengiz and Gross, Markus},
 booktitle = {6th International Conference on Learning Representations (ICLR)},
 month = {April},
 note = {\url{https://openreview.net/forum?id=Sy21R9JAW}},
 publisher = {OpenReview.net},
 series = {Conference Track Proceedings},
 title = {Towards better understanding of gradient-based attribution methods for Deep Neural Networks},
 year = {2018}
}

@inproceedings{angles2018generative,
 address = {Vancouver, British Columbia, Canada},
 author = {Angles, Tomás and Mallat, Stéphane},
 booktitle = {6th International Conference on Learning Representations (ICLR)},
 month = {April},
 note = {\url{https://openreview.net/forum?id=r1NYjfbR-}},
 publisher = {OpenReview.net},
 series = {Conference Track Proceedings},
 title = {Generative Networks as Inverse Problems with Scattering Transforms},
 year = {2018}
}

@inproceedings{anil2018large,
 address = {Vancouver, British Columbia, Canada},
 author = {Anil, Rohan and Pereyra, Gabriel and Alex and Passos, Re and Ormándi, Róbert and Dahl, George E. and Hinton, Geoffrey E.},
 booktitle = {6th International Conference on Learning Representations (ICLR)},
 month = {April},
 note = {\url{https://openreview.net/forum?id=rkr1UDeC-}},
 publisher = {OpenReview.net},
 series = {Conference Track Proceedings},
 title = {Large scale distributed neural network training through online distillation},
 year = {2018}
}

@inproceedings{arabshahi2018combining,
 address = {Vancouver, British Columbia, Canada},
 author = {Arabshahi, Forough and Singh, Sameer and An, Animashree},
 booktitle = {6th International Conference on Learning Representations (ICLR)},
 month = {April},
 note = {\url{https://openreview.net/forum?id=Hksj2WWAW}},
 publisher = {OpenReview.net},
 series = {Conference Track Proceedings},
 title = {Combining Symbolic Expressions and Black-box Function Evaluations in Neural Programs},
 year = {2018}
}

@inproceedings{arora2018compressed,
 address = {Vancouver, British Columbia, Canada},
 author = {Arora, Sanjeev and Khodak, Mikhail and Saunshi, Nikunj and Vodrahalli, Kiran},
 booktitle = {6th International Conference on Learning Representations (ICLR)},
 month = {April},
 note = {\url{https://openreview.net/forum?id=B1e5ef-C-}},
 publisher = {OpenReview.net},
 series = {Conference Track Proceedings},
 title = {A Compressed Sensing View of Unsupervised Text Embeddings, Bag-of-n-Grams, and LSTMs},
 year = {2018}
}

@inproceedings{arora2018do,
 address = {Vancouver, British Columbia, Canada},
 author = {Arora, Sanjeev and Risteski, Andrej and Zhang, Yi},
 booktitle = {6th International Conference on Learning Representations (ICLR)},
 month = {April},
 note = {\url{https://openreview.net/forum?id=BJehNfW0-}},
 publisher = {OpenReview.net},
 series = {Conference Track Proceedings},
 title = {Do GANs learn the distribution? Some Theory and Empirics},
 year = {2018}
}

@inproceedings{arora2018understanding,
 address = {Vancouver, British Columbia, Canada},
 author = {Arora, Raman and Basu, Amitabh and Mianjy, Poorya and Mukherjee, Anirbit},
 booktitle = {6th International Conference on Learning Representations (ICLR)},
 month = {April},
 note = {\url{https://openreview.net/forum?id=B1J_rgWRW}},
 publisher = {OpenReview.net},
 series = {Conference Track Proceedings},
 title = {Understanding Deep Neural Networks with Rectified Linear Units},
 year = {2018}
}

@inproceedings{artetxe2018unsupervised,
 address = {Vancouver, British Columbia, Canada},
 author = {Artetxe, Mikel and Labaka, Gorka and Agirre, Eneko and Cho, Kyunghyun},
 booktitle = {6th International Conference on Learning Representations (ICLR)},
 month = {April},
 note = {\url{https://openreview.net/forum?id=Sy2ogebAW}},
 publisher = {OpenReview.net},
 series = {Conference Track Proceedings},
 title = {Unsupervised Neural Machine Translation},
 year = {2018}
}

@inproceedings{arvanitidis2018latent,
 address = {Vancouver, British Columbia, Canada},
 author = {Arvanitidis, Georgios and Hansen, Lars Kai and Hauberg, Søren},
 booktitle = {6th International Conference on Learning Representations (ICLR)},
 month = {April},
 note = {\url{https://openreview.net/forum?id=SJzRZ-WCZ}},
 publisher = {OpenReview.net},
 series = {Conference Track Proceedings},
 title = {Latent Space Oddity: on the Curvature of Deep Generative Models},
 year = {2018}
}

@inproceedings{ashok2018n2n,
 address = {Vancouver, British Columbia, Canada},
 author = {Ashok, Anubhav and Rhinehart, Nicholas and Beainy, Fares and Kitani, Kris M.},
 booktitle = {6th International Conference on Learning Representations (ICLR)},
 month = {April},
 note = {\url{https://openreview.net/forum?id=B1hcZZ-AW}},
 publisher = {OpenReview.net},
 series = {Conference Track Proceedings},
 title = {N2N learning: Network to Network Compression via Policy Gradient Reinforcement Learning},
 year = {2018}
}

@inproceedings{athiwaratkun2018hierarchical,
 address = {Vancouver, British Columbia, Canada},
 author = {Athiwaratkun, Ben and Wilson, Andrew Gordon},
 booktitle = {6th International Conference on Learning Representations (ICLR)},
 month = {April},
 note = {\url{https://openreview.net/forum?id=HJCXZQbAZ}},
 publisher = {OpenReview.net},
 series = {Conference Track Proceedings},
 title = {Hierarchical Density Order Embeddings},
 year = {2018}
}

@inproceedings{babaeizadeh2018stochastic,
 address = {Vancouver, British Columbia, Canada},
 author = {Babaeizadeh, Mohammad and Finn, Chelsea and Erhan, Dumitru and Campbell, Roy H. and Levine, Sergey},
 booktitle = {6th International Conference on Learning Representations (ICLR)},
 month = {April},
 note = {\url{https://openreview.net/forum?id=rk49Mg-CW}},
 publisher = {OpenReview.net},
 series = {Conference Track Proceedings},
 title = {Stochastic Variational Video Prediction},
 year = {2018}
}

@inproceedings{balle2018variational,
 address = {Vancouver, British Columbia, Canada},
 author = {Ballé, Johannes and Minnen, David and Singh, Saurabh and Hwang, Sung Jin and Johnston, Nick},
 booktitle = {6th International Conference on Learning Representations (ICLR)},
 month = {April},
 note = {\url{https://openreview.net/forum?id=rkcQFMZRb}},
 publisher = {OpenReview.net},
 series = {Conference Track Proceedings},
 title = {Variational image compression with a scale hyperprior},
 year = {2018}
}

@inproceedings{bansal2018emergent,
 address = {Vancouver, British Columbia, Canada},
 author = {Bansal, Trapit and Pachocki, Jakub and Sidor, Szymon and Sutskever, Ilya and Mordatch, Igor},
 booktitle = {6th International Conference on Learning Representations (ICLR)},
 month = {April},
 note = {\url{https://openreview.net/forum?id=Sy0GnUxCb}},
 publisher = {OpenReview.net},
 series = {Conference Track Proceedings},
 title = {Emergent Complexity via Multi-Agent Competition},
 year = {2018}
}

@inproceedings{bansal2018pixelnn,
 address = {Vancouver, British Columbia, Canada},
 author = {Bansal, Aayush and Sheikh, Yaser and Ramanan, Deva},
 booktitle = {6th International Conference on Learning Representations (ICLR)},
 month = {April},
 note = {\url{https://openreview.net/forum?id=Syhr6pxCW}},
 publisher = {OpenReview.net},
 series = {Conference Track Proceedings},
 title = {PixelNN: Example-based Image Synthesis},
 year = {2018}
}

@inproceedings{barthmaron2018distributed,
 address = {Vancouver, British Columbia, Canada},
 author = {Barth-Maron, Gabriel and Hoffman, Matthew W. and Budden, David and Dabney, Will and Horgan, Dan and TB, Dhruva and Muldal, Alistair and Heess, Nicolas and Lillicrap, Timothy P.},
 booktitle = {6th International Conference on Learning Representations (ICLR)},
 month = {April},
 note = {\url{https://openreview.net/forum?id=SyZipzbCb}},
 publisher = {OpenReview.net},
 series = {Conference Track Proceedings},
 title = {Distributed Distributional Deterministic Policy Gradients},
 year = {2018}
}

@inproceedings{baydin2018online,
 address = {Vancouver, British Columbia, Canada},
 author = {Baydin, Atilim Gunes and Cornish, Robert and Martínez-Rubio, David and Schmidt, Mark and Wood, Frank},
 booktitle = {6th International Conference on Learning Representations (ICLR)},
 month = {April},
 note = {\url{https://openreview.net/forum?id=BkrsAzWAb}},
 publisher = {OpenReview.net},
 series = {Conference Track Proceedings},
 title = {Online Learning Rate Adaptation with Hypergradient Descent},
 year = {2018}
}

@inproceedings{belinkov2018synthetic,
 address = {Vancouver, British Columbia, Canada},
 author = {Belinkov, Yonatan and Bisk, Yonatan},
 booktitle = {6th International Conference on Learning Representations (ICLR)},
 month = {April},
 note = {\url{https://openreview.net/forum?id=BJ8vJebC-}},
 publisher = {OpenReview.net},
 series = {Conference Track Proceedings},
 title = {Synthetic and Natural Noise Both Break Neural Machine Translation},
 year = {2018}
}

@inproceedings{bellec2018deep,
 address = {Vancouver, British Columbia, Canada},
 author = {Bellec, Guillaume and Kappel, David and Maass, Wolfgang and Legenstein, Robert},
 booktitle = {6th International Conference on Learning Representations (ICLR)},
 month = {April},
 note = {\url{https://openreview.net/forum?id=BJ_wN01C-}},
 publisher = {OpenReview.net},
 series = {Conference Track Proceedings},
 title = {Deep Rewiring: Training Very Sparse Deep Networks},
 year = {2018}
}

@inproceedings{berrada2018smooth,
 address = {Vancouver, British Columbia, Canada},
 author = {Berrada, Leonard and Zisserman, Andrew and Kumar, M. Pawan},
 booktitle = {6th International Conference on Learning Representations (ICLR)},
 month = {April},
 note = {\url{https://openreview.net/forum?id=Hk5elxbRW}},
 publisher = {OpenReview.net},
 series = {Conference Track Proceedings},
 title = {Smooth Loss Functions for Deep Top-k Classification},
 year = {2018}
}

@inproceedings{berseth2018progressive,
 address = {Vancouver, British Columbia, Canada},
 author = {Berseth, Glen and Xie, Cheng and Cernek, Paul and Panne, Michiel van de},
 booktitle = {6th International Conference on Learning Representations (ICLR)},
 month = {April},
 note = {\url{https://openreview.net/forum?id=B13njo1R-}},
 publisher = {OpenReview.net},
 series = {Conference Track Proceedings},
 title = {Progressive Reinforcement Learning with Distillation for Multi-Skilled Motion Control},
 year = {2018}
}

@inproceedings{bezenac2018deep,
 address = {Vancouver, British Columbia, Canada},
 author = {Bézenac, Emmanuel de and Pajot, Arthur and Gallinari, Patrick},
 booktitle = {6th International Conference on Learning Representations (ICLR)},
 month = {April},
 note = {\url{https://openreview.net/forum?id=By4HsfWAZ}},
 publisher = {OpenReview.net},
 series = {Conference Track Proceedings},
 title = {Deep Learning for Physical Processes: Incorporating Prior Scientific Knowledge},
 year = {2018}
}

@inproceedings{bora2018ambientgan,
 address = {Vancouver, British Columbia, Canada},
 author = {Bora, Ashish and Price, Eric and Alex, and Dimakis, Greg G.},
 booktitle = {6th International Conference on Learning Representations (ICLR)},
 month = {April},
 note = {\url{https://openreview.net/forum?id=Hy7fDog0b}},
 publisher = {OpenReview.net},
 series = {Conference Track Proceedings},
 title = {AmbientGAN: Generative Models from Lossy Measurements},
 year = {2018}
}

@inproceedings{bosselut2018simulating,
 address = {Vancouver, British Columbia, Canada},
 author = {Bosselut, Antoine and Levy, Omer and Holtzman, Ari and Ennis, Corin and Fox, Dieter and Choi, Yejin},
 booktitle = {6th International Conference on Learning Representations (ICLR)},
 month = {April},
 note = {\url{https://openreview.net/forum?id=rJYFzMZC-}},
 publisher = {OpenReview.net},
 series = {Conference Track Proceedings},
 title = {Simulating Action Dynamics with Neural Process Networks},
 year = {2018}
}

@inproceedings{br2018learning,
 address = {Vancouver, British Columbia, Canada},
 author = {Br, and Amos, on and Dinh, Laurent and Cabi, Serkan and Rothörl, Thomas and Colmenarejo, Sergio Gomez and Muldal, Alistair and Erez, Tom and Tassa, Yuval and Freitas, o de and Denil, Misha},
 booktitle = {6th International Conference on Learning Representations (ICLR)},
 month = {April},
 note = {\url{https://openreview.net/forum?id=r1HhRfWRZ}},
 publisher = {OpenReview.net},
 series = {Conference Track Proceedings},
 title = {Learning Awareness Models},
 year = {2018}
}

@inproceedings{brock2018smash,
 address = {Vancouver, British Columbia, Canada},
 author = {Brock, Andrew and Lim, Theodore and Ritchie, James M. and Weston, Nick},
 booktitle = {6th International Conference on Learning Representations (ICLR)},
 month = {April},
 note = {\url{https://openreview.net/forum?id=rydeCEhs-}},
 publisher = {OpenReview.net},
 series = {Conference Track Proceedings},
 title = {SMASH: One-Shot Model Architecture Search through HyperNetworks},
 year = {2018}
}

@inproceedings{brutzkus2018sgd,
 address = {Vancouver, British Columbia, Canada},
 author = {Brutzkus, Alon and Globerson, Amir and Malach, Eran and Shalev-Shwartz, Shai},
 booktitle = {6th International Conference on Learning Representations (ICLR)},
 month = {April},
 note = {\url{https://openreview.net/forum?id=rJ33wwxRb}},
 publisher = {OpenReview.net},
 series = {Conference Track Proceedings},
 title = {SGD Learns Over-parameterized Networks that Provably Generalize on Linearly Separable Data},
 year = {2018}
}

@inproceedings{buck2018ask,
 address = {Vancouver, British Columbia, Canada},
 author = {Buck, Christian and Bulian, Jannis and Ciaramita, Massimiliano and Gajewski, Wojciech and Gesmundo, Andrea and Houlsby, Neil and Wang, Wei},
 booktitle = {6th International Conference on Learning Representations (ICLR)},
 month = {April},
 note = {\url{https://openreview.net/forum?id=S1CChZ-CZ}},
 publisher = {OpenReview.net},
 series = {Conference Track Proceedings},
 title = {Ask the Right Questions: Active Question Reformulation with Reinforcement Learning},
 year = {2018}
}

@inproceedings{buckman2018thermometer,
 address = {Vancouver, British Columbia, Canada},
 author = {Buckman, Jacob and Roy, Aurko and Raffel, Colin and Goodfellow, Ian J.},
 booktitle = {6th International Conference on Learning Representations (ICLR)},
 month = {April},
 note = {\url{https://openreview.net/forum?id=S18Su--CW}},
 publisher = {OpenReview.net},
 series = {Conference Track Proceedings},
 title = {Thermometer Encoding: One Hot Way To Resist Adversarial Examples},
 year = {2018}
}

@inproceedings{bullins2018notsorandom,
 address = {Vancouver, British Columbia, Canada},
 author = {Bullins, Brian and Zhang, Cyril and Zhang, Yi},
 booktitle = {6th International Conference on Learning Representations (ICLR)},
 month = {April},
 note = {\url{https://openreview.net/forum?id=Hk8XMWgRb}},
 publisher = {OpenReview.net},
 series = {Conference Track Proceedings},
 title = {Not-So-Random Features},
 year = {2018}
}

@inproceedings{bunel2018leveraging,
 address = {Vancouver, British Columbia, Canada},
 author = {Bunel, Rudy and Hausknecht, Matthew J. and Devlin, Jacob and Singh, Rishabh and Kohli, Pushmeet},
 booktitle = {6th International Conference on Learning Representations (ICLR)},
 month = {April},
 note = {\url{https://openreview.net/forum?id=H1Xw62kRZ}},
 publisher = {OpenReview.net},
 series = {Conference Track Proceedings},
 title = {Leveraging Grammar and Reinforcement Learning for Neural Program Synthesis},
 year = {2018}
}

@inproceedings{campos2018skip,
 address = {Vancouver, British Columbia, Canada},
 author = {Campos, Víctor and Jou, Brendan and Giró-i-Nieto, Xavier and Torres, Jordi and Chang, Shih-Fu},
 booktitle = {6th International Conference on Learning Representations (ICLR)},
 month = {April},
 note = {\url{https://openreview.net/forum?id=HkwVAXyCW}},
 publisher = {OpenReview.net},
 series = {Conference Track Proceedings},
 title = {Skip RNN: Learning to Skip State Updates in Recurrent Neural Networks},
 year = {2018}
}

@inproceedings{cao2018emergent,
 address = {Vancouver, British Columbia, Canada},
 author = {Cao, Kris and Lazaridou, Angeliki and Lanctot, Marc and Leibo, Joel Z. and Tuyls, Karl and Clark, Stephen},
 booktitle = {6th International Conference on Learning Representations (ICLR)},
 month = {April},
 note = {\url{https://openreview.net/forum?id=Hk6WhagRW}},
 publisher = {OpenReview.net},
 series = {Conference Track Proceedings},
 title = {Emergent Communication through Negotiation},
 year = {2018}
}

@inproceedings{cao2018improving,
 address = {Vancouver, British Columbia, Canada},
 author = {Cao, Yanshuai and Ding, Gavin Weiguang and Lui, Kry Yik-Chau and Huang, Ruitong},
 booktitle = {6th International Conference on Learning Representations (ICLR)},
 month = {April},
 note = {\url{https://openreview.net/forum?id=BkLhaGZRW}},
 publisher = {OpenReview.net},
 series = {Conference Track Proceedings},
 title = {Improving GAN Training via Binarized Representation Entropy (BRE) Regularization},
 year = {2018}
}

@inproceedings{chang2018multilevel,
 address = {Vancouver, British Columbia, Canada},
 author = {Chang, Bo and Meng, Lili and Haber, Eldad and Tung, Frederick and Begert, David},
 booktitle = {6th International Conference on Learning Representations (ICLR)},
 month = {April},
 note = {\url{https://openreview.net/forum?id=SyJS-OgR-}},
 publisher = {OpenReview.net},
 series = {Conference Track Proceedings},
 title = {Multi-level Residual Networks from Dynamical Systems View},
 year = {2018}
}

@inproceedings{chaplot2018active,
 address = {Vancouver, British Columbia, Canada},
 author = {Chaplot, Devendra Singh and Parisotto, Emilio and Salakhutdinov, Ruslan},
 booktitle = {6th International Conference on Learning Representations (ICLR)},
 month = {April},
 note = {\url{https://openreview.net/forum?id=ry6-G_66b}},
 publisher = {OpenReview.net},
 series = {Conference Track Proceedings},
 title = {Active Neural Localization},
 year = {2018}
}

@inproceedings{chaudhari2018stochastic,
 address = {Vancouver, British Columbia, Canada},
 author = {Chaudhari, Pratik and Soatto, Stefano},
 booktitle = {6th International Conference on Learning Representations (ICLR)},
 month = {April},
 note = {\url{https://openreview.net/forum?id=HyWrIgW0W}},
 publisher = {OpenReview.net},
 series = {Conference Track Proceedings},
 title = {Stochastic gradient descent performs variational inference, converges to limit cycles for deep networks},
 year = {2018}
}

@inproceedings{chen2018fastgcn,
 address = {Vancouver, British Columbia, Canada},
 author = {Chen, Jie and Ma, Tengfei and Xiao, Cao},
 booktitle = {6th International Conference on Learning Representations (ICLR)},
 month = {April},
 note = {\url{https://openreview.net/forum?id=rytstxWAW}},
 publisher = {OpenReview.net},
 series = {Conference Track Proceedings},
 title = {FastGCN: Fast Learning with Graph Convolutional Networks via Importance Sampling},
 year = {2018}
}

@inproceedings{chen2018multiview,
 address = {Vancouver, British Columbia, Canada},
 author = {Chen, Mickaël and Denoyer, Ludovic and Artières, Thierry},
 booktitle = {6th International Conference on Learning Representations (ICLR)},
 month = {April},
 note = {\url{https://openreview.net/forum?id=ryRh0bb0Z}},
 publisher = {OpenReview.net},
 series = {Conference Track Proceedings},
 title = {Multi-View Data Generation Without View Supervision},
 year = {2018}
}

@inproceedings{chen2018towards,
 address = {Vancouver, British Columbia, Canada},
 author = {Chen, Xinyun and Liu, Chang and Song, Dawn},
 booktitle = {6th International Conference on Learning Representations (ICLR)},
 month = {April},
 note = {\url{https://openreview.net/forum?id=Skp1ESxRZ}},
 publisher = {OpenReview.net},
 series = {Conference Track Proceedings},
 title = {Towards Synthesizing Complex Programs From Input-Output Examples},
 year = {2018}
}

@inproceedings{chen2018training,
 address = {Vancouver, British Columbia, Canada},
 author = {Chen, Xu and Wang, Jiang and Ge, Hao},
 booktitle = {6th International Conference on Learning Representations (ICLR)},
 month = {April},
 note = {\url{https://openreview.net/forum?id=BJNRFNlRW}},
 publisher = {OpenReview.net},
 series = {Conference Track Proceedings},
 title = {Training Generative Adversarial Networks via Primal-Dual subgradient Methods: a Lagrangian Perspective on GaN},
 year = {2018}
}

@inproceedings{chiu2018monotonic,
 address = {Vancouver, British Columbia, Canada},
 author = {Chiu, Chung-Cheng and Raffel, Colin},
 booktitle = {6th International Conference on Learning Representations (ICLR)},
 month = {April},
 note = {\url{https://openreview.net/forum?id=Hko85plCW}},
 publisher = {OpenReview.net},
 series = {Conference Track Proceedings},
 title = {Monotonic Chunkwise Attention},
 year = {2018}
}

@inproceedings{choi2018compositional,
 address = {Vancouver, British Columbia, Canada},
 author = {Choi, Edward and Lazaridou, Angeliki},
 booktitle = {6th International Conference on Learning Representations (ICLR)},
 month = {April},
 note = {\url{https://openreview.net/forum?id=rknt2Be0-}},
 publisher = {OpenReview.net},
 series = {Conference Track Proceedings},
 title = {Compositional Obverter Communication Learning from Raw Visual Input},
 year = {2018}
}

@inproceedings{choromanski2018initialization,
 address = {Vancouver, British Columbia, Canada},
 author = {Choromanski, Krzysztof and Downey, Carlton and Boots, Byron},
 booktitle = {6th International Conference on Learning Representations (ICLR)},
 month = {April},
 note = {\url{https://openreview.net/forum?id=HJJ23bW0b}},
 publisher = {OpenReview.net},
 series = {Conference Track Proceedings},
 title = {Initialization matters: Orthogonal Predictive State Recurrent Neural Networks},
 year = {2018}
}

@inproceedings{cohen2018boosting,
 address = {Vancouver, British Columbia, Canada},
 author = {Cohen, Nadav and Tamari, Ronen and Shashua, Amnon},
 booktitle = {6th International Conference on Learning Representations (ICLR)},
 month = {April},
 note = {\url{https://openreview.net/forum?id=S1JHhv6TW}},
 publisher = {OpenReview.net},
 series = {Conference Track Proceedings},
 title = {Boosting Dilated Convolutional Networks with Mixed Tensor Decompositions},
 year = {2018}
}

@inproceedings{cohen2018spherical,
 address = {Vancouver, British Columbia, Canada},
 author = {Cohen, Taco S. and Geiger, Mario and Köhler, Jonas and Welling, Max},
 booktitle = {6th International Conference on Learning Representations (ICLR)},
 month = {April},
 note = {\url{https://openreview.net/forum?id=Hkbd5xZRb}},
 publisher = {OpenReview.net},
 series = {Conference Track Proceedings},
 title = {Spherical CNNs},
 year = {2018}
}

@inproceedings{courty2018learning,
 address = {Vancouver, British Columbia, Canada},
 author = {Courty, Nicolas and Flamary, Rémi and Ducoffe, Mélanie},
 booktitle = {6th International Conference on Learning Representations (ICLR)},
 month = {April},
 note = {\url{https://openreview.net/forum?id=SJyEH91A-}},
 publisher = {OpenReview.net},
 series = {Conference Track Proceedings},
 title = {Learning Wasserstein Embeddings},
 year = {2018}
}

@inproceedings{cueva2018emergence,
 address = {Vancouver, British Columbia, Canada},
 author = {Cueva, Christopher J. and Wei, Xue-Xin},
 booktitle = {6th International Conference on Learning Representations (ICLR)},
 month = {April},
 note = {\url{https://openreview.net/forum?id=B17JTOe0-}},
 publisher = {OpenReview.net},
 series = {Conference Track Proceedings},
 title = {Emergence of Grid-like Representations by Training Recurrent Neural Networks to Perform Spatial Localization},
 year = {2018}
}

@inproceedings{dai2018boosting,
 address = {Vancouver, British Columbia, Canada},
 author = {Dai, Bo and Shaw, Albert E. and He, Niao and Li, Lihong and Song, Le},
 booktitle = {6th International Conference on Learning Representations (ICLR)},
 month = {April},
 note = {\url{https://openreview.net/forum?id=BkUp6GZRW}},
 publisher = {OpenReview.net},
 series = {Conference Track Proceedings},
 title = {Boosting the Actor with Dual Critic},
 year = {2018}
}

@inproceedings{dai2018syntaxdirected,
 address = {Vancouver, British Columbia, Canada},
 author = {Dai, Hanjun and Tian, Yingtao and Dai, Bo and Skiena, Steven and Song, Le},
 booktitle = {6th International Conference on Learning Representations (ICLR)},
 month = {April},
 note = {\url{https://openreview.net/forum?id=SyqShMZRb}},
 publisher = {OpenReview.net},
 series = {Conference Track Proceedings},
 title = {Syntax-Directed Variational Autoencoder for Structured Data},
 year = {2018}
}

@inproceedings{das2018go,
 address = {Vancouver, British Columbia, Canada},
 author = {Das, Rajarshi and Dhuliawala, Shehzaad and Zaheer, Manzil and Vilnis, Luke and Durugkar, Ishan and Krishnamurthy, Akshay and Smola, Alex and McCallum, Andrew},
 booktitle = {6th International Conference on Learning Representations (ICLR)},
 month = {April},
 note = {\url{https://openreview.net/forum?id=Syg-YfWCW}},
 publisher = {OpenReview.net},
 series = {Conference Track Proceedings},
 title = {Go for a Walk and Arrive at the Answer: Reasoning Over Paths in Knowledge Bases using Reinforcement Learning},
 year = {2018}
}

@inproceedings{das2018mixed,
 address = {Vancouver, British Columbia, Canada},
 author = {Das, Dipankar and Mellempudi, Naveen and Mudigere, Dheevatsa and Kalamkar, Dhiraj D. and Avancha, Sasikanth and Banerjee, Kunal and Sridharan, Srinivas and Vaidyanathan, Karthik and Georganas, Evangelos},
 booktitle = {6th International Conference on Learning Representations (ICLR)},
 month = {April},
 note = {\url{https://openreview.net/forum?id=H135uzZ0-}},
 publisher = {OpenReview.net},
 series = {Conference Track Proceedings},
 title = {Mixed Precision Training of Convolutional Neural Networks using Integer Operations},
 year = {2018}
}

@inproceedings{daskalakis2018training,
 address = {Vancouver, British Columbia, Canada},
 author = {Daskalakis, Constantinos and Ilyas, Andrew and Syrgkanis, Vasilis and Zeng, Haoyang},
 booktitle = {6th International Conference on Learning Representations (ICLR)},
 month = {April},
 note = {\url{https://openreview.net/forum?id=SJJySbbAZ}},
 publisher = {OpenReview.net},
 series = {Conference Track Proceedings},
 title = {Training GANs with Optimism},
 year = {2018}
}

@inproceedings{dehghani2018fidelityweighted,
 address = {Vancouver, British Columbia, Canada},
 author = {Dehghani, Mostafa and Mehrjou, Arash and Gouws, Stephan and Kamps, Jaap and Schölkopf, Bernhard},
 booktitle = {6th International Conference on Learning Representations (ICLR)},
 month = {April},
 note = {\url{https://openreview.net/forum?id=B1X0mzZCW}},
 publisher = {OpenReview.net},
 series = {Conference Track Proceedings},
 title = {Fidelity-Weighted Learning},
 year = {2018}
}

@inproceedings{dhillon2018stochastic,
 address = {Vancouver, British Columbia, Canada},
 author = {Dhillon, Guneet S. and Azizzadenesheli, Kamyar and Lipton, Zachary C. and Bernstein, Jeremy and Kossaifi, Jean and Khanna, Aran and An, Animashree and Kumar},
 booktitle = {6th International Conference on Learning Representations (ICLR)},
 month = {April},
 note = {\url{https://openreview.net/forum?id=H1uR4GZRZ}},
 publisher = {OpenReview.net},
 series = {Conference Track Proceedings},
 title = {Stochastic Activation Pruning for Robust Adversarial Defense},
 year = {2018}
}

@inproceedings{donahue2018semantically,
 address = {Vancouver, British Columbia, Canada},
 author = {Donahue, Chris and Lipton, Zachary C. and Balsubramani, Akshay and McAuley, Julian J.},
 booktitle = {6th International Conference on Learning Representations (ICLR)},
 month = {April},
 note = {\url{https://openreview.net/forum?id=S1nQvfgA-}},
 publisher = {OpenReview.net},
 series = {Conference Track Proceedings},
 title = {Semantically Decomposing the Latent Spaces of Generative Adversarial Networks},
 year = {2018}
}

@inproceedings{du2018is,
 address = {Vancouver, British Columbia, Canada},
 author = {Du, Simon S. and Lee, Jason D. and Tian, ong},
 booktitle = {6th International Conference on Learning Representations (ICLR)},
 month = {April},
 note = {\url{https://openreview.net/forum?id=SkA-IE06W}},
 publisher = {OpenReview.net},
 series = {Conference Track Proceedings},
 title = {When is a Convolutional Filter Easy to Learn?},
 year = {2018}
}

@inproceedings{earle2018hierarchical,
 address = {Vancouver, British Columbia, Canada},
 author = {Earle, Adam Christopher and Saxe, Andrew M. and Rosman, Benjamin},
 booktitle = {6th International Conference on Learning Representations (ICLR)},
 month = {April},
 note = {\url{https://openreview.net/forum?id=ry80wMW0W}},
 publisher = {OpenReview.net},
 series = {Conference Track Proceedings},
 title = {Hierarchical Subtask Discovery with Non-Negative Matrix Factorization},
 year = {2018}
}

@inproceedings{eastwood2018framework,
 address = {Vancouver, British Columbia, Canada},
 author = {Eastwood, Cian and Williams, Christopher K. I.},
 booktitle = {6th International Conference on Learning Representations (ICLR)},
 month = {April},
 note = {\url{https://openreview.net/forum?id=By-7dz-AZ}},
 publisher = {OpenReview.net},
 series = {Conference Track Proceedings},
 title = {A Framework for the Quantitative Evaluation of Disentangled Representations},
 year = {2018}
}

@inproceedings{engel2018latent,
 address = {Vancouver, British Columbia, Canada},
 author = {Engel, Jesse H. and Hoffman, Matthew D. and Roberts, Adam},
 booktitle = {6th International Conference on Learning Representations (ICLR)},
 month = {April},
 note = {\url{https://openreview.net/forum?id=Sy8XvGb0-}},
 publisher = {OpenReview.net},
 series = {Conference Track Proceedings},
 title = {Latent Constraints: Learning to Generate Conditionally from Unconditional Generative Models},
 year = {2018}
}

@inproceedings{esteves2018polar,
 address = {Vancouver, British Columbia, Canada},
 author = {Esteves, Carlos and Allen-Blanchette, Christine and Zhou, Xiaowei and Daniilidis, Kostas},
 booktitle = {6th International Conference on Learning Representations (ICLR)},
 month = {April},
 note = {\url{https://openreview.net/forum?id=HktRlUlAZ}},
 publisher = {OpenReview.net},
 series = {Conference Track Proceedings},
 title = {Polar Transformer Networks},
 year = {2018}
}

@inproceedings{evans2018can,
 address = {Vancouver, British Columbia, Canada},
 author = {Evans, Richard and Saxton, David and Amos, David and Kohli, Pushmeet and Grefenstette, Edward},
 booktitle = {6th International Conference on Learning Representations (ICLR)},
 month = {April},
 note = {\url{https://openreview.net/forum?id=SkZxCk-0Z}},
 publisher = {OpenReview.net},
 series = {Conference Track Proceedings},
 title = {Can Neural Networks Understand Logical Entailment?},
 year = {2018}
}

@inproceedings{evtimova2018emergent,
 address = {Vancouver, British Columbia, Canada},
 author = {Evtimova, Katrina and Drozdov, Andrew and Kiela, Douwe and Cho, Kyunghyun},
 booktitle = {6th International Conference on Learning Representations (ICLR)},
 month = {April},
 note = {\url{https://openreview.net/forum?id=rJGZq6g0-}},
 publisher = {OpenReview.net},
 series = {Conference Track Proceedings},
 title = {Emergent Communication in a Multi-Modal, Multi-Step Referential Game},
 year = {2018}
}

@inproceedings{eysenbach2018leave,
 address = {Vancouver, British Columbia, Canada},
 author = {Eysenbach, Benjamin and Gu, Shixiang and Ibarz, Julian and Levine, Sergey},
 booktitle = {6th International Conference on Learning Representations (ICLR)},
 month = {April},
 note = {\url{https://openreview.net/forum?id=S1vuO-bCW}},
 publisher = {OpenReview.net},
 series = {Conference Track Proceedings},
 title = {Leave no Trace: Learning to Reset for Safe and Autonomous Reinforcement Learning},
 year = {2018}
}

@inproceedings{falcon2018predicting,
 address = {Vancouver, British Columbia, Canada},
 author = {Falcon, William and Schulzrinne, Henning},
 booktitle = {6th International Conference on Learning Representations (ICLR)},
 month = {April},
 note = {\url{https://openreview.net/forum?id=ryBnUWb0b}},
 publisher = {OpenReview.net},
 series = {Conference Track Proceedings},
 title = {Predicting Floor-Level for 911 Calls with Neural Networks and Smartphone Sensor Data},
 year = {2018}
}

@inproceedings{fan2018learning,
 address = {Vancouver, British Columbia, Canada},
 author = {Fan, Yang and Tian, Fei and Qin, Tao and Li, Xiang-Yang and Liu, Tie-Yan},
 booktitle = {6th International Conference on Learning Representations (ICLR)},
 month = {April},
 note = {\url{https://openreview.net/forum?id=HJewuJWCZ}},
 publisher = {OpenReview.net},
 series = {Conference Track Proceedings},
 title = {Learning to Teach},
 year = {2018}
}

@inproceedings{farquhar2018treeqn,
 address = {Vancouver, British Columbia, Canada},
 author = {Farquhar, Gregory and Rocktäschel, Tim and Igl, Maximilian and Whiteson, Shimon},
 booktitle = {6th International Conference on Learning Representations (ICLR)},
 month = {April},
 note = {\url{https://openreview.net/forum?id=H1dh6Ax0Z}},
 publisher = {OpenReview.net},
 series = {Conference Track Proceedings},
 title = {TreeQN and ATreeC: Differentiable Tree-Structured Models for Deep Reinforcement Learning},
 year = {2018}
}

@inproceedings{fedus2018many,
 address = {Vancouver, British Columbia, Canada},
 author = {Fedus, William and Rosca, Mihaela and Lakshminarayanan, Balaji and Dai, Andrew M. and Mohamed, Shakir and Goodfellow, Ian J.},
 booktitle = {6th International Conference on Learning Representations (ICLR)},
 month = {April},
 note = {\url{https://openreview.net/forum?id=ByQpn1ZA-}},
 publisher = {OpenReview.net},
 series = {Conference Track Proceedings},
 title = {Many Paths to Equilibrium: GANs Do Not Need to Decrease a Divergence At Every Step},
 year = {2018}
}

@inproceedings{fedus2018maskgan,
 address = {Vancouver, British Columbia, Canada},
 author = {Fedus, William and Goodfellow, Ian J. and Dai, Andrew M.},
 booktitle = {6th International Conference on Learning Representations (ICLR)},
 month = {April},
 note = {\url{https://openreview.net/forum?id=ByOExmWAb}},
 publisher = {OpenReview.net},
 series = {Conference Track Proceedings},
 title = {MaskGAN: Better Text Generation via Filling in the ________},
 year = {2018}
}

@inproceedings{feigelis2018modular,
 address = {Vancouver, British Columbia, Canada},
 author = {Feigelis, Kevin T. and Sheffer, Blue and Yamins, Daniel L. K.},
 booktitle = {6th International Conference on Learning Representations (ICLR)},
 month = {April},
 note = {\url{https://openreview.net/forum?id=rkPLzgZAZ}},
 publisher = {OpenReview.net},
 series = {Conference Track Proceedings},
 title = {Modular Continual Learning in a Unified Visual Environment},
 year = {2018}
}

@inproceedings{finn2018metalearning,
 address = {Vancouver, British Columbia, Canada},
 author = {Finn, Chelsea and Levine, Sergey},
 booktitle = {6th International Conference on Learning Representations (ICLR)},
 month = {April},
 note = {\url{https://openreview.net/forum?id=HyjC5yWCW}},
 publisher = {OpenReview.net},
 series = {Conference Track Proceedings},
 title = {Meta-Learning and Universality: Deep Representations and Gradient Descent can Approximate any Learning Algorithm},
 year = {2018}
}

@inproceedings{fok2018decoupling,
 address = {Vancouver, British Columbia, Canada},
 author = {Fok, Ricky and An, Aijun and Rashidi, Zana and Wang, Xiaogang},
 booktitle = {6th International Conference on Learning Representations (ICLR)},
 month = {April},
 note = {\url{https://openreview.net/forum?id=SyMvJrdaW}},
 publisher = {OpenReview.net},
 series = {Conference Track Proceedings},
 title = {Decoupling the Layers in Residual Networks},
 year = {2018}
}

@inproceedings{fox2018dora,
 address = {Vancouver, British Columbia, Canada},
 author = {Fox, Lior and Choshen, Leshem and Loewenstein, Yonatan},
 booktitle = {6th International Conference on Learning Representations (ICLR)},
 month = {April},
 note = {\url{https://openreview.net/forum?id=ry1arUgCW}},
 publisher = {OpenReview.net},
 series = {Conference Track Proceedings},
 title = {DORA The Explorer: Directed Outreaching Reinforcement Action-Selection},
 year = {2018}
}

@inproceedings{fox2018parametrized,
 address = {Vancouver, British Columbia, Canada},
 author = {Fox, Roy and Shin, Richard and Krishnan, Sanjay and Goldberg, Ken and Song, Dawn and Stoica, Ion},
 booktitle = {6th International Conference on Learning Representations (ICLR)},
 month = {April},
 note = {\url{https://openreview.net/forum?id=rJl63fZRb}},
 publisher = {OpenReview.net},
 series = {Conference Track Proceedings},
 title = {Parametrized Hierarchical Procedures for Neural Programming},
 year = {2018}
}

@inproceedings{frans2018meta,
 address = {Vancouver, British Columbia, Canada},
 author = {Frans, Kevin and Ho, Jonathan and Chen, Xi and Abbeel, Pieter and Schulman, John},
 booktitle = {6th International Conference on Learning Representations (ICLR)},
 month = {April},
 note = {\url{https://openreview.net/forum?id=SyX0IeWAW}},
 publisher = {OpenReview.net},
 series = {Conference Track Proceedings},
 title = {Meta Learning Shared Hierarchies},
 year = {2018}
}

@inproceedings{french2018selfensembling,
 address = {Vancouver, British Columbia, Canada},
 author = {French, Geoffrey and Mackiewicz, Michal and Fisher, Mark},
 booktitle = {6th International Conference on Learning Representations (ICLR)},
 month = {April},
 note = {\url{https://openreview.net/forum?id=rkpoTaxA-}},
 publisher = {OpenReview.net},
 series = {Conference Track Proceedings},
 title = {Self-ensembling for visual domain adaptation},
 year = {2018}
}

@inproceedings{frerix2018proximal,
 address = {Vancouver, British Columbia, Canada},
 author = {Frerix, Thomas and Möllenhoff, Thomas and Möller, Michael and Cremers, Daniel},
 booktitle = {6th International Conference on Learning Representations (ICLR)},
 month = {April},
 note = {\url{https://openreview.net/forum?id=ByeqORgAW}},
 publisher = {OpenReview.net},
 series = {Conference Track Proceedings},
 title = {Proximal Backpropagation},
 year = {2018}
}

@inproceedings{friesen2018deep,
 address = {Vancouver, British Columbia, Canada},
 author = {Friesen, Abram L. and Domingos, Pedro M.},
 booktitle = {6th International Conference on Learning Representations (ICLR)},
 month = {April},
 note = {\url{https://openreview.net/forum?id=B1Lc-Gb0Z}},
 publisher = {OpenReview.net},
 series = {Conference Track Proceedings},
 title = {Deep Learning as a Mixed Convex-Combinatorial Optimization Problem},
 year = {2018}
}

@inproceedings{fu2018learning,
 address = {Vancouver, British Columbia, Canada},
 author = {Fu, Justin and Luo, Katie and Levine, Sergey},
 booktitle = {6th International Conference on Learning Representations (ICLR)},
 month = {April},
 note = {\url{https://openreview.net/forum?id=rkHywl-A-}},
 publisher = {OpenReview.net},
 series = {Conference Track Proceedings},
 title = {Learning Robust Rewards with Adverserial Inverse Reinforcement Learning},
 year = {2018}
}

@inproceedings{galanti2018role,
 address = {Vancouver, British Columbia, Canada},
 author = {Galanti, Tomer and Wolf, Lior and Benaim, Sagie},
 booktitle = {6th International Conference on Learning Representations (ICLR)},
 month = {April},
 note = {\url{https://openreview.net/forum?id=H1VjBebR-}},
 publisher = {OpenReview.net},
 series = {Conference Track Proceedings},
 title = {The Role of Minimal Complexity Functions in Unsupervised Learning of Semantic Mappings},
 year = {2018}
}

@inproceedings{galloway2018attacking,
 address = {Vancouver, British Columbia, Canada},
 author = {Galloway, Angus and Taylor, Graham W. and Moussa, Medhat},
 booktitle = {6th International Conference on Learning Representations (ICLR)},
 month = {April},
 note = {\url{https://openreview.net/forum?id=HkTEFfZRb}},
 publisher = {OpenReview.net},
 series = {Conference Track Proceedings},
 title = {Attacking Binarized Neural Networks},
 year = {2018}
}

@inproceedings{gangwani2018policy,
 address = {Vancouver, British Columbia, Canada},
 author = {Gangwani, Tanmay and Peng, Jian},
 booktitle = {6th International Conference on Learning Representations (ICLR)},
 month = {April},
 note = {\url{https://openreview.net/forum?id=ByOnmlWC-}},
 publisher = {OpenReview.net},
 series = {Conference Track Proceedings},
 title = {Policy Optimization by Genetic Distillation},
 year = {2018}
}

@inproceedings{ge2018learning,
 address = {Vancouver, British Columbia, Canada},
 author = {Ge, Rong and Lee, Jason D. and Ma, Tengyu},
 booktitle = {6th International Conference on Learning Representations (ICLR)},
 month = {April},
 note = {\url{https://openreview.net/forum?id=BkwHObbRZ}},
 publisher = {OpenReview.net},
 series = {Conference Track Proceedings},
 title = {Learning One-hidden-layer Neural Networks with Landscape Design},
 year = {2018}
}

@inproceedings{ghosh2018divideandconquer,
 address = {Vancouver, British Columbia, Canada},
 author = {Ghosh, Dibya and Singh, Avi and Rajeswaran, Aravind and Kumar, Vikash and Levine, Sergey},
 booktitle = {6th International Conference on Learning Representations (ICLR)},
 month = {April},
 note = {\url{https://openreview.net/forum?id=rJwelMbR-}},
 publisher = {OpenReview.net},
 series = {Conference Track Proceedings},
 title = {Divide-and-Conquer Reinforcement Learning},
 year = {2018}
}

@inproceedings{gidaris2018unsupervised,
 address = {Vancouver, British Columbia, Canada},
 author = {Gidaris, Spyros and Singh, Praveer and Komodakis, Nikos},
 booktitle = {6th International Conference on Learning Representations (ICLR)},
 month = {April},
 note = {\url{https://openreview.net/forum?id=S1v4N2l0-}},
 publisher = {OpenReview.net},
 series = {Conference Track Proceedings},
 title = {Unsupervised Representation Learning by Predicting Image Rotations},
 year = {2018}
}

@inproceedings{gomez2018unsupervised,
 address = {Vancouver, British Columbia, Canada},
 author = {Gomez, Aidan N. and Huang, Sicong and Zhang, Ivan and Li, Bryan M. and Osama, Muhammad and Kaiser, Lukasz},
 booktitle = {6th International Conference on Learning Representations (ICLR)},
 month = {April},
 note = {\url{https://openreview.net/forum?id=BkeqO7x0-}},
 publisher = {OpenReview.net},
 series = {Conference Track Proceedings},
 title = {Unsupervised Cipher Cracking Using Discrete GANs},
 year = {2018}
}

@inproceedings{gong2018natural,
 address = {Vancouver, British Columbia, Canada},
 author = {Gong, Yichen and Luo, Heng and Zhang, Jian},
 booktitle = {6th International Conference on Learning Representations (ICLR)},
 month = {April},
 note = {\url{https://openreview.net/forum?id=r1dHXnH6-}},
 publisher = {OpenReview.net},
 series = {Conference Track Proceedings},
 title = {Natural Language Inference over Interaction Space},
 year = {2018}
}

@inproceedings{grant2018recasting,
 address = {Vancouver, British Columbia, Canada},
 author = {Grant, Erin and Finn, Chelsea and Levine, Sergey and Darrell, Trevor and Griffiths, Thomas L.},
 booktitle = {6th International Conference on Learning Representations (ICLR)},
 month = {April},
 note = {\url{https://openreview.net/forum?id=BJ_UL-k0b}},
 publisher = {OpenReview.net},
 series = {Conference Track Proceedings},
 title = {Recasting Gradient-Based Meta-Learning as Hierarchical Bayes},
 year = {2018}
}

@inproceedings{grathwohl2018backpropagation,
 address = {Vancouver, British Columbia, Canada},
 author = {Grathwohl, Will and Choi, Dami and Wu, Yuhuai and Roeder, Geoffrey and Duvenaud, David},
 booktitle = {6th International Conference on Learning Representations (ICLR)},
 month = {April},
 note = {\url{https://openreview.net/forum?id=SyzKd1bCW}},
 publisher = {OpenReview.net},
 series = {Conference Track Proceedings},
 title = {Backpropagation through the Void: Optimizing control variates for black-box gradient estimation},
 year = {2018}
}

@inproceedings{grnarova2018online,
 address = {Vancouver, British Columbia, Canada},
 author = {Grnarova, Paulina and Levy, Kfir Y. and Lucchi, Aurélien and Hofmann, Thomas and Krause, Andreas},
 booktitle = {6th International Conference on Learning Representations (ICLR)},
 month = {April},
 note = {\url{https://openreview.net/forum?id=H1Yp-j1Cb}},
 publisher = {OpenReview.net},
 series = {Conference Track Proceedings},
 title = {An Online Learning Approach to Generative Adversarial Networks},
 year = {2018}
}

@inproceedings{gruslys2018reactor,
 address = {Vancouver, British Columbia, Canada},
 author = {Gruslys, Audrunas and Dabney, Will and Azar, Mohammad Gheshlaghi and Piot, Bilal and Bellemare, Marc G. and Munos, Rémi},
 booktitle = {6th International Conference on Learning Representations (ICLR)},
 month = {April},
 note = {\url{https://openreview.net/forum?id=rkHVZWZAZ}},
 publisher = {OpenReview.net},
 series = {Conference Track Proceedings},
 title = {The Reactor: A fast and sample-efficient Actor-Critic agent for Reinforcement Learning},
 year = {2018}
}

@inproceedings{gu2018nonautoregressive,
 address = {Vancouver, British Columbia, Canada},
 author = {Gu, Jiatao and Bradbury, James and Xiong, Caiming and Li, Victor O. K. and Socher, Richard},
 booktitle = {6th International Conference on Learning Representations (ICLR)},
 month = {April},
 note = {\url{https://openreview.net/forum?id=B1l8BtlCb}},
 publisher = {OpenReview.net},
 series = {Conference Track Proceedings},
 title = {Non-Autoregressive Neural Machine Translation},
 year = {2018}
}

@inproceedings{guo2018countering,
 address = {Vancouver, British Columbia, Canada},
 author = {Guo, Chuan and Rana, Mayank and Cissé, Moustapha and Maaten, Laurens van der},
 booktitle = {6th International Conference on Learning Representations (ICLR)},
 month = {April},
 note = {\url{https://openreview.net/forum?id=SyJ7ClWCb}},
 publisher = {OpenReview.net},
 series = {Conference Track Proceedings},
 title = {Countering Adversarial Images using Input Transformations},
 year = {2018}
}

@inproceedings{ha2018neural,
 address = {Vancouver, British Columbia, Canada},
 author = {Ha, David and Eck, Douglas},
 booktitle = {6th International Conference on Learning Representations (ICLR)},
 month = {April},
 note = {\url{https://openreview.net/forum?id=Hy6GHpkCW}},
 publisher = {OpenReview.net},
 series = {Conference Track Proceedings},
 title = {A Neural Representation of Sketch Drawings},
 year = {2018}
}

@inproceedings{hausman2018learning,
 address = {Vancouver, British Columbia, Canada},
 author = {Hausman, Karol and Springenberg, Jost Tobias and Wang, Ziyu and Heess, Nicolas and Riedmiller, Martin A.},
 booktitle = {6th International Conference on Learning Representations (ICLR)},
 month = {April},
 note = {\url{https://openreview.net/forum?id=rk07ZXZRb}},
 publisher = {OpenReview.net},
 series = {Conference Track Proceedings},
 title = {Learning an Embedding Space for Transferable Robot Skills},
 year = {2018}
}

@inproceedings{hazan2018hyperparameter,
 address = {Vancouver, British Columbia, Canada},
 author = {Hazan, Elad and Klivans, Adam R. and Yuan, Yang},
 booktitle = {6th International Conference on Learning Representations (ICLR)},
 month = {April},
 note = {\url{https://openreview.net/forum?id=H1zriGeCZ}},
 publisher = {OpenReview.net},
 series = {Conference Track Proceedings},
 title = {Hyperparameter Optimization: A Spectral Approach},
 year = {2018}
}

@inproceedings{he2018decision,
 address = {Vancouver, British Columbia, Canada},
 author = {He, Warren and Li, Bo and Song, Dawn},
 booktitle = {6th International Conference on Learning Representations (ICLR)},
 month = {April},
 note = {\url{https://openreview.net/forum?id=BkpiPMbA-}},
 publisher = {OpenReview.net},
 series = {Conference Track Proceedings},
 title = {Decision Boundary Analysis of Adversarial Examples},
 year = {2018}
}

@inproceedings{he2018overcoming,
 address = {Vancouver, British Columbia, Canada},
 author = {He, Xu and Jaeger, Herbert},
 booktitle = {6th International Conference on Learning Representations (ICLR)},
 month = {April},
 note = {\url{https://openreview.net/forum?id=B1al7jg0b}},
 publisher = {OpenReview.net},
 series = {Conference Track Proceedings},
 title = {Overcoming Catastrophic Interference using Conceptor-Aided Backpropagation},
 year = {2018}
}

@inproceedings{higgins2018scan,
 address = {Vancouver, British Columbia, Canada},
 author = {Higgins, Irina and Sonnerat, Nicolas and Matthey, Loic and Pal, Arka and Burgess, Christopher P. and Bosnjak, Matko and Shanahan, Murray and Botvinick, Matthew M. and Hassabis, Demis},
 booktitle = {6th International Conference on Learning Representations (ICLR)},
 month = {April},
 note = {\url{https://openreview.net/forum?id=rkN2Il-RZ}},
 publisher = {OpenReview.net},
 series = {Conference Track Proceedings},
 title = {SCAN: Learning Hierarchical Compositional Visual Concepts},
 year = {2018}
}

@inproceedings{hinton2018matrix,
 address = {Vancouver, British Columbia, Canada},
 author = {Hinton, Geoffrey E. and Sabour, Sara and Frosst, Nicholas},
 booktitle = {6th International Conference on Learning Representations (ICLR)},
 month = {April},
 note = {\url{https://openreview.net/forum?id=HJWLfGWRb}},
 publisher = {OpenReview.net},
 series = {Conference Track Proceedings},
 title = {Matrix capsules with EM routing},
 year = {2018}
}

@inproceedings{hjelm2018boundary,
 address = {Vancouver, British Columbia, Canada},
 author = {Hjelm, R. Devon and Jacob, Athul Paul and Trischler, Adam and Che, Gerry and Cho, Kyunghyun and Bengio, Yoshua},
 booktitle = {6th International Conference on Learning Representations (ICLR)},
 month = {April},
 note = {\url{https://openreview.net/forum?id=rkTS8lZAb}},
 publisher = {OpenReview.net},
 series = {Conference Track Proceedings},
 title = {Boundary Seeking GANs},
 year = {2018}
}

@inproceedings{hoang2018mgan,
 address = {Vancouver, British Columbia, Canada},
 author = {Hoang, Quan and Nguyen, Tu Dinh and Le, Trung and Phung, Dinh Q.},
 booktitle = {6th International Conference on Learning Representations (ICLR)},
 month = {April},
 note = {\url{https://openreview.net/forum?id=rkmu5b0a-}},
 publisher = {OpenReview.net},
 series = {Conference Track Proceedings},
 title = {MGAN: Training Generative Adversarial Nets with Multiple Generators},
 year = {2018}
}

@inproceedings{hoffer2018fix,
 address = {Vancouver, British Columbia, Canada},
 author = {Hoffer, Elad and Hubara, Itay and Soudry, Daniel},
 booktitle = {6th International Conference on Learning Representations (ICLR)},
 month = {April},
 note = {\url{https://openreview.net/forum?id=S1Dh8Tg0-}},
 publisher = {OpenReview.net},
 series = {Conference Track Proceedings},
 title = {Fix your classifier: the marginal value of training the last weight layer},
 year = {2018}
}

@inproceedings{hoogeboom2018hexaconv,
 address = {Vancouver, British Columbia, Canada},
 author = {Hoogeboom, Emiel and Peters, Jorn W. T. and Cohen, Taco S. and Welling, Max},
 booktitle = {6th International Conference on Learning Representations (ICLR)},
 month = {April},
 note = {\url{https://openreview.net/forum?id=r1vuQG-CW}},
 publisher = {OpenReview.net},
 series = {Conference Track Proceedings},
 title = {HexaConv},
 year = {2018}
}

@inproceedings{horgan2018distributed,
 address = {Vancouver, British Columbia, Canada},
 author = {Horgan, Dan and Quan, John and Budden, David and Barth-Maron, Gabriel and Hessel, Matteo and Hasselt, Hado van and Silver, David},
 booktitle = {6th International Conference on Learning Representations (ICLR)},
 month = {April},
 note = {\url{https://openreview.net/forum?id=H1Dy---0Z}},
 publisher = {OpenReview.net},
 series = {Conference Track Proceedings},
 title = {Distributed Prioritized Experience Replay},
 year = {2018}
}

@inproceedings{hoshen2018identifying,
 address = {Vancouver, British Columbia, Canada},
 author = {Hoshen, Yedid and Wolf, Lior},
 booktitle = {6th International Conference on Learning Representations (ICLR)},
 month = {April},
 note = {\url{https://openreview.net/forum?id=BkN_r2lR-}},
 publisher = {OpenReview.net},
 series = {Conference Track Proceedings},
 title = {Identifying Analogies Across Domains},
 year = {2018}
}

@inproceedings{hou2018lossaware,
 address = {Vancouver, British Columbia, Canada},
 author = {Hou, Lu and Kwok, James T.},
 booktitle = {6th International Conference on Learning Representations (ICLR)},
 month = {April},
 note = {\url{https://openreview.net/forum?id=BkrSv0lA-}},
 publisher = {OpenReview.net},
 series = {Conference Track Proceedings},
 title = {Loss-aware Weight Quantization of Deep Networks},
 year = {2018}
}

@inproceedings{hsu2018learning,
 address = {Vancouver, British Columbia, Canada},
 author = {Hsu, Yen-Chang and Lv, Zhaoyang and Kira, Zsolt},
 booktitle = {6th International Conference on Learning Representations (ICLR)},
 month = {April},
 note = {\url{https://openreview.net/forum?id=ByRWCqvT-}},
 publisher = {OpenReview.net},
 series = {Conference Track Proceedings},
 title = {Learning to Cluster in Order to Transfer Across Domains and Tasks},
 year = {2018}
}

@inproceedings{hu2018on,
 address = {Vancouver, British Columbia, Canada},
 author = {Hu, Zhiting and Yang, Zichao and Salakhutdinov, Ruslan and Xing, Eric P.},
 booktitle = {6th International Conference on Learning Representations (ICLR)},
 month = {April},
 note = {\url{https://openreview.net/forum?id=rylSzl-R-}},
 publisher = {OpenReview.net},
 series = {Conference Track Proceedings},
 title = {On Unifying Deep Generative Models},
 year = {2018}
}

@inproceedings{huang2018fusionnet,
 address = {Vancouver, British Columbia, Canada},
 author = {Huang, Hsin-Yuan and Zhu, Chenguang and Shen, Yelong and Chen, Weizhu},
 booktitle = {6th International Conference on Learning Representations (ICLR)},
 month = {April},
 note = {\url{https://openreview.net/forum?id=BJIgi_eCZ}},
 publisher = {OpenReview.net},
 series = {Conference Track Proceedings},
 title = {FusionNet: Fusing via Fully-aware Attention with Application to Machine Comprehension},
 year = {2018}
}

@inproceedings{huang2018multiscale,
 address = {Vancouver, British Columbia, Canada},
 author = {Huang, Gao and Chen, Danlu and Li, Tianhong and Wu, Felix and Maaten, Laurens van der and Weinberger, Kilian Q.},
 booktitle = {6th International Conference on Learning Representations (ICLR)},
 month = {April},
 note = {\url{https://openreview.net/forum?id=Hk2aImxAb}},
 publisher = {OpenReview.net},
 series = {Conference Track Proceedings},
 title = {Multi-Scale Dense Networks for Resource Efficient Image Classification},
 year = {2018}
}

@inproceedings{huang2018towards,
 address = {Vancouver, British Columbia, Canada},
 author = {Huang, Po-Sen and Wang, Chong and Huang, Sitao and Zhou, Dengyong and Deng, Li},
 booktitle = {6th International Conference on Learning Representations (ICLR)},
 month = {April},
 note = {\url{https://openreview.net/forum?id=HktJec1RZ}},
 publisher = {OpenReview.net},
 series = {Conference Track Proceedings},
 title = {Towards Neural Phrase-based Machine Translation},
 year = {2018}
}

@inproceedings{hudson2018compositional,
 address = {Vancouver, British Columbia, Canada},
 author = {Hudson, Drew A. and Manning, Christopher D.},
 booktitle = {6th International Conference on Learning Representations (ICLR)},
 month = {April},
 note = {\url{https://openreview.net/forum?id=S1Euwz-Rb}},
 publisher = {OpenReview.net},
 series = {Conference Track Proceedings},
 title = {Compositional Attention Networks for Machine Reasoning},
 year = {2018}
}

@inproceedings{iii2018residual,
 address = {Vancouver, British Columbia, Canada},
 author = {Daumé III, Hal and Langford, John and Sharaf, Amr},
 booktitle = {6th International Conference on Learning Representations (ICLR)},
 month = {April},
 note = {\url{https://openreview.net/forum?id=HJNMYceCW}},
 publisher = {OpenReview.net},
 series = {Conference Track Proceedings},
 title = {Residual Loss Prediction: Reinforcement Learning With No Incremental Feedback},
 year = {2018}
}

@inproceedings{im2018quantitatively,
 address = {Vancouver, British Columbia, Canada},
 author = {Im, Daniel Jiwoong and Ma, He and Taylor, Graham W. and Branson, Kristin},
 booktitle = {6th International Conference on Learning Representations (ICLR)},
 month = {April},
 note = {\url{https://openreview.net/forum?id=SJQHjzZ0-}},
 publisher = {OpenReview.net},
 series = {Conference Track Proceedings},
 title = {Quantitatively Evaluating GANs With Divergences Proposed for Training},
 year = {2018}
}

@inproceedings{jacobsen2018irevnet,
 address = {Vancouver, British Columbia, Canada},
 author = {Jacobsen, Jörn-Henrik and Smeulders, Arnold W. M. and Oyallon, Edouard},
 booktitle = {6th International Conference on Learning Representations (ICLR)},
 month = {April},
 note = {\url{https://openreview.net/forum?id=HJsjkMb0Z}},
 publisher = {OpenReview.net},
 series = {Conference Track Proceedings},
 title = {i-RevNet: Deep Invertible Networks},
 year = {2018}
}

@inproceedings{jaegle2018understanding,
 address = {Vancouver, British Columbia, Canada},
 author = {Jaegle, Andrew and Phillips, Stephen and Ippolito, Daphne and Daniilidis, Kostas},
 booktitle = {6th International Conference on Learning Representations (ICLR)},
 month = {April},
 note = {\url{https://openreview.net/forum?id=SJLlmG-AZ}},
 publisher = {OpenReview.net},
 series = {Conference Track Proceedings},
 title = {Understanding image motion with group representations},
 year = {2018}
}

@inproceedings{janz2018learning,
 address = {Vancouver, British Columbia, Canada},
 author = {Janz, David and Westhuizen, Jos van der and Paige, Brooks and Kusner, Matt J. and Hernández-Lobato, José Miguel},
 booktitle = {6th International Conference on Learning Representations (ICLR)},
 month = {April},
 note = {\url{https://openreview.net/forum?id=rkrC3GbRW}},
 publisher = {OpenReview.net},
 series = {Conference Track Proceedings},
 title = {Learning a Generative Model for Validity in Complex Discrete Structures},
 year = {2018}
}

@inproceedings{jastrzebski2018residual,
 address = {Vancouver, British Columbia, Canada},
 author = {Jastrzebski, Stanislaw and Arpit, Devansh and Ballas, Nicolas and Verma, Vikas and Che, Tong and Bengio, Yoshua},
 booktitle = {6th International Conference on Learning Representations (ICLR)},
 month = {April},
 note = {\url{https://openreview.net/forum?id=SJa9iHgAZ}},
 publisher = {OpenReview.net},
 series = {Conference Track Proceedings},
 title = {Residual Connections Encourage Iterative Inference},
 year = {2018}
}

@inproceedings{jetley2018learn,
 address = {Vancouver, British Columbia, Canada},
 author = {Jetley, Saumya and Lord, Nicholas A. and Lee, Namhoon and Torr, Philip H. S.},
 booktitle = {6th International Conference on Learning Representations (ICLR)},
 month = {April},
 note = {\url{https://openreview.net/forum?id=HyzbhfWRW}},
 publisher = {OpenReview.net},
 series = {Conference Track Proceedings},
 title = {Learn to Pay Attention},
 year = {2018}
}

@inproceedings{joachims2018deep,
 address = {Vancouver, British Columbia, Canada},
 author = {Joachims, Thorsten and Swaminathan, Adith and Rijke, Maarten de},
 booktitle = {6th International Conference on Learning Representations (ICLR)},
 month = {April},
 note = {\url{https://openreview.net/forum?id=SJaP_-xAb}},
 publisher = {OpenReview.net},
 series = {Conference Track Proceedings},
 title = {Deep Learning with Logged Bandit Feedback},
 year = {2018}
}

@inproceedings{kaiser2018depthwise,
 address = {Vancouver, British Columbia, Canada},
 author = {Kaiser, Lukasz and Gomez, Aidan N. and Chollet, François},
 booktitle = {6th International Conference on Learning Representations (ICLR)},
 month = {April},
 note = {\url{https://openreview.net/forum?id=S1jBcueAb}},
 publisher = {OpenReview.net},
 series = {Conference Track Proceedings},
 title = {Depthwise Separable Convolutions for Neural Machine Translation},
 year = {2018}
}

@inproceedings{kalyan2018neuralguided,
 address = {Vancouver, British Columbia, Canada},
 author = {Kalyan, Ashwin and Mohta, Abhishek and Oleks,  and Polozov, R. and Batra, Dhruv and Jain, Prateek and Gulwani, Sumit},
 booktitle = {6th International Conference on Learning Representations (ICLR)},
 month = {April},
 note = {\url{https://openreview.net/forum?id=rywDjg-RW}},
 publisher = {OpenReview.net},
 series = {Conference Track Proceedings},
 title = {Neural-Guided Deductive Search for Real-Time Program Synthesis from Examples},
 year = {2018}
}

@inproceedings{karras2018progressive,
 address = {Vancouver, British Columbia, Canada},
 author = {Karras, Tero and Aila, Timo and Laine, Samuli and Lehtinen, Jaakko},
 booktitle = {6th International Conference on Learning Representations (ICLR)},
 month = {April},
 note = {\url{https://openreview.net/forum?id=Hk99zCeAb}},
 publisher = {OpenReview.net},
 series = {Conference Track Proceedings},
 title = {Progressive Growing of GANs for Improved Quality, Stability, and Variation},
 year = {2018}
}

@inproceedings{kemker2018fearnet,
 address = {Vancouver, British Columbia, Canada},
 author = {Kemker, Ronald and Kanan, Christopher},
 booktitle = {6th International Conference on Learning Representations (ICLR)},
 month = {April},
 note = {\url{https://openreview.net/forum?id=SJ1Xmf-Rb}},
 publisher = {OpenReview.net},
 series = {Conference Track Proceedings},
 title = {FearNet: Brain-Inspired Model for Incremental Learning},
 year = {2018}
}

@inproceedings{khan2018memory,
 address = {Vancouver, British Columbia, Canada},
 author = {Khan, Arbaaz and Zhang, Clark and Atanasov, Nikolay and Karydis, Konstantinos and Kumar, Vijay and Lee, Daniel D.},
 booktitle = {6th International Conference on Learning Representations (ICLR)},
 month = {April},
 note = {\url{https://openreview.net/forum?id=HyfHgI6aW}},
 publisher = {OpenReview.net},
 series = {Conference Track Proceedings},
 title = {Memory Augmented Control Networks},
 year = {2018}
}

@inproceedings{khetan2018learning,
 address = {Vancouver, British Columbia, Canada},
 author = {Khetan, Ashish and Lipton, Zachary C. and An, Animashree},
 booktitle = {6th International Conference on Learning Representations (ICLR)},
 month = {April},
 note = {\url{https://openreview.net/forum?id=H1sUHgb0Z}},
 publisher = {OpenReview.net},
 series = {Conference Track Proceedings},
 title = {Learning From Noisy Singly-labeled Data},
 year = {2018}
}

@inproceedings{khoram2018adaptive,
 address = {Vancouver, British Columbia, Canada},
 author = {Khoram, Soroosh and Li, Jing},
 booktitle = {6th International Conference on Learning Representations (ICLR)},
 month = {April},
 note = {\url{https://openreview.net/forum?id=SyOK1Sg0W}},
 publisher = {OpenReview.net},
 series = {Conference Track Proceedings},
 title = {Adaptive Quantization of Neural Networks},
 year = {2018}
}

@inproceedings{khrulkov2018expressive,
 address = {Vancouver, British Columbia, Canada},
 author = {Khrulkov, Valentin and Alex, and Novikov, er and Oseledets, Ivan V.},
 booktitle = {6th International Conference on Learning Representations (ICLR)},
 month = {April},
 note = {\url{https://openreview.net/forum?id=S1WRibb0Z}},
 publisher = {OpenReview.net},
 series = {Conference Track Proceedings},
 title = {Expressive power of recurrent neural networks},
 year = {2018}
}

@inproceedings{kidambi2018on,
 address = {Vancouver, British Columbia, Canada},
 author = {Kidambi, Rahul and Netrapalli, Praneeth and Jain, Prateek and Kakade, Sham M.},
 booktitle = {6th International Conference on Learning Representations (ICLR)},
 month = {April},
 note = {\url{https://openreview.net/forum?id=rJTutzbA-}},
 publisher = {OpenReview.net},
 series = {Conference Track Proceedings},
 title = {On the Insufficiency of Existing Momentum Schemes for Stochastic Optimization},
 year = {2018}
}

@inproceedings{kilcher2018semantic,
 address = {Vancouver, British Columbia, Canada},
 author = {Kilcher, Yannic and Lucchi, Aurélien and Hofmann, Thomas},
 booktitle = {6th International Conference on Learning Representations (ICLR)},
 month = {April},
 note = {\url{https://openreview.net/forum?id=H15odZ-C-}},
 publisher = {OpenReview.net},
 series = {Conference Track Proceedings},
 title = {Semantic Interpolation in Implicit Models},
 year = {2018}
}

@inproceedings{kilinc2018learning,
 address = {Vancouver, British Columbia, Canada},
 author = {Kilinc, Ozsel and Uysal, Ismail},
 booktitle = {6th International Conference on Learning Representations (ICLR)},
 month = {April},
 note = {\url{https://openreview.net/forum?id=HkMvEOlAb}},
 publisher = {OpenReview.net},
 series = {Conference Track Proceedings},
 title = {Learning Latent Representations in Neural Networks for Clustering through Pseudo Supervision and Graph-based Activity Regularization},
 year = {2018}
}

@inproceedings{kim2018communication,
 address = {Vancouver, British Columbia, Canada},
 author = {Kim, Hyeji and Jiang, Yihan and Rana, Ranvir and Kannan, Sreeram and Oh, Sewoong and Viswanath, Pramod},
 booktitle = {6th International Conference on Learning Representations (ICLR)},
 month = {April},
 note = {\url{https://openreview.net/forum?id=ryazCMbR-}},
 publisher = {OpenReview.net},
 series = {Conference Track Proceedings},
 title = {Communication Algorithms via Deep Learning},
 year = {2018}
}

@inproceedings{kim2018memorization,
 address = {Vancouver, British Columbia, Canada},
 author = {Kim, Youngjin and Kim, Minjung and Kim, Gunhee},
 booktitle = {6th International Conference on Learning Representations (ICLR)},
 month = {April},
 note = {\url{https://openreview.net/forum?id=rkO3uTkAZ}},
 publisher = {OpenReview.net},
 series = {Conference Track Proceedings},
 title = {Memorization Precedes Generation: Learning Unsupervised GANs with Memory Networks},
 year = {2018}
}

@inproceedings{kindermans2018learning,
 address = {Vancouver, British Columbia, Canada},
 author = {Kindermans, Pieter-Jan and Schütt, Kristof T. and Alber, Maximilian and Müller, Klaus-Robert and Erhan, Dumitru and Kim, Been and Dähne, Sven},
 booktitle = {6th International Conference on Learning Representations (ICLR)},
 month = {April},
 note = {\url{https://openreview.net/forum?id=Hkn7CBaTW}},
 publisher = {OpenReview.net},
 series = {Conference Track Proceedings},
 title = {Learning how to explain neural networks: PatternNet and PatternAttribution},
 year = {2018}
}

@inproceedings{kocaoglu2018causalgan,
 address = {Vancouver, British Columbia, Canada},
 author = {Kocaoglu, Murat and Snyder, Christopher and Alex and Dimakis, A. G. and Vishwanath, Sriram},
 booktitle = {6th International Conference on Learning Representations (ICLR)},
 month = {April},
 note = {\url{https://openreview.net/forum?id=BJE-4xW0W}},
 publisher = {OpenReview.net},
 series = {Conference Track Proceedings},
 title = {CausalGAN: Learning Causal Implicit Generative Models with Adversarial Training},
 year = {2018}
}

@inproceedings{krishnan2018neumann,
 address = {Vancouver, British Columbia, Canada},
 author = {Krishnan, Shankar and Xiao, Ying and Saurous, Rif A.},
 booktitle = {6th International Conference on Learning Representations (ICLR)},
 month = {April},
 note = {\url{https://openreview.net/forum?id=rkLyJl-0-}},
 publisher = {OpenReview.net},
 series = {Conference Track Proceedings},
 title = {Neumann Optimizer: A Practical Optimization Algorithm for Deep Neural Networks},
 year = {2018}
}

@inproceedings{kumar2018variational,
 address = {Vancouver, British Columbia, Canada},
 author = {Kumar, Abhishek and Sattigeri, Prasanna and Balakrishnan, Avinash},
 booktitle = {6th International Conference on Learning Representations (ICLR)},
 month = {April},
 note = {\url{https://openreview.net/forum?id=H1kG7GZAW}},
 publisher = {OpenReview.net},
 series = {Conference Track Proceedings},
 title = {Variational Inference of Disentangled Latent Concepts from Unlabeled Observations},
 year = {2018}
}

@inproceedings{kurutach2018modelensemble,
 address = {Vancouver, British Columbia, Canada},
 author = {Kurutach, Thanard and Clavera, Ignasi and Duan, Yan and Tamar, Aviv and Abbeel, Pieter},
 booktitle = {6th International Conference on Learning Representations (ICLR)},
 month = {April},
 note = {\url{https://openreview.net/forum?id=SJJinbWRZ}},
 publisher = {OpenReview.net},
 series = {Conference Track Proceedings},
 title = {Model-Ensemble Trust-Region Policy Optimization},
 year = {2018}
}

@inproceedings{lample2018unsupervised,
 address = {Vancouver, British Columbia, Canada},
 author = {Lample, Guillaume and Conneau, Alexis and Denoyer, Ludovic and Ranzato, Marc'Aurelio},
 booktitle = {6th International Conference on Learning Representations (ICLR)},
 month = {April},
 note = {\url{https://openreview.net/forum?id=rkYTTf-AZ}},
 publisher = {OpenReview.net},
 series = {Conference Track Proceedings},
 title = {Unsupervised Machine Translation Using Monolingual Corpora Only},
 year = {2018}
}

@inproceedings{lample2018word,
 address = {Vancouver, British Columbia, Canada},
 author = {Lample, Guillaume and Conneau, Alexis and Ranzato, Marc'Aurelio and Denoyer, Ludovic and Jégou, Hervé},
 booktitle = {6th International Conference on Learning Representations (ICLR)},
 month = {April},
 note = {\url{https://openreview.net/forum?id=H196sainb}},
 publisher = {OpenReview.net},
 series = {Conference Track Proceedings},
 title = {Word translation without parallel data},
 year = {2018}
}

@inproceedings{laroche2018reinforcement,
 address = {Vancouver, British Columbia, Canada},
 author = {Laroche, Romain and Féraud, Raphaël},
 booktitle = {6th International Conference on Learning Representations (ICLR)},
 month = {April},
 note = {\url{https://openreview.net/forum?id=SyoDInJ0-}},
 publisher = {OpenReview.net},
 series = {Conference Track Proceedings},
 title = {Reinforcement Learning Algorithm Selection},
 year = {2018}
}

@inproceedings{lazaridou2018emergence,
 address = {Vancouver, British Columbia, Canada},
 author = {Lazaridou, Angeliki and Hermann, Karl Moritz and Tuyls, Karl and Clark, Stephen},
 booktitle = {6th International Conference on Learning Representations (ICLR)},
 month = {April},
 note = {\url{https://openreview.net/forum?id=HJGv1Z-AW}},
 publisher = {OpenReview.net},
 series = {Conference Track Proceedings},
 title = {Emergence of Linguistic Communication from Referential Games with Symbolic and Pixel Input},
 year = {2018}
}

@inproceedings{le2018autoencoding,
 address = {Vancouver, British Columbia, Canada},
 author = {Le, Tuan Anh and Igl, Maximilian and Rainforth, Tom and Jin, Tom and Wood, Frank},
 booktitle = {6th International Conference on Learning Representations (ICLR)},
 month = {April},
 note = {\url{https://openreview.net/forum?id=BJ8c3f-0b}},
 publisher = {OpenReview.net},
 series = {Conference Track Proceedings},
 title = {Auto-Encoding Sequential Monte Carlo},
 year = {2018}
}

@inproceedings{leblond2018searnn,
 address = {Vancouver, British Columbia, Canada},
 author = {Leblond, Rémi and Alayrac, Jean-Baptiste and Osokin, Anton and Lacoste-Julien, Simon},
 booktitle = {6th International Conference on Learning Representations (ICLR)},
 month = {April},
 note = {\url{https://openreview.net/forum?id=HkUR_y-RZ}},
 publisher = {OpenReview.net},
 series = {Conference Track Proceedings},
 title = {SEARNN: Training RNNs with global-local losses},
 year = {2018}
}

@inproceedings{lee2018deep,
 address = {Vancouver, British Columbia, Canada},
 author = {Lee, Jaehoon and Bahri, Yasaman and Novak, Roman and Schoenholz, Samuel S. and Pennington, Jeffrey and Sohl-Dickstein, Jascha},
 booktitle = {6th International Conference on Learning Representations (ICLR)},
 month = {April},
 note = {\url{https://openreview.net/forum?id=B1EA-M-0Z}},
 publisher = {OpenReview.net},
 series = {Conference Track Proceedings},
 title = {Deep Neural Networks as Gaussian Processes},
 year = {2018}
}

@inproceedings{lee2018emergent,
 address = {Vancouver, British Columbia, Canada},
 author = {Lee, Jason and Cho, Kyunghyun and Weston, Jason and Kiela, Douwe},
 booktitle = {6th International Conference on Learning Representations (ICLR)},
 month = {April},
 note = {\url{https://openreview.net/forum?id=H1vEXaxA-}},
 publisher = {OpenReview.net},
 series = {Conference Track Proceedings},
 title = {Emergent Translation in Multi-Agent Communication},
 year = {2018}
}

@inproceedings{lee2018simulatedunsupervised,
 address = {Vancouver, British Columbia, Canada},
 author = {Lee, Kangwook and Kim, Hoon and Suh, Changho},
 booktitle = {6th International Conference on Learning Representations (ICLR)},
 month = {April},
 note = {\url{https://openreview.net/forum?id=SkHDoG-Cb}},
 publisher = {OpenReview.net},
 series = {Conference Track Proceedings},
 title = {Simulated+Unsupervised Learning With Adaptive Data Generation and Bidirectional Mappings},
 year = {2018}
}

@inproceedings{lee2018training,
 address = {Vancouver, British Columbia, Canada},
 author = {Lee, Kimin and Lee, Honglak and Lee, Kibok and Shin, Jinwoo},
 booktitle = {6th International Conference on Learning Representations (ICLR)},
 month = {April},
 note = {\url{https://openreview.net/forum?id=ryiAv2xAZ}},
 publisher = {OpenReview.net},
 series = {Conference Track Proceedings},
 title = {Training Confidence-calibrated Classifiers for Detecting Out-of-Distribution Samples},
 year = {2018}
}

@inproceedings{lee2018viterbibased,
 address = {Vancouver, British Columbia, Canada},
 author = {Lee, Dongsoo and Ahn, Daehyun and Kim, Taesu and Chuang, Pierce I-Jen and Kim, Jae-Joon},
 booktitle = {6th International Conference on Learning Representations (ICLR)},
 month = {April},
 note = {\url{https://openreview.net/forum?id=S1D8MPxA-}},
 publisher = {OpenReview.net},
 series = {Conference Track Proceedings},
 title = {Viterbi-based Pruning for Sparse Matrix with Fixed and High Index Compression Ratio},
 year = {2018}
}

@inproceedings{levine2018deep,
 address = {Vancouver, British Columbia, Canada},
 author = {Levine, Yoav and Yakira, David and Cohen, Nadav and Shashua, Amnon},
 booktitle = {6th International Conference on Learning Representations (ICLR)},
 month = {April},
 note = {\url{https://openreview.net/forum?id=SywXXwJAb}},
 publisher = {OpenReview.net},
 series = {Conference Track Proceedings},
 title = {Deep Learning and Quantum Entanglement: Fundamental Connections with Implications to Network Design},
 year = {2018}
}

@inproceedings{levy2018generalizing,
 address = {Vancouver, British Columbia, Canada},
 author = {Levy, Daniel and Hoffman, Matthew D. and Sohl-Dickstein, Jascha},
 booktitle = {6th International Conference on Learning Representations (ICLR)},
 month = {April},
 note = {\url{https://openreview.net/forum?id=B1n8LexRZ}},
 publisher = {OpenReview.net},
 series = {Conference Track Proceedings},
 title = {Generalizing Hamiltonian Monte Carlo with Neural Networks},
 year = {2018}
}

@inproceedings{li2018diffusion,
 address = {Vancouver, British Columbia, Canada},
 author = {Li, Yaguang and Yu, Rose and Shahabi, Cyrus and Liu, Yan},
 booktitle = {6th International Conference on Learning Representations (ICLR)},
 month = {April},
 note = {\url{https://openreview.net/forum?id=SJiHXGWAZ}},
 publisher = {OpenReview.net},
 series = {Conference Track Proceedings},
 title = {Diffusion Convolutional Recurrent Neural Network: Data-Driven Traffic Forecasting},
 year = {2018}
}

@inproceedings{li2018gradient,
 address = {Vancouver, British Columbia, Canada},
 author = {Li, Yingzhen and Turner, Richard E.},
 booktitle = {6th International Conference on Learning Representations (ICLR)},
 month = {April},
 note = {\url{https://openreview.net/forum?id=SJi9WOeRb}},
 publisher = {OpenReview.net},
 series = {Conference Track Proceedings},
 title = {Gradient Estimators for Implicit Models},
 year = {2018}
}

@inproceedings{li2018measuring,
 address = {Vancouver, British Columbia, Canada},
 author = {Li, Chunyuan and Farkhoor, Heerad and Liu, Rosanne and Yosinski, Jason},
 booktitle = {6th International Conference on Learning Representations (ICLR)},
 month = {April},
 note = {\url{https://openreview.net/forum?id=ryup8-WCW}},
 publisher = {OpenReview.net},
 series = {Conference Track Proceedings},
 title = {Measuring the Intrinsic Dimension of Objective Landscapes},
 year = {2018}
}

@inproceedings{liang2018enhancing,
 address = {Vancouver, British Columbia, Canada},
 author = {Liang, Shiyu and Li, Yixuan and Srikant, R.},
 booktitle = {6th International Conference on Learning Representations (ICLR)},
 month = {April},
 note = {\url{https://openreview.net/forum?id=H1VGkIxRZ}},
 publisher = {OpenReview.net},
 series = {Conference Track Proceedings},
 title = {Enhancing the Reliability of Out-of-distribution Image Detection in Neural Networks},
 year = {2018}
}

@inproceedings{lin2018deep,
 address = {Vancouver, British Columbia, Canada},
 author = {Lin, Yujun and Han, Song and Mao, Huizi and Wang, Yu and Dally, Bill},
 booktitle = {6th International Conference on Learning Representations (ICLR)},
 month = {April},
 note = {\url{https://openreview.net/forum?id=SkhQHMW0W}},
 publisher = {OpenReview.net},
 series = {Conference Track Proceedings},
 title = {Deep Gradient Compression: Reducing the Communication Bandwidth for Distributed Training},
 year = {2018}
}

@inproceedings{lin2018variational,
 address = {Vancouver, British Columbia, Canada},
 author = {Lin, Wu and Hubacher, Nicolas and Khan, Mohammad Emtiyaz},
 booktitle = {6th International Conference on Learning Representations (ICLR)},
 month = {April},
 note = {\url{https://openreview.net/forum?id=HyH9lbZAW}},
 publisher = {OpenReview.net},
 series = {Conference Track Proceedings},
 title = {Variational Message Passing with Structured Inference Networks},
 year = {2018}
}

@inproceedings{liu2018actiondependent,
 address = {Vancouver, British Columbia, Canada},
 author = {Liu, Hao and Feng, Yihao and Mao, Yi and Zhou, Dengyong and Peng, Jian and Liu, Qiang},
 booktitle = {6th International Conference on Learning Representations (ICLR)},
 month = {April},
 note = {\url{https://openreview.net/forum?id=H1mCp-ZRZ}},
 publisher = {OpenReview.net},
 series = {Conference Track Proceedings},
 title = {Action-dependent Control Variates for Policy Optimization via Stein Identity},
 year = {2018}
}

@inproceedings{liu2018efficient,
 address = {Vancouver, British Columbia, Canada},
 author = {Liu, Xingyu and Pool, Jeff and Han, Song and Dally, William J.},
 booktitle = {6th International Conference on Learning Representations (ICLR)},
 month = {April},
 note = {\url{https://openreview.net/forum?id=HJzgZ3JCW}},
 publisher = {OpenReview.net},
 series = {Conference Track Proceedings},
 title = {Efficient Sparse-Winograd Convolutional Neural Networks},
 year = {2018}
}

@inproceedings{liu2018generating,
 address = {Vancouver, British Columbia, Canada},
 author = {Liu, Peter J. and Saleh, Mohammad and Pot, Etienne and Goodrich, Ben and Sepassi, Ryan and Kaiser, Lukasz and Shazeer, Noam},
 booktitle = {6th International Conference on Learning Representations (ICLR)},
 month = {April},
 note = {\url{https://openreview.net/forum?id=Hyg0vbWC-}},
 publisher = {OpenReview.net},
 series = {Conference Track Proceedings},
 title = {Generating Wikipedia by Summarizing Long Sequences},
 year = {2018}
}

@inproceedings{liu2018hierarchical,
 address = {Vancouver, British Columbia, Canada},
 author = {Liu, Hanxiao and Simonyan, Karen and Vinyals, Oriol and Fern, Chrisantha and Kavukcuoglu, Koray},
 booktitle = {6th International Conference on Learning Representations (ICLR)},
 month = {April},
 note = {\url{https://openreview.net/forum?id=BJQRKzbA-}},
 publisher = {OpenReview.net},
 series = {Conference Track Proceedings},
 title = {Hierarchical Representations for Efficient Architecture Search},
 year = {2018}
}

@inproceedings{liu2018reinforcement,
 address = {Vancouver, British Columbia, Canada},
 author = {Liu, Evan Zheran and Guu, Kelvin and Pasupat, Panupong and Shi, Tianlin and Liang, Percy},
 booktitle = {6th International Conference on Learning Representations (ICLR)},
 month = {April},
 note = {\url{https://openreview.net/forum?id=ryTp3f-0-}},
 publisher = {OpenReview.net},
 series = {Conference Track Proceedings},
 title = {Reinforcement Learning on Web Interfaces using Workflow-Guided Exploration},
 year = {2018}
}

@inproceedings{logeswaran2018efficient,
 address = {Vancouver, British Columbia, Canada},
 author = {Logeswaran, Lajanugen and Lee, Honglak},
 booktitle = {6th International Conference on Learning Representations (ICLR)},
 month = {April},
 note = {\url{https://openreview.net/forum?id=rJvJXZb0W}},
 publisher = {OpenReview.net},
 series = {Conference Track Proceedings},
 title = {An efficient framework for learning sentence representations},
 year = {2018}
}

@inproceedings{louizos2018learning,
 address = {Vancouver, British Columbia, Canada},
 author = {Louizos, Christos and Welling, Max and Kingma, Diederik P.},
 booktitle = {6th International Conference on Learning Representations (ICLR)},
 month = {April},
 note = {\url{https://openreview.net/forum?id=H1Y8hhg0b}},
 publisher = {OpenReview.net},
 series = {Conference Track Proceedings},
 title = {Learning Sparse Neural Networks through L_0 Regularization},
 year = {2018}
}

@inproceedings{ma2018characterizing,
 address = {Vancouver, British Columbia, Canada},
 author = {Ma, Xingjun and Li, Bo and Wang, Yisen and Erfani, Sarah M. and Wijewickrema, Sudanthi N. R. and Schoenebeck, Grant and Song, Dawn and Houle, Michael E. and Bailey, James},
 booktitle = {6th International Conference on Learning Representations (ICLR)},
 month = {April},
 note = {\url{https://openreview.net/forum?id=B1gJ1L2aW}},
 publisher = {OpenReview.net},
 series = {Conference Track Proceedings},
 title = {Characterizing Adversarial Subspaces Using Local Intrinsic Dimensionality},
 year = {2018}
}

@inproceedings{machado2018eigenoption,
 address = {Vancouver, British Columbia, Canada},
 author = {Machado, Marlos C. and Rosenbaum, Clemens and Guo, Xiaoxiao and Liu, Miao and Tesauro, Gerald and Campbell, Murray},
 booktitle = {6th International Conference on Learning Representations (ICLR)},
 month = {April},
 note = {\url{https://openreview.net/forum?id=Bk8ZcAxR-}},
 publisher = {OpenReview.net},
 series = {Conference Track Proceedings},
 title = {Eigenoption Discovery through the Deep Successor Representation},
 year = {2018}
}

@inproceedings{macua2018learning,
 address = {Vancouver, British Columbia, Canada},
 author = {Macua, Sergio Valcarcel and Zazo, Javier and Zazo, Santiago},
 booktitle = {6th International Conference on Learning Representations (ICLR)},
 month = {April},
 note = {\url{https://openreview.net/forum?id=rJm7VfZA-}},
 publisher = {OpenReview.net},
 series = {Conference Track Proceedings},
 title = {Learning Parametric Closed-Loop Policies for Markov Potential Games},
 year = {2018}
}

@inproceedings{mao2018universal,
 address = {Vancouver, British Columbia, Canada},
 author = {Mao, Jiayuan and Dong, Honghua and Lim, Joseph J.},
 booktitle = {6th International Conference on Learning Representations (ICLR)},
 month = {April},
 note = {\url{https://openreview.net/forum?id=B1mvVm-C-}},
 publisher = {OpenReview.net},
 series = {Conference Track Proceedings},
 title = {Universal Agent for Disentangling Environments and Tasks},
 year = {2018}
}

@inproceedings{martens2018kroneckerfactored,
 address = {Vancouver, British Columbia, Canada},
 author = {Martens, James and Ba, Jimmy and Johnson, Matt},
 booktitle = {6th International Conference on Learning Representations (ICLR)},
 month = {April},
 note = {\url{https://openreview.net/forum?id=HyMTkQZAb}},
 publisher = {OpenReview.net},
 series = {Conference Track Proceedings},
 title = {Kronecker-factored Curvature Approximations for Recurrent Neural Networks},
 year = {2018}
}

@inproceedings{martin2018parallelizing,
 address = {Vancouver, British Columbia, Canada},
 author = {Martin, Eric and Cundy, Chris},
 booktitle = {6th International Conference on Learning Representations (ICLR)},
 month = {April},
 note = {\url{https://openreview.net/forum?id=HyUNwulC-}},
 publisher = {OpenReview.net},
 series = {Conference Track Proceedings},
 title = {Parallelizing Linear Recurrent Neural Nets Over Sequence Length},
 year = {2018}
}

@inproceedings{mcdonnell2018training,
 address = {Vancouver, British Columbia, Canada},
 author = {McDonnell, Mark D.},
 booktitle = {6th International Conference on Learning Representations (ICLR)},
 month = {April},
 note = {\url{https://openreview.net/forum?id=rytNfI1AZ}},
 publisher = {OpenReview.net},
 series = {Conference Track Proceedings},
 title = {Training wide residual networks for deployment using a single bit for each weight},
 year = {2018}
}

@inproceedings{mcmahan2018learning,
 address = {Vancouver, British Columbia, Canada},
 author = {McMahan, H. Brendan and Ramage, Daniel and Talwar, Kunal and Zhang, Li},
 booktitle = {6th International Conference on Learning Representations (ICLR)},
 month = {April},
 note = {\url{https://openreview.net/forum?id=BJ0hF1Z0b}},
 publisher = {OpenReview.net},
 series = {Conference Track Proceedings},
 title = {Learning Differentially Private Recurrent Language Models},
 year = {2018}
}

@inproceedings{melis2018on,
 address = {Vancouver, British Columbia, Canada},
 author = {Melis, Gábor and Dyer, Chris and Blunsom, Phil},
 booktitle = {6th International Conference on Learning Representations (ICLR)},
 month = {April},
 note = {\url{https://openreview.net/forum?id=ByJHuTgA-}},
 publisher = {OpenReview.net},
 series = {Conference Track Proceedings},
 title = {On the State of the Art of Evaluation in Neural Language Models},
 year = {2018}
}

@inproceedings{mena2018learning,
 address = {Vancouver, British Columbia, Canada},
 author = {Mena, Gonzalo E. and Belanger, David and Linderman, Scott W. and Snoek, Jasper},
 booktitle = {6th International Conference on Learning Representations (ICLR)},
 month = {April},
 note = {\url{https://openreview.net/forum?id=Byt3oJ-0W}},
 publisher = {OpenReview.net},
 series = {Conference Track Proceedings},
 title = {Learning Latent Permutations with Gumbel-Sinkhorn Networks},
 year = {2018}
}

@inproceedings{merity2018regularizing,
 address = {Vancouver, British Columbia, Canada},
 author = {Merity, Stephen and Keskar, Nitish Shirish and Socher, Richard},
 booktitle = {6th International Conference on Learning Representations (ICLR)},
 month = {April},
 note = {\url{https://openreview.net/forum?id=SyyGPP0TZ}},
 publisher = {OpenReview.net},
 series = {Conference Track Proceedings},
 title = {Regularizing and Optimizing LSTM Language Models},
 year = {2018}
}

@inproceedings{meyerson2018beyond,
 address = {Vancouver, British Columbia, Canada},
 author = {Meyerson, Elliot and Miikkulainen, Risto},
 booktitle = {6th International Conference on Learning Representations (ICLR)},
 month = {April},
 note = {\url{https://openreview.net/forum?id=BkXmYfbAZ}},
 publisher = {OpenReview.net},
 series = {Conference Track Proceedings},
 title = {Beyond Shared Hierarchies: Deep Multitask Learning through Soft Layer Ordering},
 year = {2018}
}

@inproceedings{micikevicius2018mixed,
 address = {Vancouver, British Columbia, Canada},
 author = {Micikevicius, Paulius and Narang, Sharan and Alben, Jonah and Diamos, Gregory F. and Elsen, Erich and García, David and Ginsburg, Boris and Houston, Michael and Kuchaiev, Oleksii and Venkatesh, Ganesh and Wu, Hao},
 booktitle = {6th International Conference on Learning Representations (ICLR)},
 month = {April},
 note = {\url{https://openreview.net/forum?id=r1gs9JgRZ}},
 publisher = {OpenReview.net},
 series = {Conference Track Proceedings},
 title = {Mixed Precision Training},
 year = {2018}
}

@inproceedings{mirhoseini2018hierarchical,
 address = {Vancouver, British Columbia, Canada},
 author = {Mirhoseini, Azalia and Goldie, Anna and Pham, Hieu and Steiner, Benoit and Le, Quoc V. and Dean, Jeff},
 booktitle = {6th International Conference on Learning Representations (ICLR)},
 month = {April},
 note = {\url{https://openreview.net/forum?id=Hkc-TeZ0W}},
 publisher = {OpenReview.net},
 series = {Conference Track Proceedings},
 title = {A Hierarchical Model for Device Placement},
 year = {2018}
}

@inproceedings{mishra2018apprentice,
 address = {Vancouver, British Columbia, Canada},
 author = {Mishra, Asit K. and Marr, Debbie},
 booktitle = {6th International Conference on Learning Representations (ICLR)},
 month = {April},
 note = {\url{https://openreview.net/forum?id=B1ae1lZRb}},
 publisher = {OpenReview.net},
 series = {Conference Track Proceedings},
 title = {Apprentice: Using Knowledge Distillation Techniques To Improve Low-Precision Network Accuracy},
 year = {2018}
}

@inproceedings{mishra2018simple,
 address = {Vancouver, British Columbia, Canada},
 author = {Mishra, Nikhil and Rohaninejad, Mostafa and Chen, Xi and Abbeel, Pieter},
 booktitle = {6th International Conference on Learning Representations (ICLR)},
 month = {April},
 note = {\url{https://openreview.net/forum?id=B1DmUzWAW}},
 publisher = {OpenReview.net},
 series = {Conference Track Proceedings},
 title = {A Simple Neural Attentive Meta-Learner},
 year = {2018}
}

@inproceedings{mishra2018wrpn,
 address = {Vancouver, British Columbia, Canada},
 author = {Mishra, Asit K. and Nurvitadhi, Eriko and Cook, Jeffrey J. and Marr, Debbie},
 booktitle = {6th International Conference on Learning Representations (ICLR)},
 month = {April},
 note = {\url{https://openreview.net/forum?id=B1ZvaaeAZ}},
 publisher = {OpenReview.net},
 series = {Conference Track Proceedings},
 title = {WRPN: Wide Reduced-Precision Networks},
 year = {2018}
}

@inproceedings{miyato2018cgans,
 address = {Vancouver, British Columbia, Canada},
 author = {Miyato, Takeru and Koyama, Masanori},
 booktitle = {6th International Conference on Learning Representations (ICLR)},
 month = {April},
 note = {\url{https://openreview.net/forum?id=ByS1VpgRZ}},
 publisher = {OpenReview.net},
 series = {Conference Track Proceedings},
 title = {cGANs with Projection Discriminator},
 year = {2018}
}

@inproceedings{miyato2018spectral,
 address = {Vancouver, British Columbia, Canada},
 author = {Miyato, Takeru and Kataoka, Toshiki and Koyama, Masanori and Yoshida, Yuichi},
 booktitle = {6th International Conference on Learning Representations (ICLR)},
 month = {April},
 note = {\url{https://openreview.net/forum?id=B1QRgziT-}},
 publisher = {OpenReview.net},
 series = {Conference Track Proceedings},
 title = {Spectral Normalization for Generative Adversarial Networks},
 year = {2018}
}

@inproceedings{molano2018synthesizing,
 address = {Vancouver, British Columbia, Canada},
 author = {Molano-Mazon, Manuel and Onken, Arno and Piasini, Eugenio and Panzeri, Stefano},
 booktitle = {6th International Conference on Learning Representations (ICLR)},
 month = {April},
 note = {\url{https://openreview.net/forum?id=r1VVsebAZ}},
 publisher = {OpenReview.net},
 series = {Conference Track Proceedings},
 title = {Synthesizing realistic neural population activity patterns using Generative Adversarial Networks},
 year = {2018}
}

@inproceedings{moosavidezfooli2018robustness,
 address = {Vancouver, British Columbia, Canada},
 author = {Moosavi-Dezfooli, Seyed-Mohsen and Fawzi, Alhussein and Fawzi, Omar and Frossard, Pascal and Soatto, Stefano},
 booktitle = {6th International Conference on Learning Representations (ICLR)},
 month = {April},
 note = {\url{https://openreview.net/forum?id=ByrZyglCb}},
 publisher = {OpenReview.net},
 series = {Conference Track Proceedings},
 title = {Robustness of Classifiers to Universal Perturbations: A Geometric Perspective},
 year = {2018}
}

@inproceedings{morcos2018on,
 address = {Vancouver, British Columbia, Canada},
 author = {Morcos, Ari S. and Barrett, David G. T. and Rabinowitz, Neil C. and Botvinick, Matthew M.},
 booktitle = {6th International Conference on Learning Representations (ICLR)},
 month = {April},
 note = {\url{https://openreview.net/forum?id=r1iuQjxCZ}},
 publisher = {OpenReview.net},
 series = {Conference Track Proceedings},
 title = {On the importance of single directions for generalization},
 year = {2018}
}

@inproceedings{morerio2018minimalentropy,
 address = {Vancouver, British Columbia, Canada},
 author = {Morerio, Pietro and Cavazza, Jacopo and Murino, Vittorio},
 booktitle = {6th International Conference on Learning Representations (ICLR)},
 month = {April},
 note = {\url{https://openreview.net/forum?id=rJWechg0Z}},
 publisher = {OpenReview.net},
 series = {Conference Track Proceedings},
 title = {Minimal-Entropy Correlation Alignment for Unsupervised Deep Domain Adaptation},
 year = {2018}
}

@inproceedings{mroueh2018sobolev,
 address = {Vancouver, British Columbia, Canada},
 author = {Mroueh, Youssef and Li, Chun-Liang and Sercu, Tom and Raj, Anant and Cheng, Yu},
 booktitle = {6th International Conference on Learning Representations (ICLR)},
 month = {April},
 note = {\url{https://openreview.net/forum?id=SJA7xfb0b}},
 publisher = {OpenReview.net},
 series = {Conference Track Proceedings},
 title = {Sobolev GAN},
 year = {2018}
}

@inproceedings{mu2018allbutthetop,
 address = {Vancouver, British Columbia, Canada},
 author = {Mu, Jiaqi and Viswanath, Pramod},
 booktitle = {6th International Conference on Learning Representations (ICLR)},
 month = {April},
 note = {\url{https://openreview.net/forum?id=HkuGJ3kCb}},
 publisher = {OpenReview.net},
 series = {Conference Track Proceedings},
 title = {All-but-the-Top: Simple and Effective Postprocessing for Word Representations},
 year = {2018}
}

@inproceedings{murali2018neural,
 address = {Vancouver, British Columbia, Canada},
 author = {Murali, Vijayaraghavan and Qi, Letao and Chaudhuri, Swarat and Jermaine, Chris},
 booktitle = {6th International Conference on Learning Representations (ICLR)},
 month = {April},
 note = {\url{https://openreview.net/forum?id=HkfXMz-Ab}},
 publisher = {OpenReview.net},
 series = {Conference Track Proceedings},
 title = {Neural Sketch Learning for Conditional Program Generation},
 year = {2018}
}

@inproceedings{murdoch2018beyond,
 address = {Vancouver, British Columbia, Canada},
 author = {Murdoch, W. James and Liu, Peter J. and Yu, Bin},
 booktitle = {6th International Conference on Learning Representations (ICLR)},
 month = {April},
 note = {\url{https://openreview.net/forum?id=rkRwGg-0Z}},
 publisher = {OpenReview.net},
 series = {Conference Track Proceedings},
 title = {Beyond Word Importance: Contextual Decomposition to Extract Interactions from LSTMs},
 year = {2018}
}

@inproceedings{na2018cascade,
 address = {Vancouver, British Columbia, Canada},
 author = {Na, Taesik and Ko, Jong Hwan and Mukhopadhyay, Saibal},
 booktitle = {6th International Conference on Learning Representations (ICLR)},
 month = {April},
 note = {\url{https://openreview.net/forum?id=HyRVBzap-}},
 publisher = {OpenReview.net},
 series = {Conference Track Proceedings},
 title = {Cascade Adversarial Machine Learning Regularized with a Unified Embedding},
 year = {2018}
}

@inproceedings{nachum2018trustpcl,
 address = {Vancouver, British Columbia, Canada},
 author = {Nachum, Ofir and Norouzi, Mohammad and Xu, Kelvin and Schuurmans, Dale},
 booktitle = {6th International Conference on Learning Representations (ICLR)},
 month = {April},
 note = {\url{https://openreview.net/forum?id=HyrCWeWCb}},
 publisher = {OpenReview.net},
 series = {Conference Track Proceedings},
 title = {Trust-PCL: An Off-Policy Trust Region Method for Continuous Control},
 year = {2018}
}

@inproceedings{neyshabur2018pacbayesian,
 address = {Vancouver, British Columbia, Canada},
 author = {Neyshabur, Behnam and Bhojanapalli, Srinadh and Srebro, Nathan},
 booktitle = {6th International Conference on Learning Representations (ICLR)},
 month = {April},
 note = {\url{https://openreview.net/forum?id=Skz_WfbCZ}},
 publisher = {OpenReview.net},
 series = {Conference Track Proceedings},
 title = {A PAC-Bayesian Approach to Spectrally-Normalized Margin Bounds for Neural Networks},
 year = {2018}
}

@inproceedings{nguyen2018variational,
 address = {Vancouver, British Columbia, Canada},
 author = {Nguyen, Cuong V. and Li, Yingzhen and Bui, Thang D. and Turner, Richard E.},
 booktitle = {6th International Conference on Learning Representations (ICLR)},
 month = {April},
 note = {\url{https://openreview.net/forum?id=BkQqq0gRb}},
 publisher = {OpenReview.net},
 series = {Conference Track Proceedings},
 title = {Variational Continual Learning},
 year = {2018}
}

@inproceedings{novak2018sensitivity,
 address = {Vancouver, British Columbia, Canada},
 author = {Novak, Roman and Bahri, Yasaman and Abolafia, Daniel A. and Pennington, Jeffrey and Sohl-Dickstein, Jascha},
 booktitle = {6th International Conference on Learning Representations (ICLR)},
 month = {April},
 note = {\url{https://openreview.net/forum?id=HJC2SzZCW}},
 publisher = {OpenReview.net},
 series = {Conference Track Proceedings},
 title = {Sensitivity and Generalization in Neural Networks: an Empirical Study},
 year = {2018}
}

@inproceedings{nowak2018divide,
 address = {Vancouver, British Columbia, Canada},
 author = {Nowak, Alex and Folqué, David and Bruna, Joan},
 booktitle = {6th International Conference on Learning Representations (ICLR)},
 month = {April},
 note = {\url{https://openreview.net/forum?id=B1jscMbAW}},
 publisher = {OpenReview.net},
 series = {Conference Track Proceedings},
 title = {Divide and Conquer Networks},
 year = {2018}
}

@inproceedings{nowozin2018debiasing,
 address = {Vancouver, British Columbia, Canada},
 author = {Nowozin, Sebastian},
 booktitle = {6th International Conference on Learning Representations (ICLR)},
 month = {April},
 note = {\url{https://openreview.net/forum?id=HyZoi-WRb}},
 publisher = {OpenReview.net},
 series = {Conference Track Proceedings},
 title = {Debiasing Evidence Approximations: On Importance-weighted Autoencoders and Jackknife Variational Inference},
 year = {2018}
}

@inproceedings{o'connor2018temporally,
 address = {Vancouver, British Columbia, Canada},
 author = {O'Connor, Peter and Gavves, Efstratios and Reisser, Matthias and Welling, Max},
 booktitle = {6th International Conference on Learning Representations (ICLR)},
 month = {April},
 note = {\url{https://openreview.net/forum?id=HkZy-bW0-}},
 publisher = {OpenReview.net},
 series = {Conference Track Proceedings},
 title = {Temporally Efficient Deep Learning with Spikes},
 year = {2018}
}

@inproceedings{oh2018towards,
 address = {Vancouver, British Columbia, Canada},
 author = {Oh, Seong Joon and Augustin, Max and Fritz, Mario and Schiele, Bernt},
 booktitle = {6th International Conference on Learning Representations (ICLR)},
 month = {April},
 note = {\url{https://openreview.net/forum?id=BydjJte0-}},
 publisher = {OpenReview.net},
 series = {Conference Track Proceedings},
 title = {Towards Reverse-Engineering Black-Box Neural Networks},
 year = {2018}
}

@inproceedings{orhan2018skip,
 address = {Vancouver, British Columbia, Canada},
 author = {Orhan, A. Emin and Pitkow, Xaq},
 booktitle = {6th International Conference on Learning Representations (ICLR)},
 month = {April},
 note = {\url{https://openreview.net/forum?id=HkwBEMWCZ}},
 publisher = {OpenReview.net},
 series = {Conference Track Proceedings},
 title = {Skip Connections Eliminate Singularities},
 year = {2018}
}

@inproceedings{papernot2018scalable,
 address = {Vancouver, British Columbia, Canada},
 author = {Papernot, Nicolas and Song, Shuang and Mironov, Ilya and Raghunathan, Ananth and Talwar, Kunal and Erlingsson, Úlfar},
 booktitle = {6th International Conference on Learning Representations (ICLR)},
 month = {April},
 note = {\url{https://openreview.net/forum?id=rkZB1XbRZ}},
 publisher = {OpenReview.net},
 series = {Conference Track Proceedings},
 title = {Scalable Private Learning with PATE},
 year = {2018}
}

@inproceedings{parisotto2018neural,
 address = {Vancouver, British Columbia, Canada},
 author = {Parisotto, Emilio and Salakhutdinov, Ruslan},
 booktitle = {6th International Conference on Learning Representations (ICLR)},
 month = {April},
 note = {\url{https://openreview.net/forum?id=Bk9zbyZCZ}},
 publisher = {OpenReview.net},
 series = {Conference Track Proceedings},
 title = {Neural Map: Structured Memory for Deep Reinforcement Learning},
 year = {2018}
}

@inproceedings{pathak2018zeroshot,
 address = {Vancouver, British Columbia, Canada},
 author = {Pathak, Deepak and Mahmoudieh, Parsa and Luo, Guanghao and Agrawal, Pulkit and Chen, Dian and Shentu, Yide and Shelhamer, Evan and Malik, Jitendra and Efros, Alexei A. and Darrell, Trevor},
 booktitle = {6th International Conference on Learning Representations (ICLR)},
 month = {April},
 note = {\url{https://openreview.net/forum?id=BkisuzWRW}},
 publisher = {OpenReview.net},
 series = {Conference Track Proceedings},
 title = {Zero-Shot Visual Imitation},
 year = {2018}
}

@inproceedings{paulus2018deep,
 address = {Vancouver, British Columbia, Canada},
 author = {Paulus, Romain and Xiong, Caiming and Socher, Richard},
 booktitle = {6th International Conference on Learning Representations (ICLR)},
 month = {April},
 note = {\url{https://openreview.net/forum?id=HkAClQgA-}},
 publisher = {OpenReview.net},
 series = {Conference Track Proceedings},
 title = {A Deep Reinforced Model for Abstractive Summarization},
 year = {2018}
}

@inproceedings{pedersoli2018espresso,
 address = {Vancouver, British Columbia, Canada},
 author = {Pedersoli, Fabrizio and Tzanetakis, George and Tagliasacchi, Andrea},
 booktitle = {6th International Conference on Learning Representations (ICLR)},
 month = {April},
 note = {\url{https://openreview.net/forum?id=Sk6fD5yCb}},
 publisher = {OpenReview.net},
 series = {Conference Track Proceedings},
 title = {Espresso: Efficient Forward Propagation for Binary Deep Neural Networks},
 year = {2018}
}

@inproceedings{petzka2018on,
 address = {Vancouver, British Columbia, Canada},
 author = {Petzka, Henning and Fischer, Asja and Lukovnikov, Denis},
 booktitle = {6th International Conference on Learning Representations (ICLR)},
 month = {April},
 note = {\url{https://openreview.net/forum?id=B1hYRMbCW}},
 publisher = {OpenReview.net},
 series = {Conference Track Proceedings},
 title = {On the regularization of Wasserstein GANs},
 year = {2018}
}

@inproceedings{ping2018deep,
 address = {Vancouver, British Columbia, Canada},
 author = {Ping, Wei and Peng, Kainan and Gibiansky, Andrew and Arik, Sercan Ömer and Kannan, Ajay and Narang, Sharan and Raiman, Jonathan and Miller, John},
 booktitle = {6th International Conference on Learning Representations (ICLR)},
 month = {April},
 note = {\url{https://openreview.net/forum?id=HJtEm4p6Z}},
 publisher = {OpenReview.net},
 series = {Conference Track Proceedings},
 title = {Deep Voice 3: Scaling Text-to-Speech with Convolutional Sequence Learning},
 year = {2018}
}

@inproceedings{plappert2018parameter,
 address = {Vancouver, British Columbia, Canada},
 author = {Plappert, Matthias and Houthooft, Rein and Dhariwal, Prafulla and Sidor, Szymon and Chen, Richard Y. and Chen, Xi and Asfour, Tamim and Abbeel, Pieter and Andrychowicz, Marcin},
 booktitle = {6th International Conference on Learning Representations (ICLR)},
 month = {April},
 note = {\url{https://openreview.net/forum?id=ByBAl2eAZ}},
 publisher = {OpenReview.net},
 series = {Conference Track Proceedings},
 title = {Parameter Space Noise for Exploration},
 year = {2018}
}

@inproceedings{polino2018model,
 address = {Vancouver, British Columbia, Canada},
 author = {Polino, Antonio and Pascanu, Razvan and Alistarh, Dan},
 booktitle = {6th International Conference on Learning Representations (ICLR)},
 month = {April},
 note = {\url{https://openreview.net/forum?id=S1XolQbRW}},
 publisher = {OpenReview.net},
 series = {Conference Track Proceedings},
 title = {Model compression via distillation and quantization},
 year = {2018}
}

@inproceedings{pong2018temporal,
 address = {Vancouver, British Columbia, Canada},
 author = {Pong, Vitchyr and Gu, Shixiang and Dalal, Murtaza and Levine, Sergey},
 booktitle = {6th International Conference on Learning Representations (ICLR)},
 month = {April},
 note = {\url{https://openreview.net/forum?id=Skw0n-W0Z}},
 publisher = {OpenReview.net},
 series = {Conference Track Proceedings},
 title = {Temporal Difference Models: Model-Free Deep RL for Model-Based Control},
 year = {2018}
}

@inproceedings{popov2018distributed,
 address = {Vancouver, British Columbia, Canada},
 author = {Popov, Vadim and Kudinov, Mikhail A. and Piontkovskaya, Irina and Vytovtov, Petr and Nevidomsky, Alex},
 booktitle = {6th International Conference on Learning Representations (ICLR)},
 month = {April},
 note = {\url{https://openreview.net/forum?id=HkgNdt26Z}},
 publisher = {OpenReview.net},
 series = {Conference Track Proceedings},
 title = {Distributed Fine-tuning of Language Models on Private Data},
 year = {2018}
}

@inproceedings{qiao2018new,
 address = {Vancouver, British Columbia, Canada},
 author = {Qiao, Chao and Huang, Bo and Niu, Guocheng and Li, Daren and Dong, Daxiang and He, Wei and Yu, Dianhai and Wu, Hua},
 booktitle = {6th International Conference on Learning Representations (ICLR)},
 month = {April},
 note = {\url{https://openreview.net/forum?id=BkSDMA36Z}},
 publisher = {OpenReview.net},
 series = {Conference Track Proceedings},
 title = {A New Method of Region Embedding for Text Classification},
 year = {2018}
}

@inproceedings{raghunathan2018certified,
 address = {Vancouver, British Columbia, Canada},
 author = {Raghunathan, Aditi and Steinhardt, Jacob and Liang, Percy},
 booktitle = {6th International Conference on Learning Representations (ICLR)},
 month = {April},
 note = {\url{https://openreview.net/forum?id=Bys4ob-Rb}},
 publisher = {OpenReview.net},
 series = {Conference Track Proceedings},
 title = {Certified Defenses against Adversarial Examples},
 year = {2018}
}

@inproceedings{reddi2018convergence,
 address = {Vancouver, British Columbia, Canada},
 author = {Reddi, Sashank J. and Kale, Satyen and Kumar, Sanjiv},
 booktitle = {6th International Conference on Learning Representations (ICLR)},
 month = {April},
 note = {\url{https://openreview.net/forum?id=ryQu7f-RZ}},
 publisher = {OpenReview.net},
 series = {Conference Track Proceedings},
 title = {On the Convergence of Adam and Beyond},
 year = {2018}
}

@inproceedings{reed2018fewshot,
 address = {Vancouver, British Columbia, Canada},
 author = {Reed, Scott E. and Chen, Yutian and Paine, Thomas and Oord, Aäron van den and Eslami, S. M. Ali and Rezende, Danilo J. and Vinyals, Oriol},
 booktitle = {6th International Conference on Learning Representations (ICLR)},
 month = {April},
 note = {\url{https://openreview.net/forum?id=r1wEFyWCW}},
 publisher = {OpenReview.net},
 series = {Conference Track Proceedings},
 title = {Few-shot Autoregressive Density Estimation: Towards Learning to Learn Distributions},
 year = {2018}
}

@inproceedings{ren2018metalearning,
 address = {Vancouver, British Columbia, Canada},
 author = {Ren, Mengye and Triantafillou, Eleni and Ravi, Sachin and Snell, Jake and Swersky, Kevin and Tenenbaum, Joshua B. and Larochelle, Hugo and Zemel, Richard S.},
 booktitle = {6th International Conference on Learning Representations (ICLR)},
 month = {April},
 note = {\url{https://openreview.net/forum?id=HJcSzz-CZ}},
 publisher = {OpenReview.net},
 series = {Conference Track Proceedings},
 title = {Meta-Learning for Semi-Supervised Few-Shot Classification},
 year = {2018}
}

@inproceedings{ringel2018critical,
 address = {Vancouver, British Columbia, Canada},
 author = {Ringel, Zohar and Bem, Rodrigo Andrade de},
 booktitle = {6th International Conference on Learning Representations (ICLR)},
 month = {April},
 note = {\url{https://openreview.net/forum?id=BJGWO9k0Z}},
 publisher = {OpenReview.net},
 series = {Conference Track Proceedings},
 title = {Critical Percolation as a Framework to Analyze the Training of Deep Networks},
 year = {2018}
}

@inproceedings{riquelme2018deep,
 address = {Vancouver, British Columbia, Canada},
 author = {Riquelme, Carlos and Tucker, George and Snoek, Jasper},
 booktitle = {6th International Conference on Learning Representations (ICLR)},
 month = {April},
 note = {\url{https://openreview.net/forum?id=SyYe6k-CW}},
 publisher = {OpenReview.net},
 series = {Conference Track Proceedings},
 title = {Deep Bayesian Bandits Showdown: An Empirical Comparison of Bayesian Deep Networks for Thompson Sampling},
 year = {2018}
}

@inproceedings{ritter2018scalable,
 address = {Vancouver, British Columbia, Canada},
 author = {Ritter, Hippolyt and Aleks, B. and Botev, A. and Barber, David},
 booktitle = {6th International Conference on Learning Representations (ICLR)},
 month = {April},
 note = {\url{https://openreview.net/forum?id=Skdvd2xAZ}},
 publisher = {OpenReview.net},
 series = {Conference Track Proceedings},
 title = {A Scalable Laplace Approximation for Neural Networks},
 year = {2018}
}

@inproceedings{rolnick2018power,
 address = {Vancouver, British Columbia, Canada},
 author = {Rolnick, David and Tegmark, Max},
 booktitle = {6th International Conference on Learning Representations (ICLR)},
 month = {April},
 note = {\url{https://openreview.net/forum?id=SyProzZAW}},
 publisher = {OpenReview.net},
 series = {Conference Track Proceedings},
 title = {The Power of Deeper Networks for Expressing Natural Functions},
 year = {2018}
}

@inproceedings{rosenbaum2018routing,
 address = {Vancouver, British Columbia, Canada},
 author = {Rosenbaum, Clemens and Klinger, Tim and Riemer, Matthew},
 booktitle = {6th International Conference on Learning Representations (ICLR)},
 month = {April},
 note = {\url{https://openreview.net/forum?id=ry8dvM-R-}},
 publisher = {OpenReview.net},
 series = {Conference Track Proceedings},
 title = {Routing Networks: Adaptive Selection of Non-Linear Functions for Multi-Task Learning},
 year = {2018}
}

@inproceedings{s2018learning,
 address = {Vancouver, British Columbia, Canada},
 author = {S,  and Subramanian, Deep and Trischler, Adam and Bengio, Yoshua and Pal, Christopher J.},
 booktitle = {6th International Conference on Learning Representations (ICLR)},
 month = {April},
 note = {\url{https://openreview.net/forum?id=B18WgG-CZ}},
 publisher = {OpenReview.net},
 series = {Conference Track Proceedings},
 title = {Learning General Purpose Distributed Sentence Representations via Large Scale Multi-task Learning},
 year = {2018}
}

@inproceedings{saito2018adversarial,
 address = {Vancouver, British Columbia, Canada},
 author = {Saito, Kuniaki and Ushiku, Yoshitaka and Harada, Tatsuya and Saenko, Kate},
 booktitle = {6th International Conference on Learning Representations (ICLR)},
 month = {April},
 note = {\url{https://openreview.net/forum?id=HJIoJWZCZ}},
 publisher = {OpenReview.net},
 series = {Conference Track Proceedings},
 title = {Adversarial Dropout Regularization},
 year = {2018}
}

@inproceedings{salimans2018improving,
 address = {Vancouver, British Columbia, Canada},
 author = {Salimans, Tim and Zhang, Han and Radford, Alec and Metaxas, Dimitris N.},
 booktitle = {6th International Conference on Learning Representations (ICLR)},
 month = {April},
 note = {\url{https://openreview.net/forum?id=rkQkBnJAb}},
 publisher = {OpenReview.net},
 series = {Conference Track Proceedings},
 title = {Improving GANs Using Optimal Transport},
 year = {2018}
}

@inproceedings{samangouei2018defensegan,
 address = {Vancouver, British Columbia, Canada},
 author = {Samangouei, Pouya and Kabkab, Maya and Chellappa, Rama},
 booktitle = {6th International Conference on Learning Representations (ICLR)},
 month = {April},
 note = {\url{https://openreview.net/forum?id=BkJ3ibb0-}},
 publisher = {OpenReview.net},
 series = {Conference Track Proceedings},
 title = {Defense-GAN: Protecting Classifiers Against Adversarial Attacks Using Generative Models},
 year = {2018}
}

@inproceedings{satorras2018fewshot,
 address = {Vancouver, British Columbia, Canada},
 author = {Satorras, Victor Garcia and Estrach, Joan Bruna},
 booktitle = {6th International Conference on Learning Representations (ICLR)},
 month = {April},
 note = {\url{https://openreview.net/forum?id=BJj6qGbRW}},
 publisher = {OpenReview.net},
 series = {Conference Track Proceedings},
 title = {Few-Shot Learning with Graph Neural Networks},
 year = {2018}
}

@inproceedings{savinov2018semiparametric,
 address = {Vancouver, British Columbia, Canada},
 author = {Savinov, Nikolay and Dosovitskiy, Alexey and Koltun, Vladlen},
 booktitle = {6th International Conference on Learning Representations (ICLR)},
 month = {April},
 note = {\url{https://openreview.net/forum?id=SygwwGbRW}},
 publisher = {OpenReview.net},
 series = {Conference Track Proceedings},
 title = {Semi-parametric topological memory for navigation},
 year = {2018}
}

@inproceedings{saxe2018on,
 address = {Vancouver, British Columbia, Canada},
 author = {Saxe, Andrew M. and Bansal, Yamini and Dapello, Joel and Advani, Madhu and Kolchinsky, Artemy and Tracey, Brendan D. and Cox, David D.},
 booktitle = {6th International Conference on Learning Representations (ICLR)},
 month = {April},
 note = {\url{https://openreview.net/forum?id=ry_WPG-A-}},
 publisher = {OpenReview.net},
 series = {Conference Track Proceedings},
 title = {On the Information Bottleneck Theory of Deep Learning},
 year = {2018}
}

@inproceedings{seguy2018large,
 address = {Vancouver, British Columbia, Canada},
 author = {Seguy, Vivien and Damodaran, Bharath Bhushan and Flamary, Rémi and Courty, Nicolas and Rolet, Antoine and Blondel, Mathieu},
 booktitle = {6th International Conference on Learning Representations (ICLR)},
 month = {April},
 note = {\url{https://openreview.net/forum?id=B1zlp1bRW}},
 publisher = {OpenReview.net},
 series = {Conference Track Proceedings},
 title = {Large Scale Optimal Transport and Mapping Estimation},
 year = {2018}
}

@inproceedings{sener2018active,
 address = {Vancouver, British Columbia, Canada},
 author = {Sener, Ozan and Savarese, Silvio},
 booktitle = {6th International Conference on Learning Representations (ICLR)},
 month = {April},
 note = {\url{https://openreview.net/forum?id=H1aIuk-RW}},
 publisher = {OpenReview.net},
 series = {Conference Track Proceedings},
 title = {Active Learning for Convolutional Neural Networks: A Core-Set Approach},
 year = {2018}
}

@inproceedings{seo2018automatically,
 address = {Vancouver, British Columbia, Canada},
 author = {Seo, Sungyong and Mohegh, Arash and Ban-Weiss, George and Liu, Yan},
 booktitle = {6th International Conference on Learning Representations (ICLR)},
 month = {April},
 note = {\url{https://openreview.net/forum?id=ByJIWUnpW}},
 publisher = {OpenReview.net},
 series = {Conference Track Proceedings},
 title = {Automatically Inferring Data Quality for Spatiotemporal Forecasting},
 year = {2018}
}

@inproceedings{seo2018neural,
 address = {Vancouver, British Columbia, Canada},
 author = {Seo, Min Joon and Min, Sewon and Farhadi, Ali and Hajishirzi, Hannaneh},
 booktitle = {6th International Conference on Learning Representations (ICLR)},
 month = {April},
 note = {\url{https://openreview.net/forum?id=Sy-dQG-Rb}},
 publisher = {OpenReview.net},
 series = {Conference Track Proceedings},
 title = {Neural Speed Reading via Skim-RNN},
 year = {2018}
}

@inproceedings{serdyuk2018twin,
 address = {Vancouver, British Columbia, Canada},
 author = {Serdyuk, Dmitriy and Ke, Nan Rosemary and Aless and Sordoni, Ro and Trischler, Adam and Pal, Chris and Bengio, Yoshua},
 booktitle = {6th International Conference on Learning Representations (ICLR)},
 month = {April},
 note = {\url{https://openreview.net/forum?id=BydLzGb0Z}},
 publisher = {OpenReview.net},
 series = {Conference Track Proceedings},
 title = {Twin Networks: Matching the Future for Sequence Generation},
 year = {2018}
}

@inproceedings{shah2018learning,
 address = {Vancouver, British Columbia, Canada},
 author = {Shah, Nishal P. and Madugula, Sasidhar and Chichilnisky, E. J. and Singer, Yoram and Shlens, Jonathon},
 booktitle = {6th International Conference on Learning Representations (ICLR)},
 month = {April},
 note = {\url{https://openreview.net/forum?id=HJhIM0xAW}},
 publisher = {OpenReview.net},
 series = {Conference Track Proceedings},
 title = {Learning a Neural Response Metric for Retinal Prosthesis},
 year = {2018}
}

@inproceedings{shaham2018spectralnet,
 address = {Vancouver, British Columbia, Canada},
 author = {Shaham, Uri and Stanton, Kelly P. and Li, Henry and Basri, Ronen and Nadler, Boaz and Kluger, Yuval},
 booktitle = {6th International Conference on Learning Representations (ICLR)},
 month = {April},
 note = {\url{https://openreview.net/forum?id=HJ\_aoCyRZ}},
 publisher = {OpenReview.net},
 series = {Conference Track Proceedings},
 title = {SpectralNet: Spectral Clustering using Deep Neural Networks},
 year = {2018}
}

@inproceedings{shankar2018generalizing,
 address = {Vancouver, British Columbia, Canada},
 author = {Shankar, Shiv and Piratla, Vihari and Chakrabarti, Soumen and Chaudhuri, Siddhartha and Jyothi, Preethi and Sarawagi, Sunita},
 booktitle = {6th International Conference on Learning Representations (ICLR)},
 month = {April},
 note = {\url{https://openreview.net/forum?id=r1Dx7fbCW}},
 publisher = {OpenReview.net},
 series = {Conference Track Proceedings},
 title = {Generalizing Across Domains via Cross-Gradient Training},
 year = {2018}
}

@inproceedings{sharir2018on,
 address = {Vancouver, British Columbia, Canada},
 author = {Sharir, Or and Shashua, Amnon},
 booktitle = {6th International Conference on Learning Representations (ICLR)},
 month = {April},
 note = {\url{https://openreview.net/forum?id=HkNGsseC-}},
 publisher = {OpenReview.net},
 series = {Conference Track Proceedings},
 title = {On the Expressive Power of Overlapping Architectures of Deep Learning},
 year = {2018}
}

@inproceedings{sharma2018learning,
 address = {Vancouver, British Columbia, Canada},
 author = {Sharma, Sahil and Jha, Ashutosh Kumar and Hegde, Parikshit and Ravindran, Balaraman},
 booktitle = {6th International Conference on Learning Representations (ICLR)},
 month = {April},
 note = {\url{https://openreview.net/forum?id=B1nZ1weCZ}},
 publisher = {OpenReview.net},
 series = {Conference Track Proceedings},
 title = {Learning to Multi-Task by Active Sampling},
 year = {2018}
}

@inproceedings{shayer2018learning,
 address = {Vancouver, British Columbia, Canada},
 author = {Shayer, Oran and Levi, Dan and Fetaya, Ethan},
 booktitle = {6th International Conference on Learning Representations (ICLR)},
 month = {April},
 note = {\url{https://openreview.net/forum?id=BySRH6CpW}},
 publisher = {OpenReview.net},
 series = {Conference Track Proceedings},
 title = {Learning Discrete Weights Using the Local Reparameterization Trick},
 year = {2018}
}

@inproceedings{shen2018bidirectional,
 address = {Vancouver, British Columbia, Canada},
 author = {Shen, Tao and Zhou, Tianyi and Long, Guodong and Jiang, Jing and Zhang, Chengqi},
 booktitle = {6th International Conference on Learning Representations (ICLR)},
 month = {April},
 note = {\url{https://openreview.net/forum?id=H1cWzoxA-}},
 publisher = {OpenReview.net},
 series = {Conference Track Proceedings},
 title = {Bi-Directional Block Self-Attention for Fast and Memory-Efficient Sequence Modeling},
 year = {2018}
}

@inproceedings{shen2018deep,
 address = {Vancouver, British Columbia, Canada},
 author = {Shen, Yanyao and Yun, Hyokun and Lipton, Zachary C. and Kronrod, Yakov and An, Animashree},
 booktitle = {6th International Conference on Learning Representations (ICLR)},
 month = {April},
 note = {\url{https://openreview.net/forum?id=ry018WZAZ}},
 publisher = {OpenReview.net},
 series = {Conference Track Proceedings},
 title = {Deep Active Learning for Named Entity Recognition},
 year = {2018}
}

@inproceedings{shen2018neural,
 address = {Vancouver, British Columbia, Canada},
 author = {Shen, Yikang and Lin, Zhouhan and Huang, Chin-Wei and Courville, Aaron C.},
 booktitle = {6th International Conference on Learning Representations (ICLR)},
 month = {April},
 note = {\url{https://openreview.net/forum?id=rkgOLb-0W}},
 publisher = {OpenReview.net},
 series = {Conference Track Proceedings},
 title = {Neural Language Modeling by Jointly Learning Syntax and Lexicon},
 year = {2018}
}

@inproceedings{shi2018kernel,
 address = {Vancouver, British Columbia, Canada},
 author = {Shi, Jiaxin and Sun, Shengyang and Zhu, Jun},
 booktitle = {6th International Conference on Learning Representations (ICLR)},
 month = {April},
 note = {\url{https://openreview.net/forum?id=r1l4eQW0Z}},
 publisher = {OpenReview.net},
 series = {Conference Track Proceedings},
 title = {Kernel Implicit Variational Inference},
 year = {2018}
}

@inproceedings{shu2018compressing,
 address = {Vancouver, British Columbia, Canada},
 author = {Shu, Raphael and Nakayama, Hideki},
 booktitle = {6th International Conference on Learning Representations (ICLR)},
 month = {April},
 note = {\url{https://openreview.net/forum?id=BJRZzFlRb}},
 publisher = {OpenReview.net},
 series = {Conference Track Proceedings},
 title = {Compressing Word Embeddings via Deep Compositional Code Learning},
 year = {2018}
}

@inproceedings{shu2018dirtt,
 address = {Vancouver, British Columbia, Canada},
 author = {Shu, Rui and Bui, Hung H. and Narui, Hirokazu and Ermon, Stefano},
 booktitle = {6th International Conference on Learning Representations (ICLR)},
 month = {April},
 note = {\url{https://openreview.net/forum?id=H1q-TM-AW}},
 publisher = {OpenReview.net},
 series = {Conference Track Proceedings},
 title = {A DIRT-T Approach to Unsupervised Domain Adaptation},
 year = {2018}
}

@inproceedings{shu2018hierarchical,
 address = {Vancouver, British Columbia, Canada},
 author = {Shu, Tianmin and Xiong, Caiming and Socher, Richard},
 booktitle = {6th International Conference on Learning Representations (ICLR)},
 month = {April},
 note = {\url{https://openreview.net/forum?id=SJJQVZW0b}},
 publisher = {OpenReview.net},
 series = {Conference Track Proceedings},
 title = {Hierarchical and Interpretable Skill Acquisition in Multi-task Reinforcement Learning},
 year = {2018}
}

@inproceedings{sinha2018certifying,
 address = {Vancouver, British Columbia, Canada},
 author = {Sinha, Aman and Namkoong, Hongseok and Duchi, John C.},
 booktitle = {6th International Conference on Learning Representations (ICLR)},
 month = {April},
 note = {\url{https://openreview.net/forum?id=Hk6kPgZA-}},
 publisher = {OpenReview.net},
 series = {Conference Track Proceedings},
 title = {Certifying Some Distributional Robustness with Principled Adversarial Training},
 year = {2018}
}

@inproceedings{smith2018bayesian,
 address = {Vancouver, British Columbia, Canada},
 author = {Smith, Samuel L. and Le, Quoc V.},
 booktitle = {6th International Conference on Learning Representations (ICLR)},
 month = {April},
 note = {\url{https://openreview.net/forum?id=BJij4yg0Z}},
 publisher = {OpenReview.net},
 series = {Conference Track Proceedings},
 title = {A Bayesian Perspective on Generalization and Stochastic Gradient Descent},
 year = {2018}
}

@inproceedings{smith2018dont,
 address = {Vancouver, British Columbia, Canada},
 author = {Smith, Samuel L. and Kindermans, Pieter-Jan and Ying, Chris and Le, Quoc V.},
 booktitle = {6th International Conference on Learning Representations (ICLR)},
 month = {April},
 note = {\url{https://openreview.net/forum?id=B1Yy1BxCZ}},
 publisher = {OpenReview.net},
 series = {Conference Track Proceedings},
 title = {Don't Decay the Learning Rate, Increase the Batch Size},
 year = {2018}
}

@inproceedings{song2018pixeldefend,
 address = {Vancouver, British Columbia, Canada},
 author = {Song, Yang and Kim, Taesup and Nowozin, Sebastian and Ermon, Stefano and Kushman, Nate},
 booktitle = {6th International Conference on Learning Representations (ICLR)},
 month = {April},
 note = {\url{https://openreview.net/forum?id=rJUYGxbCW}},
 publisher = {OpenReview.net},
 series = {Conference Track Proceedings},
 title = {PixelDefend: Leveraging Generative Models to Understand and Defend against Adversarial Examples},
 year = {2018}
}

@inproceedings{soudry2018implicit,
 address = {Vancouver, British Columbia, Canada},
 author = {Soudry, Daniel and Hoffer, Elad and Nacson, Mor Shpigel and Srebro, Nathan},
 booktitle = {6th International Conference on Learning Representations (ICLR)},
 month = {April},
 note = {\url{https://openreview.net/forum?id=r1q7n9gAb}},
 publisher = {OpenReview.net},
 series = {Conference Track Proceedings},
 title = {The Implicit Bias of Gradient Descent on Separable Data},
 year = {2018}
}

@inproceedings{sprechmann2018memorybased,
 address = {Vancouver, British Columbia, Canada},
 author = {Sprechmann, Pablo and Jayakumar, Siddhant M. and Rae, Jack W. and Badia, Adrià Puigdomènech and Uria, Benigno and Vinyals, Oriol and Hassabis, Demis and Pascanu, Razvan and Blundell, Charles},
 booktitle = {6th International Conference on Learning Representations (ICLR)},
 month = {April},
 note = {\url{https://openreview.net/forum?id=rkfOvGbCW}},
 publisher = {OpenReview.net},
 series = {Conference Track Proceedings},
 title = {Memory-based Parameter Adaptation},
 year = {2018}
}

@inproceedings{steenkiste2018relational,
 address = {Vancouver, British Columbia, Canada},
 author = {Steenkiste, Sjoerd van and Chang, Michael and Greff, Klaus and Schmidhuber, Jürgen},
 booktitle = {6th International Conference on Learning Representations (ICLR)},
 month = {April},
 note = {\url{https://openreview.net/forum?id=ryH20GbRW}},
 publisher = {OpenReview.net},
 series = {Conference Track Proceedings},
 title = {Relational Neural Expectation Maximization: Unsupervised Discovery of Objects and their Interactions},
 year = {2018}
}

@inproceedings{sukhbaatar2018intrinsic,
 address = {Vancouver, British Columbia, Canada},
 author = {Sukhbaatar, Sainbayar and Lin, Zeming and Kostrikov, Ilya and Synnaeve, Gabriel and Szlam, Arthur and Fergus, Rob},
 booktitle = {6th International Conference on Learning Representations (ICLR)},
 month = {April},
 note = {\url{https://openreview.net/forum?id=SkT5Yg-RZ}},
 publisher = {OpenReview.net},
 series = {Conference Track Proceedings},
 title = {Intrinsic Motivation and Automatic Curricula via Asymmetric Self-Play},
 year = {2018}
}

@inproceedings{sun2018truncated,
 address = {Vancouver, British Columbia, Canada},
 author = {Sun, Wen and Bagnell, J. Andrew and Boots, Byron},
 booktitle = {6th International Conference on Learning Representations (ICLR)},
 month = {April},
 note = {\url{https://openreview.net/forum?id=ryUlhzWCZ}},
 publisher = {OpenReview.net},
 series = {Conference Track Proceedings},
 title = {Truncated Horizon Policy Search: Combining Reinforcement Learning & Imitation Learning},
 year = {2018}
}

@inproceedings{swayamdipta2018multimention,
 address = {Vancouver, British Columbia, Canada},
 author = {Swayamdipta, Swabha and Parikh, Ankur P. and Kwiatkowski, Tom},
 booktitle = {6th International Conference on Learning Representations (ICLR)},
 month = {April},
 note = {\url{https://openreview.net/forum?id=HyRnez-RW}},
 publisher = {OpenReview.net},
 series = {Conference Track Proceedings},
 title = {Multi-Mention Learning for Reading Comprehension with Neural Cascades},
 year = {2018}
}

@inproceedings{taigman2018voiceloop,
 address = {Vancouver, British Columbia, Canada},
 author = {Taigman, Yaniv and Wolf, Lior and Polyak, Adam and Nachmani, Eliya},
 booktitle = {6th International Conference on Learning Representations (ICLR)},
 month = {April},
 note = {\url{https://openreview.net/forum?id=SkFAWax0-}},
 publisher = {OpenReview.net},
 series = {Conference Track Proceedings},
 title = {VoiceLoop: Voice Fitting and Synthesis via a Phonological Loop},
 year = {2018}
}

@inproceedings{tallec2018can,
 address = {Vancouver, British Columbia, Canada},
 author = {Tallec, Corentin and Ollivier, Yann},
 booktitle = {6th International Conference on Learning Representations (ICLR)},
 month = {April},
 note = {\url{https://openreview.net/forum?id=SJcKhk-Ab}},
 publisher = {OpenReview.net},
 series = {Conference Track Proceedings},
 title = {Can Recurrent Neural Networks Warp Time?},
 year = {2018}
}

@inproceedings{tallec2018unbiased,
 address = {Vancouver, British Columbia, Canada},
 author = {Tallec, Corentin and Ollivier, Yann},
 booktitle = {6th International Conference on Learning Representations (ICLR)},
 month = {April},
 note = {\url{https://openreview.net/forum?id=rJQDjk-0b}},
 publisher = {OpenReview.net},
 series = {Conference Track Proceedings},
 title = {Unbiased Online Recurrent Optimization},
 year = {2018}
}

@inproceedings{tamar2018imitation,
 address = {Vancouver, British Columbia, Canada},
 author = {Tamar, Aviv and Rohanimanesh, Khashayar and Chow, Yinlam and Vigorito, Chris and Goodrich, Ben and Kahane, Michael and Pridmore, Derik},
 booktitle = {6th International Conference on Learning Representations (ICLR)},
 month = {April},
 note = {\url{https://openreview.net/forum?id=Hk3ddfWRW}},
 publisher = {OpenReview.net},
 series = {Conference Track Proceedings},
 title = {Imitation Learning from Visual Data with Multiple Intentions},
 year = {2018}
}

@inproceedings{tangkaratt2018guide,
 address = {Vancouver, British Columbia, Canada},
 author = {Tangkaratt, Voot and Abdolmaleki, Abbas and Sugiyama, Masashi},
 booktitle = {6th International Conference on Learning Representations (ICLR)},
 month = {April},
 note = {\url{https://openreview.net/forum?id=BJk59JZ0b}},
 publisher = {OpenReview.net},
 series = {Conference Track Proceedings},
 title = {Guide Actor-Critic for Continuous Control},
 year = {2018}
}

@inproceedings{tokozume2018learning,
 address = {Vancouver, British Columbia, Canada},
 author = {Tokozume, Yuji and Ushiku, Yoshitaka and Harada, Tatsuya},
 booktitle = {6th International Conference on Learning Representations (ICLR)},
 month = {April},
 note = {\url{https://openreview.net/forum?id=B1Gi6LeRZ}},
 publisher = {OpenReview.net},
 series = {Conference Track Proceedings},
 title = {Learning from Between-class Examples for Deep Sound Recognition},
 year = {2018}
}

@inproceedings{tolstikhin2018wasserstein,
 address = {Vancouver, British Columbia, Canada},
 author = {Tolstikhin, Ilya O. and Bousquet, Olivier and Gelly, Sylvain and Schölkopf, Bernhard},
 booktitle = {6th International Conference on Learning Representations (ICLR)},
 month = {April},
 note = {\url{https://openreview.net/forum?id=HkL7n1-0b}},
 publisher = {OpenReview.net},
 series = {Conference Track Proceedings},
 title = {Wasserstein Auto-Encoders},
 year = {2018}
}

@inproceedings{torfason2018towards,
 address = {Vancouver, British Columbia, Canada},
 author = {Torfason, Robert and Mentzer, Fabian and Agustsson, Eirikur and Tschannen, Michael and Timofte, Radu and Gool, Luc Van},
 booktitle = {6th International Conference on Learning Representations (ICLR)},
 month = {April},
 note = {\url{https://openreview.net/forum?id=HkXWCMbRW}},
 publisher = {OpenReview.net},
 series = {Conference Track Proceedings},
 title = {Towards Image Understanding from Deep Compression Without Decoding},
 year = {2018}
}

@inproceedings{trabelsi2018deep,
 address = {Vancouver, British Columbia, Canada},
 author = {Trabelsi, Chiheb and Bilaniuk, Olexa and Zhang, Ying and Serdyuk, Dmitriy and Subramanian, Deep and Santos, João Felipe and Mehri, Soroush and Rostamzadeh, Negar and Bengio, Yoshua and Pal, Christopher J.},
 booktitle = {6th International Conference on Learning Representations (ICLR)},
 month = {April},
 note = {\url{https://openreview.net/forum?id=H1T2hmZAb}},
 publisher = {OpenReview.net},
 series = {Conference Track Proceedings},
 title = {Deep Complex Networks},
 year = {2018}
}

@inproceedings{tramer2018ensemble,
 address = {Vancouver, British Columbia, Canada},
 author = {Tramèr, Florian and Kurakin, Alexey and Papernot, Nicolas and Goodfellow, Ian J. and Boneh, Dan and McDaniel, Patrick D.},
 booktitle = {6th International Conference on Learning Representations (ICLR)},
 month = {April},
 note = {\url{https://openreview.net/forum?id=rkZvSe-RZ}},
 publisher = {OpenReview.net},
 series = {Conference Track Proceedings},
 title = {Ensemble Adversarial Training: Attacks and Defenses},
 year = {2018}
}

@inproceedings{tran2018implicit,
 address = {Vancouver, British Columbia, Canada},
 author = {Tran, Dustin and Blei, David M.},
 booktitle = {6th International Conference on Learning Representations (ICLR)},
 month = {April},
 note = {\url{https://openreview.net/forum?id=SyELrEeAb}},
 publisher = {OpenReview.net},
 series = {Conference Track Proceedings},
 title = {Implicit Causal Models for Genome-wide Association Studies},
 year = {2018}
}

@inproceedings{tsang2018detecting,
 address = {Vancouver, British Columbia, Canada},
 author = {Tsang, Michael and Cheng, Dehua and Liu, Yan},
 booktitle = {6th International Conference on Learning Representations (ICLR)},
 month = {April},
 note = {\url{https://openreview.net/forum?id=ByOfBggRZ}},
 publisher = {OpenReview.net},
 series = {Conference Track Proceedings},
 title = {Detecting Statistical Interactions from Neural Network Weights},
 year = {2018}
}

@inproceedings{tu2018learning,
 address = {Vancouver, British Columbia, Canada},
 author = {Tu, Lifu and Gimpel, Kevin},
 booktitle = {6th International Conference on Learning Representations (ICLR)},
 month = {April},
 note = {\url{https://openreview.net/forum?id=H1WgVz-AZ}},
 publisher = {OpenReview.net},
 series = {Conference Track Proceedings},
 title = {Learning Approximate Inference Networks for Structured Prediction},
 year = {2018}
}

@inproceedings{unterthiner2018coulomb,
 address = {Vancouver, British Columbia, Canada},
 author = {Unterthiner, Thomas and Nessler, Bernhard and Seward, Calvin and Klambauer, Günter and Heusel, Martin and Ramsauer, Hubert and Hochreiter, Sepp},
 booktitle = {6th International Conference on Learning Representations (ICLR)},
 month = {April},
 note = {\url{https://openreview.net/forum?id=SkVqXOxCb}},
 publisher = {OpenReview.net},
 series = {Conference Track Proceedings},
 title = {Coulomb GANs: Provably Optimal Nash Equilibria via Potential Fields},
 year = {2018}
}

@inproceedings{vedantam2018generative,
 address = {Vancouver, British Columbia, Canada},
 author = {Vedantam, Ramakrishna and Fischer, Ian and Huang, Jonathan and Murphy, Kevin},
 booktitle = {6th International Conference on Learning Representations (ICLR)},
 month = {April},
 note = {\url{https://openreview.net/forum?id=HkCsm6lRb}},
 publisher = {OpenReview.net},
 series = {Conference Track Proceedings},
 title = {Generative Models of Visually Grounded Imagination},
 year = {2018}
}

@inproceedings{velickovic2018graph,
 address = {Vancouver, British Columbia, Canada},
 author = {Velickovic, Petar and Cucurull, Guillem and Casanova, Arantxa and Romero, Adriana and Li, o and Bengio, Yoshua},
 booktitle = {6th International Conference on Learning Representations (ICLR)},
 month = {April},
 note = {\url{https://openreview.net/forum?id=rJXMpikCZ}},
 publisher = {OpenReview.net},
 series = {Conference Track Proceedings},
 title = {Graph Attention Networks},
 year = {2018}
}

@inproceedings{wang2018dynamic,
 address = {Vancouver, British Columbia, Canada},
 author = {Wang, Ke and Singh, Rishabh and Su, Zhendong},
 booktitle = {6th International Conference on Learning Representations (ICLR)},
 month = {April},
 note = {\url{https://openreview.net/forum?id=BJuWrGW0Z}},
 publisher = {OpenReview.net},
 series = {Conference Track Proceedings},
 title = {Dynamic Neural Program Embeddings for Program Repair},
 year = {2018}
}

@inproceedings{wang2018evidence,
 address = {Vancouver, British Columbia, Canada},
 author = {Wang, Shuohang and Yu, Mo and Jiang, Jing and Zhang, Wei and Guo, Xiaoxiao and Chang, Shiyu and Wang, Zhiguo and Klinger, Tim and Tesauro, Gerald and Campbell, Murray},
 booktitle = {6th International Conference on Learning Representations (ICLR)},
 month = {April},
 note = {\url{https://openreview.net/forum?id=rJl3yM-Ab}},
 publisher = {OpenReview.net},
 series = {Conference Track Proceedings},
 title = {Evidence Aggregation for Answer Re-Ranking in Open-Domain Question Answering},
 year = {2018}
}

@inproceedings{wang2018nervenet,
 address = {Vancouver, British Columbia, Canada},
 author = {Wang, Tingwu and Liao, Renjie and Ba, Jimmy and Fidler, Sanja},
 booktitle = {6th International Conference on Learning Representations (ICLR)},
 month = {April},
 note = {\url{https://openreview.net/forum?id=S1sqHMZCb}},
 publisher = {OpenReview.net},
 series = {Conference Track Proceedings},
 title = {NerveNet: Learning Structured Policy with Graph Neural Networks},
 year = {2018}
}

@inproceedings{wei2018improving,
 address = {Vancouver, British Columbia, Canada},
 author = {Wei, Xiang and Gong, Boqing and Liu, Zixia and Lu, Wei and Wang, Liqiang},
 booktitle = {6th International Conference on Learning Representations (ICLR)},
 month = {April},
 note = {\url{https://openreview.net/forum?id=SJx9GQb0-}},
 publisher = {OpenReview.net},
 series = {Conference Track Proceedings},
 title = {Improving the Improved Training of Wasserstein GANs: A Consistency Term and Its Dual Effect},
 year = {2018}
}

@inproceedings{wen2018flipout,
 address = {Vancouver, British Columbia, Canada},
 author = {Wen, Yeming and Vicol, Paul and Ba, Jimmy and Tran, Dustin and Grosse, Roger B.},
 booktitle = {6th International Conference on Learning Representations (ICLR)},
 month = {April},
 note = {\url{https://openreview.net/forum?id=rJNpifWAb}},
 publisher = {OpenReview.net},
 series = {Conference Track Proceedings},
 title = {Flipout: Efficient Pseudo-Independent Weight Perturbations on Mini-Batches},
 year = {2018}
}

@inproceedings{wen2018learning,
 address = {Vancouver, British Columbia, Canada},
 author = {Wen, Wei and He, Yuxiong and Rajbh, Samyam and Ari and Zhang, Minjia and Wang, Wenhan and Liu, Fang and Hu, Bin and Chen, Yiran and Li, Hai},
 booktitle = {6th International Conference on Learning Representations (ICLR)},
 month = {April},
 note = {\url{https://openreview.net/forum?id=rk6cfpRjZ}},
 publisher = {OpenReview.net},
 series = {Conference Track Proceedings},
 title = {Learning Intrinsic Sparse Structures within Long Short-Term Memory},
 year = {2018}
}

@inproceedings{weng2018evaluating,
 address = {Vancouver, British Columbia, Canada},
 author = {Weng, Tsui-Wei and Zhang, Huan and Chen, Pin-Yu and Yi, Jinfeng and Su, Dong and Gao, Yupeng and Hsieh, Cho-Jui and Daniel, Luca},
 booktitle = {6th International Conference on Learning Representations (ICLR)},
 month = {April},
 note = {\url{https://openreview.net/forum?id=BkUHlMZ0b}},
 publisher = {OpenReview.net},
 series = {Conference Track Proceedings},
 title = {Evaluating the Robustness of Neural Networks: An Extreme Value Theory Approach},
 year = {2018}
}

@inproceedings{wiel2018decisionbased,
 address = {Vancouver, British Columbia, Canada},
 author = {Wiel and Brendel and Rauber, Jonas and Bethge, Matthias},
 booktitle = {6th International Conference on Learning Representations (ICLR)},
 month = {April},
 note = {\url{https://openreview.net/forum?id=SyZI0GWCZ}},
 publisher = {OpenReview.net},
 series = {Conference Track Proceedings},
 title = {Decision-Based Adversarial Attacks: Reliable Attacks Against Black-Box Machine Learning Models},
 year = {2018}
}

@inproceedings{williams2018wavelet,
 address = {Vancouver, British Columbia, Canada},
 author = {Williams, Travis L. and Li, Robert},
 booktitle = {6th International Conference on Learning Representations (ICLR)},
 month = {April},
 note = {\url{https://openreview.net/forum?id=rkhlb8lCZ}},
 publisher = {OpenReview.net},
 series = {Conference Track Proceedings},
 title = {Wavelet Pooling for Convolutional Neural Networks},
 year = {2018}
}

@inproceedings{wu2018kanerva,
 address = {Vancouver, British Columbia, Canada},
 author = {Wu, Yan and Wayne, Greg and Graves, Alex and Lillicrap, Timothy P.},
 booktitle = {6th International Conference on Learning Representations (ICLR)},
 month = {April},
 note = {\url{https://openreview.net/forum?id=S1HlA-ZAZ}},
 publisher = {OpenReview.net},
 series = {Conference Track Proceedings},
 title = {The Kanerva Machine: A Generative Distributed Memory},
 year = {2018}
}

@inproceedings{wu2018training,
 address = {Vancouver, British Columbia, Canada},
 author = {Wu, Shuang and Li, Guoqi and Chen, Feng and Shi, Luping},
 booktitle = {6th International Conference on Learning Representations (ICLR)},
 month = {April},
 note = {\url{https://openreview.net/forum?id=HJGXzmspb}},
 publisher = {OpenReview.net},
 series = {Conference Track Proceedings},
 title = {Training and Inference with Integers in Deep Neural Networks},
 year = {2018}
}

@inproceedings{wu2018understanding,
 address = {Vancouver, British Columbia, Canada},
 author = {Wu, Yuhuai and Ren, Mengye and Liao, Renjie and Grosse, Roger B.},
 booktitle = {6th International Conference on Learning Representations (ICLR)},
 month = {April},
 note = {\url{https://openreview.net/forum?id=H1MczcgR-}},
 publisher = {OpenReview.net},
 series = {Conference Track Proceedings},
 title = {Understanding Short-Horizon Bias in Stochastic Meta-Optimization},
 year = {2018}
}

@inproceedings{wu2018variance,
 address = {Vancouver, British Columbia, Canada},
 author = {Wu, Cathy and Rajeswaran, Aravind and Duan, Yan and Kumar, Vikash and Alex, and Bayen, re M. and Kakade, Sham M. and Mordatch, Igor and Abbeel, Pieter},
 booktitle = {6th International Conference on Learning Representations (ICLR)},
 month = {April},
 note = {\url{https://openreview.net/forum?id=H1tSsb-AW}},
 publisher = {OpenReview.net},
 series = {Conference Track Proceedings},
 title = {Variance Reduction for Policy Gradient with Action-Dependent Factorized Baselines},
 year = {2018}
}

@inproceedings{xiao2018improving,
 address = {Vancouver, British Columbia, Canada},
 author = {Xiao, Da and Liao, Jo-Yu and Yuan, Xingyuan},
 booktitle = {6th International Conference on Learning Representations (ICLR)},
 month = {April},
 note = {\url{https://openreview.net/forum?id=rJlMAAeC-}},
 publisher = {OpenReview.net},
 series = {Conference Track Proceedings},
 title = {Improving the Universality and Learnability of Neural Programmer-Interpreters with Combinator Abstraction},
 year = {2018}
}

@inproceedings{xiao2018spatially,
 address = {Vancouver, British Columbia, Canada},
 author = {Xiao, Chaowei and Zhu, Jun-Yan and Li, Bo and He, Warren and Liu, Mingyan and Song, Dawn},
 booktitle = {6th International Conference on Learning Representations (ICLR)},
 month = {April},
 note = {\url{https://openreview.net/forum?id=HyydRMZC-}},
 publisher = {OpenReview.net},
 series = {Conference Track Proceedings},
 title = {Spatially Transformed Adversarial Examples},
 year = {2018}
}

@inproceedings{xie2018mitigating,
 address = {Vancouver, British Columbia, Canada},
 author = {Xie, Cihang and Wang, Jianyu and Zhang, Zhishuai and Ren, Zhou and Yuille, Alan L.},
 booktitle = {6th International Conference on Learning Representations (ICLR)},
 month = {April},
 note = {\url{https://openreview.net/forum?id=Sk9yuql0Z}},
 publisher = {OpenReview.net},
 series = {Conference Track Proceedings},
 title = {Mitigating Adversarial Effects Through Randomization},
 year = {2018}
}

@inproceedings{xiong2018dcn+,
 address = {Vancouver, British Columbia, Canada},
 author = {Xiong, Caiming and Zhong, Victor and Socher, Richard},
 booktitle = {6th International Conference on Learning Representations (ICLR)},
 month = {April},
 note = {\url{https://openreview.net/forum?id=H1meywxRW}},
 publisher = {OpenReview.net},
 series = {Conference Track Proceedings},
 title = {DCN+: Mixed Objective And Deep Residual Coattention for Question Answering},
 year = {2018}
}

@inproceedings{xu2018alternating,
 address = {Vancouver, British Columbia, Canada},
 author = {Xu, Chen and Yao, Jianqiang and Lin, Zhouchen and Ou, Wenwu and Cao, Yuanbin and Wang, Zhirong and Zha, Hongbin},
 booktitle = {6th International Conference on Learning Representations (ICLR)},
 month = {April},
 note = {\url{https://openreview.net/forum?id=S19dR9x0b}},
 publisher = {OpenReview.net},
 series = {Conference Track Proceedings},
 title = {Alternating Multi-bit Quantization for Recurrent Neural Networks},
 year = {2018}
}

@inproceedings{yadav2018stabilizing,
 address = {Vancouver, British Columbia, Canada},
 author = {Yadav, Abhay Kumar and Shah, Sohil and Xu, Zheng and Jacobs, David W. and Goldstein, Tom},
 booktitle = {6th International Conference on Learning Representations (ICLR)},
 month = {April},
 note = {\url{https://openreview.net/forum?id=Skj8Kag0Z}},
 publisher = {OpenReview.net},
 series = {Conference Track Proceedings},
 title = {Stabilizing Adversarial Nets with Prediction Methods},
 year = {2018}
}

@inproceedings{yang2018breaking,
 address = {Vancouver, British Columbia, Canada},
 author = {Yang, Zhilin and Dai, Zihang and Salakhutdinov, Ruslan and Cohen, William W.},
 booktitle = {6th International Conference on Learning Representations (ICLR)},
 month = {April},
 note = {\url{https://openreview.net/forum?id=HkwZSG-CZ}},
 publisher = {OpenReview.net},
 series = {Conference Track Proceedings},
 title = {Breaking the Softmax Bottleneck: A High-Rank RNN Language Model},
 year = {2018}
}

@inproceedings{yang2018learning,
 address = {Vancouver, British Columbia, Canada},
 author = {Yang, Jiachen and Ye, Xiaojing and Trivedi, Rakshit and Xu, Huan and Zha, Hongyuan},
 booktitle = {6th International Conference on Learning Representations (ICLR)},
 month = {April},
 note = {\url{https://openreview.net/forum?id=HktK4BeCZ}},
 publisher = {OpenReview.net},
 series = {Conference Track Proceedings},
 title = {Learning Deep Mean Field Games for Modeling Large Population Behavior},
 year = {2018}
}

@inproceedings{yang2018mastering,
 address = {Vancouver, British Columbia, Canada},
 author = {Yang, Zhilin and Zhang, Saizheng and Urbanek, Jack and Feng, Will and Alex and Miller, Er H. and Szlam, Arthur and Kiela, Douwe and Weston, Jason},
 booktitle = {6th International Conference on Learning Representations (ICLR)},
 month = {April},
 note = {\url{https://openreview.net/forum?id=SJ-C6JbRW}},
 publisher = {OpenReview.net},
 series = {Conference Track Proceedings},
 title = {Mastering the Dungeon: Grounded Language Learning by Mechanical Turker Descent},
 year = {2018}
}

@inproceedings{ye2018rethinking,
 address = {Vancouver, British Columbia, Canada},
 author = {Ye, Jianbo and Lu, Xin and Lin, Zhe and Wang, James Z.},
 booktitle = {6th International Conference on Learning Representations (ICLR)},
 month = {April},
 note = {\url{https://openreview.net/forum?id=HJ94fqApW}},
 publisher = {OpenReview.net},
 series = {Conference Track Proceedings},
 title = {Rethinking the Smaller-Norm-Less-Informative Assumption in Channel Pruning of Convolution Layers},
 year = {2018}
}

@inproceedings{yin2018image,
 address = {Vancouver, British Columbia, Canada},
 author = {Yin, Bojian and Balvert, Marleen and Zambrano, Davide and Alex, and Schönhuth, er and Bohté, er M.},
 booktitle = {6th International Conference on Learning Representations (ICLR)},
 month = {April},
 note = {\url{https://openreview.net/forum?id=HJvvRoe0W}},
 publisher = {OpenReview.net},
 series = {Conference Track Proceedings},
 title = {An image representation based convolutional network for DNA classification},
 year = {2018}
}

@inproceedings{yogatama2018memory,
 address = {Vancouver, British Columbia, Canada},
 author = {Yogatama, Dani and Miao, Yishu and Melis, Gábor and Ling, Wang and Kuncoro, Adhiguna and Dyer, Chris and Blunsom, Phil},
 booktitle = {6th International Conference on Learning Representations (ICLR)},
 month = {April},
 note = {\url{https://openreview.net/forum?id=SkFqf0lAZ}},
 publisher = {OpenReview.net},
 series = {Conference Track Proceedings},
 title = {Memory Architectures in Recurrent Neural Network Language Models},
 year = {2018}
}

@inproceedings{yoon2018deep,
 address = {Vancouver, British Columbia, Canada},
 author = {Yoon, Jinsung and Zame, William R. and Schaar, Mihaela van der},
 booktitle = {6th International Conference on Learning Representations (ICLR)},
 month = {April},
 note = {\url{https://openreview.net/forum?id=r1SnX5xCb}},
 publisher = {OpenReview.net},
 series = {Conference Track Proceedings},
 title = {Deep Sensing: Active Sensing using Multi-directional Recurrent Neural Networks},
 year = {2018}
}

@inproceedings{yoon2018ganite,
 address = {Vancouver, British Columbia, Canada},
 author = {Yoon, Jinsung and Jordon, James and Schaar, Mihaela van der},
 booktitle = {6th International Conference on Learning Representations (ICLR)},
 month = {April},
 note = {\url{https://openreview.net/forum?id=ByKWUeWA-}},
 publisher = {OpenReview.net},
 series = {Conference Track Proceedings},
 title = {GANITE: Estimation of Individualized Treatment Effects using Generative Adversarial Nets},
 year = {2018}
}

@inproceedings{yoon2018lifelong,
 address = {Vancouver, British Columbia, Canada},
 author = {Yoon, Jaehong and Yang, Eunho and Lee, Jeongtae and Hwang, Sung Ju},
 booktitle = {6th International Conference on Learning Representations (ICLR)},
 month = {April},
 note = {\url{https://openreview.net/forum?id=Sk7KsfW0-}},
 publisher = {OpenReview.net},
 series = {Conference Track Proceedings},
 title = {Lifelong Learning with Dynamically Expandable Networks},
 year = {2018}
}

@inproceedings{yu2018interactive,
 address = {Vancouver, British Columbia, Canada},
 author = {Yu, Haonan and Zhang, Haichao and Xu, Wei},
 booktitle = {6th International Conference on Learning Representations (ICLR)},
 month = {April},
 note = {\url{https://openreview.net/forum?id=H1UOm4gA-}},
 publisher = {OpenReview.net},
 series = {Conference Track Proceedings},
 title = {Interactive Grounded Language Acquisition and Generalization in a 2D World},
 year = {2018}
}

@inproceedings{yu2018qanets,
 address = {Vancouver, British Columbia, Canada},
 author = {Yu, Adams Wei and Dohan, David and Luong, Minh-Thang and Zhao, Rui and Chen, Kai and Norouzi, Mohammad and Le, Quoc V.},
 booktitle = {6th International Conference on Learning Representations (ICLR)},
 month = {April},
 note = {\url{https://openreview.net/forum?id=B14TlG-RW}},
 publisher = {OpenReview.net},
 series = {Conference Track Proceedings},
 title = {QANet: Combining Local Convolution with Global Self-Attention for Reading Comprehension},
 year = {2018}
}

@inproceedings{yun2018global,
 address = {Vancouver, British Columbia, Canada},
 author = {Yun, Chulhee and Sra, Suvrit and Jadbabaie, Ali},
 booktitle = {6th International Conference on Learning Representations (ICLR)},
 month = {April},
 note = {\url{https://openreview.net/forum?id=BJk7Gf-CZ}},
 publisher = {OpenReview.net},
 series = {Conference Track Proceedings},
 title = {Global Optimality Conditions for Deep Neural Networks},
 year = {2018}
}

@inproceedings{zhai2018adaptive,
 address = {Vancouver, British Columbia, Canada},
 author = {Zhai, Ke and Wang, Huan},
 booktitle = {6th International Conference on Learning Representations (ICLR)},
 month = {April},
 note = {\url{https://openreview.net/forum?id=S1uxsye0Z}},
 publisher = {OpenReview.net},
 series = {Conference Track Proceedings},
 title = {Adaptive Dropout with Rademacher Complexity Regularization},
 year = {2018}
}

@inproceedings{zhang2018learninga,
 address = {Vancouver, British Columbia, Canada},
 author = {Zhang, Dejiao and Wang, Haozhu and Figueiredo, Mário A. T. and Balzano, Laura},
 booktitle = {6th International Conference on Learning Representations (ICLR)},
 month = {April},
 note = {\url{https://openreview.net/forum?id=rypT3fb0b}},
 publisher = {OpenReview.net},
 series = {Conference Track Proceedings},
 title = {Learning to Share: simultaneous parameter tying and Sparsification in Deep Learning},
 year = {2018}
}

@inproceedings{zhang2018learningb,
 address = {Vancouver, British Columbia, Canada},
 author = {Zhang, Yan and Hare, Jonathon S. and Prügel-Bennett, Adam},
 booktitle = {6th International Conference on Learning Representations (ICLR)},
 month = {April},
 note = {\url{https://openreview.net/forum?id=B12Js\_yRb}},
 publisher = {OpenReview.net},
 series = {Conference Track Proceedings},
 title = {Learning to Count Objects in Natural Images for Visual Question Answering},
 year = {2018}
}

@inproceedings{zhang2018mixup,
 address = {Vancouver, British Columbia, Canada},
 author = {Zhang, Hongyi and Cissé, Moustapha and Dauphin, Yann N. and Lopez-Paz, David},
 booktitle = {6th International Conference on Learning Representations (ICLR)},
 month = {April},
 note = {\url{https://openreview.net/forum?id=r1Ddp1-Rb}},
 publisher = {OpenReview.net},
 series = {Conference Track Proceedings},
 title = {mixup: Beyond Empirical Risk Minimization},
 year = {2018}
}

@inproceedings{zhang2018on,
 address = {Vancouver, British Columbia, Canada},
 author = {Zhang, Pengchuan and Liu, Qiang and Zhou, Dengyong and Xu, Tao and He, Xiaodong},
 booktitle = {6th International Conference on Learning Representations (ICLR)},
 month = {April},
 note = {\url{https://openreview.net/forum?id=Hk9Xc\_lR-}},
 publisher = {OpenReview.net},
 series = {Conference Track Proceedings},
 title = {On the Discrimination-Generalization Tradeoff in GANs},
 year = {2018}
}

@inproceedings{zhang2018whai,
 address = {Vancouver, British Columbia, Canada},
 author = {Zhang, Hao and Chen, Bo and Guo, an and Zhou, Mingyuan},
 booktitle = {6th International Conference on Learning Representations (ICLR)},
 month = {April},
 note = {\url{https://openreview.net/forum?id=S1cZsf-RW}},
 publisher = {OpenReview.net},
 series = {Conference Track Proceedings},
 title = {WHAI: Weibull Hybrid Autoencoding Inference for Deep Topic Modeling},
 year = {2018}
}

@inproceedings{zhao2018generating,
 address = {Vancouver, British Columbia, Canada},
 author = {Zhao, Zhengli and Dua, Dheeru and Singh, Sameer},
 booktitle = {6th International Conference on Learning Representations (ICLR)},
 month = {April},
 note = {\url{https://openreview.net/forum?id=H1BLjgZCb}},
 publisher = {OpenReview.net},
 series = {Conference Track Proceedings},
 title = {Generating Natural Adversarial Examples},
 year = {2018}
}

@inproceedings{zhou2018activation,
 address = {Vancouver, British Columbia, Canada},
 author = {Zhou, Zhiming and Cai, Han and Rong, Shu and Song, Yuxuan and Ren, Kan and Zhang, Weinan and Wang, Jun and Yu, Yong},
 booktitle = {6th International Conference on Learning Representations (ICLR)},
 month = {April},
 note = {\url{https://openreview.net/forum?id=HyyP33gAZ}},
 publisher = {OpenReview.net},
 series = {Conference Track Proceedings},
 title = {Activation Maximization Generative Adversarial Nets},
 year = {2018}
}

@inproceedings{zhou2018autoconditioned,
 address = {Vancouver, British Columbia, Canada},
 author = {Zhou, Yi and Li, Zimo and Xiao, Shuangjiu and He, Chong and Huang, Zeng and Li, Hao},
 booktitle = {6th International Conference on Learning Representations (ICLR)},
 month = {April},
 note = {\url{https://openreview.net/forum?id=r11Q2SlRW}},
 publisher = {OpenReview.net},
 series = {Conference Track Proceedings},
 title = {Auto-Conditioned Recurrent Networks for Extended Complex Human Motion Synthesis},
 year = {2018}
}

@inproceedings{zhou2018critical,
 address = {Vancouver, British Columbia, Canada},
 author = {Zhou, Yi and Liang, Yingbin},
 booktitle = {6th International Conference on Learning Representations (ICLR)},
 month = {April},
 note = {\url{https://openreview.net/forum?id=SysEexbRb}},
 publisher = {OpenReview.net},
 series = {Conference Track Proceedings},
 title = {Critical Points of Linear Neural Networks: Analytical Forms and Landscape Properties},
 year = {2018}
}

@inproceedings{zhou2018empirical,
 address = {Vancouver, British Columbia, Canada},
 author = {Zhou, Pan and Feng, Jiashi},
 booktitle = {6th International Conference on Learning Representations (ICLR)},
 month = {April},
 note = {\url{https://openreview.net/forum?id=B1QgVti6Z}},
 publisher = {OpenReview.net},
 series = {Conference Track Proceedings},
 title = {Empirical Risk Landscape Analysis for Understanding Deep Neural Networks},
 year = {2018}
}

@inproceedings{zhou2018minimax,
 address = {Vancouver, British Columbia, Canada},
 author = {Zhou, Tianyi and Bilmes, Jeff A.},
 booktitle = {6th International Conference on Learning Representations (ICLR)},
 month = {April},
 note = {\url{https://openreview.net/forum?id=BywyFQlAW}},
 publisher = {OpenReview.net},
 series = {Conference Track Proceedings},
 title = {Minimax Curriculum Learning: Machine Teaching with Desirable Difficulties and Scheduled Diversity},
 year = {2018}
}

@inproceedings{zhu2018sparse,
 address = {Vancouver, British Columbia, Canada},
 author = {Zhu, Feiwen and Pool, Jeff and Andersch, Michael and Appleyard, Jeremy and Xie, Fung},
 booktitle = {6th International Conference on Learning Representations (ICLR)},
 month = {April},
 note = {\url{https://openreview.net/forum?id=HkxF5RgC-}},
 publisher = {OpenReview.net},
 series = {Conference Track Proceedings},
 title = {Sparse Persistent RNNs: Squeezing Large Recurrent Networks On-Chip},
 year = {2018}
}

@inproceedings{zolna2018fraternal,
 address = {Vancouver, British Columbia, Canada},
 author = {Zolna, Konrad and Arpit, Devansh and Suhubdy, Dendi and Bengio, Yoshua},
 booktitle = {6th International Conference on Learning Representations (ICLR)},
 month = {April},
 note = {\url{https://openreview.net/forum?id=SJyVzQ-C-}},
 publisher = {OpenReview.net},
 series = {Conference Track Proceedings},
 title = {Fraternal Dropout},
 year = {2018}
}

@inproceedings{zong2018deep,
 address = {Vancouver, British Columbia, Canada},
 author = {Zong, Bo and Song, Qi and Min, Martin Renqiang and Cheng, Wei and Lumezanu, Cristian and Cho, Dae-ki and Chen, Haifeng},
 booktitle = {6th International Conference on Learning Representations (ICLR)},
 month = {April},
 note = {\url{https://openreview.net/forum?id=BJJLHbb0-}},
 publisher = {OpenReview.net},
 series = {Conference Track Proceedings},
 title = {Deep Autoencoding Gaussian Mixture Model for Unsupervised Anomaly Detection},
 year = {2018}
}
