@inproceedings{abbelkarim2023model,
  address =      {Kigali, Rwanda},
  author =       {Abbelkarim, Hassan and Eltahir, Mohammed and
                  Elmadani, Khalid N. and Showk, Anas},
  booktitle =    {11th International Conference on Learning
                  Representations (ICLR)},
  editor =       {Maughan, Krystal and Liu, Rosanne and Burns, Thomas
                  F.},
  month =        {May},
  note =         {\url{https://openreview.net/forum?id=XptW6NuULJ}},
  publisher =    {OpenReview.net},
  series =       {The First Tiny Papers Track},
  title =        {Model Extraction Attacks on Arabic BERT-Based APIs},
  year =         2023
}

@inproceedings{abedini2023chaotic,
  address =      {Kigali, Rwanda},
  author =       {Abedini, Tohid and Heydarian, Samin and Heidari,
                  Moein and Morsali, Alireza},
  booktitle =    {11th International Conference on Learning
                  Representations (ICLR)},
  editor =       {Maughan, Krystal and Liu, Rosanne and Burns, Thomas
                  F.},
  month =        {May},
  note =         {\url{https://openreview.net/forum?id=H2mbtfasD4K}},
  publisher =    {OpenReview.net},
  series =       {The First Tiny Papers Track},
  title =        {Chaotic Transformers for Deep Reinforcement Learning
                  in Algorithmic Trading},
  year =         2023
}

@inproceedings{abhyankar2023quota,
  address =      {Kigali, Rwanda},
  author =       {Abhyankar, Neeraja},
  booktitle =    {11th International Conference on Learning
                  Representations (ICLR)},
  editor =       {Maughan, Krystal and Liu, Rosanne and Burns, Thomas
                  F.},
  month =        {May},
  note =         {\url{https://openreview.net/forum?id=x4MuUFPKEIj}},
  publisher =    {OpenReview.net},
  series =       {The First Tiny Papers Track},
  title =        {Quota Constraints for Diversity Interventions in
                  Subset Selection},
  year =         2023
}

@inproceedings{adewunmi2023exploratory,
  address =      {Kigali, Rwanda},
  author =       {Adewunmi, Mary},
  booktitle =    {11th International Conference on Learning
                  Representations (ICLR)},
  editor =       {Maughan, Krystal and Liu, Rosanne and Burns, Thomas
                  F.},
  month =        {May},
  note =         {\url{https://openreview.net/forum?id=zdhCATDn\_Q}},
  publisher =    {OpenReview.net},
  series =       {The First Tiny Papers Track},
  title =        {Exploratory Analysis of Scholarly Publications on
                  Artificial Intelligence (AI) in Colonoscopy using
                  Litstudy},
  year =         2023
}

@inproceedings{adil2023knowledge,
  address =      {Kigali, Rwanda},
  author =       {Adil, Hager and Elidrisi, Abrar and Saeed, Muhammed},
  booktitle =    {11th International Conference on Learning
                  Representations (ICLR)},
  editor =       {Maughan, Krystal and Liu, Rosanne and Burns, Thomas
                  F.},
  month =        {May},
  note =         {\url{https://openreview.net/forum?id=-bMH1Sk8SSF}},
  publisher =    {OpenReview.net},
  series =       {The First Tiny Papers Track},
  title =        {Knowledge Distillation of BERT Language Model on the
                  Arabic Language},
  year =         2023
}

@inproceedings{adilazuarda2023obscure,
  address =      {Kigali, Rwanda},
  author =       {Adilazuarda, Muhammad Farid and Cahyawijaya, Samuel
                  and Purwarianti, Ayu},
  booktitle =    {11th International Conference on Learning
                  Representations (ICLR)},
  editor =       {Maughan, Krystal and Liu, Rosanne and Burns, Thomas
                  F.},
  month =        {May},
  note =         {\url{https://openreview.net/forum?id=zEGstYVHBt}},
  openalex =     {W4388962894},
  publisher =    {OpenReview.net},
  series =       {The First Tiny Papers Track},
  title =        {The Obscure Limitation of Modular Multilingual
                  Language Models},
  year =         2023
}

@inproceedings{agnes2023learning,
  address =      {Kigali, Rwanda},
  author =       {Agnes, Novena},
  booktitle =    {11th International Conference on Learning
                  Representations (ICLR)},
  editor =       {Maughan, Krystal and Liu, Rosanne and Burns, Thomas
                  F.},
  month =        {May},
  note =         {\url{https://openreview.net/forum?id=x_adzmY6PQ5}},
  publisher =    {OpenReview.net},
  series =       {The First Tiny Papers Track},
  title =        {Learning Weight Sensitivity from Entropy},
  year =         2023
}

@inproceedings{ajith2023matpropxtractor,
  address =      {Kigali, Rwanda},
  author =       {Ajith, Aswathy and Schwarting, Marcus and Hong, Zhi
                  and Chard, Kyle and Foster, Ian T.},
  booktitle =    {11th International Conference on Learning
                  Representations (ICLR)},
  editor =       {Maughan, Krystal and Liu, Rosanne and Burns, Thomas
                  F.},
  month =        {May},
  note =         {\url{https://openreview.net/forum?id=5CdkvFyatt2}},
  publisher =    {OpenReview.net},
  series =       {The First Tiny Papers Track},
  title =        {MatPropXtractor: Generate to Extract},
  year =         2023
}

@inproceedings{aladago2023compound,
  address =      {Kigali, Rwanda},
  author =       {Aladago, Maxwell Mbabilla and Piergiovanni, AJ},
  booktitle =    {11th International Conference on Learning
                  Representations (ICLR)},
  editor =       {Maughan, Krystal and Liu, Rosanne and Burns, Thomas
                  F.},
  month =        {May},
  note =         {\url{https://openreview.net/forum?id=_3_VZtMkvMB}},
  openalex =     {W4310819992},
  publisher =    {OpenReview.net},
  series =       {The First Tiny Papers Track},
  title =        {Compound Tokens: Channel Fusion for Vision-Language
                  Representation Learning},
  year =         2023
}

@inproceedings{alemany2023towards,
  address =      {Kigali, Rwanda},
  author =       {Alemany, Sheila and Dominguez, Alberto Luis and
                  Grapel, Ilan and Pissinou, Niki},
  booktitle =    {11th International Conference on Learning
                  Representations (ICLR)},
  editor =       {Maughan, Krystal and Liu, Rosanne and Burns, Thomas
                  F.},
  month =        {May},
  note =         {\url{https://openreview.net/forum?id=oKa5_mxHBV}},
  publisher =    {OpenReview.net},
  series =       {The First Tiny Papers Track},
  title =        {Towards Parametric Robust Activation Functions in
                  Adversarial Machine Learning},
  year =         2023
}

@inproceedings{alex2023predicting,
  address =      {Kigali, Rwanda},
  author =       {Alex and Capstick, Er and Barnaghi, Payam M.},
  booktitle =    {11th International Conference on Learning
                  Representations (ICLR)},
  editor =       {Maughan, Krystal and Liu, Rosanne and Burns, Thomas
                  F.},
  month =        {May},
  note =         {\url{https://openreview.net/forum?id=uMlLT_xuiE}},
  publisher =    {OpenReview.net},
  series =       {The First Tiny Papers Track},
  title =        {Predicting Targets with Data from Non-Conforming
                  Sources},
  year =         2023
}

@inproceedings{alex2023simple,
  address =      {Kigali, Rwanda},
  author =       {Alex and Salle, re and Malmasi, Shervin},
  booktitle =    {11th International Conference on Learning
                  Representations (ICLR)},
  editor =       {Maughan, Krystal and Liu, Rosanne and Burns, Thomas
                  F.},
  month =        {May},
  note =         {\url{https://openreview.net/forum?id=WaAJ883AqiY}},
  publisher =    {OpenReview.net},
  series =       {The First Tiny Papers Track},
  title =        {A Simple Loss Function for Convergent Algorithm
                  Synthesis using RNNs},
  year =         2023
}

@inproceedings{ali2023biology,
  address =      {Kigali, Rwanda},
  author =       {Ali, Sarwan and Chourasia, Prakash and Patterson,
                  Murray},
  booktitle =    {11th International Conference on Learning
                  Representations (ICLR)},
  editor =       {Maughan, Krystal and Liu, Rosanne and Burns, Thomas
                  F.},
  month =        {May},
  note =         {\url{https://openreview.net/forum?id=28si4RXwDt1}},
  publisher =    {OpenReview.net},
  series =       {The First Tiny Papers Track},
  title =        {When Biology has Chemistry: Solubility And Drug
                  Subcategory Prediction using SMILES Strings},
  year =         2023
}

@inproceedings{alshareif2023sudanese,
  address =      {Kigali, Rwanda},
  author =       {Alshareif, Duaa Badradein and Fadlalla, Taiseer
                  Abdulateef and Saeed, Muhammed Yahya and Ali, Hiba
                  Hassan S. M.},
  booktitle =    {11th International Conference on Learning
                  Representations (ICLR)},
  editor =       {Maughan, Krystal and Liu, Rosanne and Burns, Thomas
                  F.},
  month =        {May},
  note =         {\url{https://openreview.net/forum?id=wUEY2CdQGi1}},
  publisher =    {OpenReview.net},
  series =       {The First Tiny Papers Track},
  title =        {SUDANESE ARABIC DIALECT ENCODING USING XLM-RoBERTa
                  LANGUAGE MODEL: Zol-ROBERTA},
  year =         2023
}

@inproceedings{ariva2023fast,
  address =      {Kigali, Rwanda},
  author =       {Ariva, Joonas and Papkov, Mikhail},
  booktitle =    {11th International Conference on Learning
                  Representations (ICLR)},
  editor =       {Maughan, Krystal and Liu, Rosanne and Burns, Thomas
                  F.},
  month =        {May},
  note =         {\url{https://openreview.net/forum?id=ghfL1e2rOd}},
  publisher =    {OpenReview.net},
  series =       {The First Tiny Papers Track},
  title =        {Fast Fourier Convolutions in Self-Supervised Neural
                  Networks for Image Denoising},
  year =         2023
}

@inproceedings{arroyo2023pseudo,
  address =      {Kigali, Rwanda},
  author =       {Arroyo, Julio},
  booktitle =    {11th International Conference on Learning
                  Representations (ICLR)},
  editor =       {Maughan, Krystal and Liu, Rosanne and Burns, Thomas
                  F.},
  month =        {May},
  note =         {\url{https://openreview.net/forum?id=-CH1C-aQ5pk}},
  publisher =    {OpenReview.net},
  series =       {The First Tiny Papers Track},
  title =        {Pseudo Labels for Single Positive Multi-Label
                  Learning},
  year =         2023
}

@inproceedings{arroyo2023understanding,
  address =      {Kigali, Rwanda},
  author =       {Arroyo, Julio and Perona, Pietro and Cole, Elijah},
  booktitle =    {11th International Conference on Learning
                  Representations (ICLR)},
  editor =       {Maughan, Krystal and Liu, Rosanne and Burns, Thomas
                  F.},
  month =        {May},
  note =         {\url{https://openreview.net/forum?id=iWiwox99aJ}},
  publisher =    {OpenReview.net},
  series =       {The First Tiny Papers Track},
  title =        {Understanding Label Bias in Single Positive
                  Multi-Label Learning},
  year =         2023
}

@inproceedings{aryal2023evaluating,
  address =      {Kigali, Rwanda},
  author =       {Aryal, Saurav Keshari and Adhikari, Gaurav},
  booktitle =    {11th International Conference on Learning
                  Representations (ICLR)},
  editor =       {Maughan, Krystal and Liu, Rosanne and Burns, Thomas
                  F.},
  month =        {May},
  note =         {\url{https://openreview.net/forum?id=OMARmh02Ruk}},
  publisher =    {OpenReview.net},
  series =       {The First Tiny Papers Track},
  title =        {Evaluating Impact of Emoticons and Pre-processing on
                  Sentiment Classification of Translated African
                  Tweets},
  year =         2023
}

@inproceedings{bakshi2023bayes,
  address =      {Kigali, Rwanda},
  author =       {Bakshi, Soham and Maity, Subha},
  booktitle =    {11th International Conference on Learning
                  Representations (ICLR)},
  editor =       {Maughan, Krystal and Liu, Rosanne and Burns, Thomas
                  F.},
  month =        {May},
  note =         {\url{https://openreview.net/forum?id=U4o5iSWSaD}},
  openalex =     {W4365601408},
  publisher =    {OpenReview.net},
  series =       {The First Tiny Papers Track},
  title =        {Bayes classifier cannot be learned from noisy
                  responses with unknown noise rates},
  year =         2023
}

@inproceedings{bayat2023study,
  address =      {Kigali, Rwanda},
  author =       {Bayat, Reza},
  booktitle =    {11th International Conference on Learning
                  Representations (ICLR)},
  editor =       {Maughan, Krystal and Liu, Rosanne and Burns, Thomas
                  F.},
  month =        {May},
  note =         {\url{https://openreview.net/forum?id=BQpCuJoMykZ}},
  publisher =    {OpenReview.net},
  series =       {The First Tiny Papers Track},
  title =        {A Study on Sample Diversity in Generative Models:
                  GANs vs. Diffusion Models},
  year =         2023
}

@inproceedings{bentivegna2023variational,
  address =      {Kigali, Rwanda},
  author =       {Bentivegna, Eloisa},
  booktitle =    {11th International Conference on Learning
                  Representations (ICLR)},
  editor =       {Maughan, Krystal and Liu, Rosanne and Burns, Thomas
                  F.},
  month =        {May},
  note =         {\url{https://openreview.net/forum?id=A2VfgYliIT}},
  publisher =    {OpenReview.net},
  series =       {The First Tiny Papers Track},
  title =        {A Variational Condition for Minimal-Residual Latent
                  Representations},
  year =         2023
}

@inproceedings{bernini2023contrastive,
  address =      {Kigali, Rwanda},
  author =       {Bernini, Andrea},
  booktitle =    {11th International Conference on Learning
                  Representations (ICLR)},
  editor =       {Maughan, Krystal and Liu, Rosanne and Burns, Thomas
                  F.},
  month =        {May},
  note =         {\url{https://openreview.net/forum?id=ChW0YYRIni}},
  publisher =    {OpenReview.net},
  series =       {The First Tiny Papers Track},
  title =        {Contrastive Learning with 3D Shapes},
  year =         2023
}

@inproceedings{besombes2023incorporating,
  address =      {Kigali, Rwanda},
  author =       {Besombes, Camille and Patel, Adeetya and Madathil,
                  Sreenath Arekunnath},
  booktitle =    {11th International Conference on Learning
                  Representations (ICLR)},
  editor =       {Maughan, Krystal and Liu, Rosanne and Burns, Thomas
                  F.},
  month =        {May},
  note =         {\url{https://openreview.net/forum?id=XXsjViheWZ}},
  publisher =    {OpenReview.net},
  series =       {The First Tiny Papers Track},
  title =        {Incorporating Expert Prior Knowledge for Oral Lesion
                  Recognition},
  year =         2023
}

@inproceedings{bezalel2023metaxlr,
  address =      {Kigali, Rwanda},
  author =       {Bezalel, Liat and Orgad, Eyal},
  booktitle =    {11th International Conference on Learning
                  Representations (ICLR)},
  editor =       {Maughan, Krystal and Liu, Rosanne and Burns, Thomas
                  F.},
  month =        {May},
  note =         {\url{https://openreview.net/forum?id=nF70Sl-HUZ}},
  openalex =     {W4379251707},
  publisher =    {OpenReview.net},
  series =       {The First Tiny Papers Track},
  title =        {MetaXLR -- Mixed Language Meta Representation
                  Transformation for Low-resource Cross-lingual
                  Learning based on Multi-Armed Bandit},
  year =         2023
}

@inproceedings{bonheme2023polarised,
  address =      {Kigali, Rwanda},
  author =       {Bonheme, Lisa and Grzes, Marek},
  booktitle =    {11th International Conference on Learning
                  Representations (ICLR)},
  editor =       {Maughan, Krystal and Liu, Rosanne and Burns, Thomas
                  F.},
  month =        {May},
  note =         {\url{https://openreview.net/forum?id=iSkcAjBqUHU}},
  publisher =    {OpenReview.net},
  series =       {The First Tiny Papers Track},
  title =        {The Polarised Regime of identifiable Variational
                  Autoencoders},
  year =         2023
}

@inproceedings{briones2023pursuit,
  address =      {Kigali, Rwanda},
  author =       {Briones, Joseph L. and Richa, Andréa W.},
  booktitle =    {11th International Conference on Learning
                  Representations (ICLR)},
  editor =       {Maughan, Krystal and Liu, Rosanne and Burns, Thomas
                  F.},
  month =        {May},
  note =         {\url{https://openreview.net/forum?id=_cZLvP7LAt7}},
  publisher =    {OpenReview.net},
  series =       {The First Tiny Papers Track},
  title =        {Pursuit Policies in Dynamic Environments},
  year =         2023
}

@inproceedings{brocki2023fidelity,
  address =      {Kigali, Rwanda},
  author =       {Brocki, Lennart and Chung, Neo Christopher},
  booktitle =    {11th International Conference on Learning
                  Representations (ICLR)},
  editor =       {Maughan, Krystal and Liu, Rosanne and Burns, Thomas
                  F.},
  month =        {May},
  note =         {\url{https://openreview.net/forum?id=nbqO93YTz-}},
  openalex =     {W4225757909},
  publisher =    {OpenReview.net},
  series =       {The First Tiny Papers Track},
  title =        {Fidelity of Interpretability Methods and
                  Perturbation Artifacts in Neural Networks},
  year =         2023
}

@inproceedings{brown2023language,
  address =      {Kigali, Rwanda},
  author =       {Brown, Bradley C. A. and Juravsky, Jordan and
                  Mahmud, Atif and Shahbaz, Wais and Ehrlich, Ryan
                  Saul},
  booktitle =    {11th International Conference on Learning
                  Representations (ICLR)},
  editor =       {Maughan, Krystal and Liu, Rosanne and Burns, Thomas
                  F.},
  month =        {May},
  note =         {\url{https://openreview.net/forum?id=GJhsHNKm7kj}},
  publisher =    {OpenReview.net},
  series =       {The First Tiny Papers Track},
  title =        {Language Models Inversely Scale on Piecewise
                  Function Evaluation with Biased Examples},
  year =         2023
}

@inproceedings{byakunda2023transfer,
  address =      {Kigali, Rwanda},
  author =       {Byakunda, Roger},
  booktitle =    {11th International Conference on Learning
                  Representations (ICLR)},
  editor =       {Maughan, Krystal and Liu, Rosanne and Burns, Thomas
                  F.},
  month =        {May},
  note =         {\url{https://openreview.net/forum?id=7lyEQXHkGpl}},
  publisher =    {OpenReview.net},
  series =       {The First Tiny Papers Track},
  title =        {Transfer Learning on Kinyarwanda Tweets Sentiment
                  Analysis},
  year =         2023
}

@inproceedings{cai2023artificial,
  address =      {Kigali, Rwanda},
  author =       {Cai, Borui and Xiang, Yong and Zhao, Yao},
  booktitle =    {11th International Conference on Learning
                  Representations (ICLR)},
  editor =       {Maughan, Krystal and Liu, Rosanne and Burns, Thomas
                  F.},
  month =        {May},
  note =         {\url{https://openreview.net/forum?id=XCbe51-arJt}},
  publisher =    {OpenReview.net},
  series =       {The First Tiny Papers Track},
  title =        {Artificial Intelligent Life: A New Perspective on
                  Artificial General Intelligence},
  year =         2023
}

@inproceedings{cannistraci2023bootstrapping,
  address =      {Kigali, Rwanda},
  author =       {Cannistraci, Irene and Moschella, Luca and Maiorca,
                  Valentino and Fumero, Marco and Norelli, Antonio and
                  Rodolà, Emanuele},
  booktitle =    {11th International Conference on Learning
                  Representations (ICLR)},
  editor =       {Maughan, Krystal and Liu, Rosanne and Burns, Thomas
                  F.},
  month =        {May},
  note =         {\url{https://openreview.net/forum?id=VBuUL2IWlq}},
  openalex =     {W4322825152},
  publisher =    {OpenReview.net},
  series =       {The First Tiny Papers Track},
  title =        {Bootstrapping Parallel Anchors for Relative
                  Representations},
  year =         2023
}

@inproceedings{cao2023semantic,
  address =      {Kigali, Rwanda},
  author =       {Cao, Yu},
  booktitle =    {11th International Conference on Learning
                  Representations (ICLR)},
  editor =       {Maughan, Krystal and Liu, Rosanne and Burns, Thomas
                  F.},
  month =        {May},
  note =         {\url{https://openreview.net/forum?id=bRI_3OFg4o}},
  publisher =    {OpenReview.net},
  series =       {The First Tiny Papers Track},
  title =        {Semantic Similarity Based Label Augmentation for
                  Visual Classification},
  year =         2023
}

@inproceedings{cerilla2023career,
  address =      {Kigali, Rwanda},
  author =       {Cerilla, Micaela Tayoto and Santillan, Aaron and
                  Vinas, Carl John and Fuente, Michael B. Dela},
  booktitle =    {11th International Conference on Learning
                  Representations (ICLR)},
  editor =       {Maughan, Krystal and Liu, Rosanne and Burns, Thomas
                  F.},
  month =        {May},
  note =         {\url{https://openreview.net/forum?id=R5NNAThG0i}},
  publisher =    {OpenReview.net},
  series =       {The First Tiny Papers Track},
  title =        {Career Path Modeling and Recommendations with
                  Linkedin Career Data and Predicted Salary
                  Estimations},
  year =         2023
}

@inproceedings{cerna2023on,
  address =      {Kigali, Rwanda},
  author =       {Cerna, Selene and Palamidessi, Catuscia},
  booktitle =    {11th International Conference on Learning
                  Representations (ICLR)},
  editor =       {Maughan, Krystal and Liu, Rosanne and Burns, Thomas
                  F.},
  month =        {May},
  note =         {\url{https://openreview.net/forum?id=WKVH54a1W4}},
  openalex =     {W4389909506},
  publisher =    {OpenReview.net},
  series =       {The First Tiny Papers Track},
  title =        {On the Application and Impact of ϵ-DP and Fairness
                  in Ambulance Engagement Time Prediction},
  year =         2023
}

@inproceedings{ch2023discerning,
  address =      {Kigali, Rwanda},
  author =       {Ch and Kumar, An and Darr, Matthew J. and Jannesari,
                  Ali},
  booktitle =    {11th International Conference on Learning
                  Representations (ICLR)},
  editor =       {Maughan, Krystal and Liu, Rosanne and Burns, Thomas
                  F.},
  month =        {May},
  note =         {\url{https://openreview.net/forum?id=H9BGkFz-Sm}},
  publisher =    {OpenReview.net},
  series =       {The First Tiny Papers Track},
  title =        {Discerning Self-Supervised Learning and Weakly
                  Supervised Learning},
  year =         2023
}

@inproceedings{chatterjee2023adversarial,
  address =      {Kigali, Rwanda},
  author =       {Chatterjee, Subhrasankar and Pain, Subrata and
                  Samanta, Debasis},
  booktitle =    {11th International Conference on Learning
                  Representations (ICLR)},
  editor =       {Maughan, Krystal and Liu, Rosanne and Burns, Thomas
                  F.},
  month =        {May},
  note =         {\url{https://openreview.net/forum?id=5-ROmmBJKV}},
  publisher =    {OpenReview.net},
  series =       {The First Tiny Papers Track},
  title =        {Adversarial Policy Gradient for Learning Graph-Based
                  Representation in Human Visual Processing},
  year =         2023
}

@inproceedings{chizhov2023selfsupervised,
  address =      {Kigali, Rwanda},
  author =       {Chizhov, Pavel and Papkov, Mikhail},
  booktitle =    {11th International Conference on Learning
                  Representations (ICLR)},
  editor =       {Maughan, Krystal and Liu, Rosanne and Burns, Thomas
                  F.},
  month =        {May},
  note =         {\url{https://openreview.net/forum?id=EARgl3EH-nq}},
  publisher =    {OpenReview.net},
  series =       {The First Tiny Papers Track},
  title =        {Self-Supervised Image Denoising with Swin
                  Transformer},
  year =         2023
}

@inproceedings{choi2023softeda,
  address =      {Kigali, Rwanda},
  author =       {Choi, Juhwan and Jin, Kyohoon and Lee, Jun Ho and
                  Song, Sangmin and Kim, Youngbin},
  booktitle =    {11th International Conference on Learning
                  Representations (ICLR)},
  editor =       {Maughan, Krystal and Liu, Rosanne and Burns, Thomas
                  F.},
  month =        {May},
  note =         {\url{https://openreview.net/forum?id=OiSbJbVWBJT}},
  openalex =     {W4391709790},
  publisher =    {OpenReview.net},
  series =       {The First Tiny Papers Track},
  title =        {SoftEDA: Rethinking Rule-Based Data Augmentation
                  with Soft Labels},
  year =         2023
}

@inproceedings{chung2023imitation,
  address =      {Kigali, Rwanda},
  author =       {Chung, Insik and Han, Isaac and Kim, Kyung-Joong},
  booktitle =    {11th International Conference on Learning
                  Representations (ICLR)},
  editor =       {Maughan, Krystal and Liu, Rosanne and Burns, Thomas
                  F.},
  month =        {May},
  note =         {\url{https://openreview.net/forum?id=baF9FqIdTY}},
  publisher =    {OpenReview.net},
  series =       {The First Tiny Papers Track},
  title =        {IMITATION LEARNING USING THE FORWARD-FORWARD
                  ALGORITHM},
  year =         2023
}

@inproceedings{cipolinakun2023markovian,
  address =      {Kigali, Rwanda},
  author =       {Cipolina-Kun, Lucia},
  booktitle =    {11th International Conference on Learning
                  Representations (ICLR)},
  editor =       {Maughan, Krystal and Liu, Rosanne and Burns, Thomas
                  F.},
  month =        {May},
  note =         {\url{https://openreview.net/forum?id=1LeLyB6T0JM}},
  openalex =     {W4381572997},
  publisher =    {OpenReview.net},
  series =       {The First Tiny Papers Track},
  title =        {Markovian Embeddings for Coalitional Bargaining
                  Games},
  year =         2023
}

@inproceedings{cipolinakun2023multiagent,
  address =      {Kigali, Rwanda},
  author =       {Cipolina-Kun, Lucia and Mak, Stephen and Carlucho,
                  Ignacio and Yazdanpanah, Vahid and Stein, Sebastian
                  and Gerding, Enrico H. and Bullard, Kalesha},
  booktitle =    {11th International Conference on Learning
                  Representations (ICLR)},
  editor =       {Maughan, Krystal and Liu, Rosanne and Burns, Thomas
                  F.},
  month =        {May},
  note =         {\url{https://openreview.net/forum?id=OaZktJBVpUy}},
  publisher =    {OpenReview.net},
  series =       {The First Tiny Papers Track},
  title =        {Multi-Agent Reinforcement Learning for Coalitional
                  Bargaining Games},
  year =         2023
}

@inproceedings{coelho2023prior,
  address =      {Kigali, Rwanda},
  author =       {Coelho, C. and Fern, M. and Costa, a P. and Ferrás,
                  Luís L.},
  booktitle =    {11th International Conference on Learning
                  Representations (ICLR)},
  editor =       {Maughan, Krystal and Liu, Rosanne and Burns, Thomas
                  F.},
  month =        {May},
  note =         {\url{https://openreview.net/forum?id=p7sHcNt\_tqo}},
  publisher =    {OpenReview.net},
  series =       {The First Tiny Papers Track},
  title =        {Prior knowledge meets Neural ODEs: a two-stage
                  training method for improved explainability},
  year =         2023
}

@inproceedings{cuadrado2023fresco,
  address =      {Kigali, Rwanda},
  author =       {Cuadrado, Nicolas M. and Alej, Roberto and Guillén,
                  ro Gutiérrez and Takáč, Martin},
  booktitle =    {11th International Conference on Learning
                  Representations (ICLR)},
  editor =       {Maughan, Krystal and Liu, Rosanne and Burns, Thomas
                  F.},
  month =        {May},
  note =         {\url{https://openreview.net/forum?id=75mWq5j4iso}},
  publisher =    {OpenReview.net},
  series =       {The First Tiny Papers Track},
  title =        {FRESCO: Federated Reinforcement Energy System for
                  Cooperative Optimization},
  year =         2023
}

@inproceedings{dagli2023astroformer,
  address =      {Kigali, Rwanda},
  author =       {Dagli, Rishit},
  booktitle =    {11th International Conference on Learning
                  Representations (ICLR)},
  editor =       {Maughan, Krystal and Liu, Rosanne and Burns, Thomas
                  F.},
  month =        {May},
  note =         {\url{https://openreview.net/forum?id=ChqP6ORFYK6}},
  openalex =     {W4365211769},
  publisher =    {OpenReview.net},
  series =       {The First Tiny Papers Track},
  title =        {Astroformer: More Data Might not be all you need for
                  Classification},
  year =         2023
}

@inproceedings{deng2023characters,
  address =      {Kigali, Rwanda},
  author =       {Deng, Haoyu and Ye, Zhaoteng and Duan, Yule},
  booktitle =    {11th International Conference on Learning
                  Representations (ICLR)},
  editor =       {Maughan, Krystal and Liu, Rosanne and Burns, Thomas
                  F.},
  month =        {May},
  note =         {\url{https://openreview.net/forum?id=HM\_jOWEYL7y}},
  publisher =    {OpenReview.net},
  series =       {The First Tiny Papers Track},
  title =        {Characters Are Like Faces},
  year =         2023
}

@inproceedings{dere2023knowledge,
  address =      {Kigali, Rwanda},
  author =       {Dere, Abdulhameed Abiola},
  booktitle =    {11th International Conference on Learning
                  Representations (ICLR)},
  editor =       {Maughan, Krystal and Liu, Rosanne and Burns, Thomas
                  F.},
  month =        {May},
  note =         {\url{https://openreview.net/forum?id=5lZaexgIey}},
  publisher =    {OpenReview.net},
  series =       {The First Tiny Papers Track},
  title =        {Knowledge and Attitude of Medical Students and
                  Doctors towards Artificial Intelligence: A Study of
                  University of Ilorin},
  year =         2023
}

@inproceedings{dhikusooka2023light,
  address =      {Kigali, Rwanda},
  author =       {Dhikusooka, Joshua Jeremy and Nuwamanya, Ephraim and
                  Martínez, Estefania Talavera and Owomugisha,
                  Godliver},
  booktitle =    {11th International Conference on Learning
                  Representations (ICLR)},
  editor =       {Maughan, Krystal and Liu, Rosanne and Burns, Thomas
                  F.},
  month =        {May},
  note =         {\url{https://openreview.net/forum?id=KtVonyo4AS}},
  publisher =    {OpenReview.net},
  series =       {The First Tiny Papers Track},
  title =        {A Light Spectrometer Device for Crop Disease
                  Monitoring},
  year =         2023
}

@inproceedings{domguia2023whispering,
  address =      {Kigali, Rwanda},
  author =       {Domguia, Joseph and Nkama, Guy Adingono},
  booktitle =    {11th International Conference on Learning
                  Representations (ICLR)},
  editor =       {Maughan, Krystal and Liu, Rosanne and Burns, Thomas
                  F.},
  month =        {May},
  note =         {\url{https://openreview.net/forum?id=kidk_E11QQ}},
  publisher =    {OpenReview.net},
  series =       {The First Tiny Papers Track},
  title =        {Whispering Across the Continent: Collecting and
                  Analyzing African Culture Using Community Radios},
  year =         2023
}

@inproceedings{dossou2023pretrained,
  address =      {Kigali, Rwanda},
  author =       {Dossou, Bonaventure F. P. and Gbenou, Yenoukoume
                  S. K. and Nono, Miglanche Ghomsi},
  booktitle =    {11th International Conference on Learning
                  Representations (ICLR)},
  editor =       {Maughan, Krystal and Liu, Rosanne and Burns, Thomas
                  F.},
  month =        {May},
  note =         {\url{https://openreview.net/forum?id=Idalad_7wG}},
  openalex =     {W4330339901},
  publisher =    {OpenReview.net},
  series =       {The First Tiny Papers Track},
  title =        {Pretrained Vision Models for Predicting High-Risk
                  Breast Cancer Stage},
  year =         2023
}

@inproceedings{du2023generative,
  address =      {Kigali, Rwanda},
  author =       {Du, Yao and Juefei-Xu, Felix},
  booktitle =    {11th International Conference on Learning
                  Representations (ICLR)},
  editor =       {Maughan, Krystal and Liu, Rosanne and Burns, Thomas
                  F.},
  month =        {May},
  note =         {\url{https://openreview.net/forum?id=cRZSr6Tpr1S}},
  publisher =    {OpenReview.net},
  series =       {The First Tiny Papers Track},
  title =        {Generative AI for Therapy? Opportunities and
                  Barriers for ChatGPT in Speech-Language Therapy},
  year =         2023
}

@inproceedings{dua2023insights,
  address =      {Kigali, Rwanda},
  author =       {Dua, Kinshuk},
  booktitle =    {11th International Conference on Learning
                  Representations (ICLR)},
  editor =       {Maughan, Krystal and Liu, Rosanne and Burns, Thomas
                  F.},
  month =        {May},
  note =         {\url{https://openreview.net/forum?id=_cL7Uj4LXAJ}},
  publisher =    {OpenReview.net},
  series =       {The First Tiny Papers Track},
  title =        {Insights into the mechanism behind reusing Teacher's
                  classifier in Knowledge Distillation},
  year =         2023
}

@inproceedings{dugdale2023federated,
  address =      {Kigali, Rwanda},
  author =       {Dugdale, Hugo},
  booktitle =    {11th International Conference on Learning
                  Representations (ICLR)},
  editor =       {Maughan, Krystal and Liu, Rosanne and Burns, Thomas
                  F.},
  month =        {May},
  note =         {\url{https://openreview.net/forum?id=mvo72yTjhTl}},
  publisher =    {OpenReview.net},
  series =       {The First Tiny Papers Track},
  title =        {Federated Learning with Variational Autoencoders},
  year =         2023
}

@inproceedings{farhana2023rethinking,
  address =      {Kigali, Rwanda},
  author =       {Farhana, Effat},
  booktitle =    {11th International Conference on Learning
                  Representations (ICLR)},
  editor =       {Maughan, Krystal and Liu, Rosanne and Burns, Thomas
                  F.},
  month =        {May},
  note =         {\url{https://openreview.net/forum?id=iF2w_kqmYmw}},
  publisher =    {OpenReview.net},
  series =       {The First Tiny Papers Track},
  title =        {RETHINKING POSITIONAL EMBEDDING: A CASE STUDY IN
                  TEMPORAL EVENT SEQUENCE MODELLING},
  year =         2023
}

@inproceedings{franklin2023general,
  address =      {Kigali, Rwanda},
  author =       {Franklin, Matija},
  booktitle =    {11th International Conference on Learning
                  Representations (ICLR)},
  editor =       {Maughan, Krystal and Liu, Rosanne and Burns, Thomas
                  F.},
  month =        {May},
  note =         {\url{https://openreview.net/forum?id=ddFJsnpZtTX}},
  publisher =    {OpenReview.net},
  series =       {The First Tiny Papers Track},
  title =        {General Purpose Artificial Intelligence Systems as
                  Group Agents},
  year =         2023
}

@inproceedings{friedrich2023one,
  address =      {Kigali, Rwanda},
  author =       {Friedrich, F. and Steinmann, David and Kersting,
                  Kristian},
  booktitle =    {11th International Conference on Learning
                  Representations (ICLR)},
  editor =       {Maughan, Krystal and Liu, Rosanne and Burns, Thomas
                  F.},
  month =        {May},
  note =         {\url{https://openreview.net/forum?id=o7uGWBK6Uo}},
  openalex =     {W4366205197},
  publisher =    {OpenReview.net},
  series =       {The First Tiny Papers Track},
  title =        {One Explanation Does Not Fit XIL},
  year =         2023
}

@inproceedings{ganapathiraman2023bandit,
  address =      {Kigali, Rwanda},
  author =       {Ganapathiraman, Vignesh and Calderon, Francisco
                  Javier and Joshi, Anila},
  booktitle =    {11th International Conference on Learning
                  Representations (ICLR)},
  editor =       {Maughan, Krystal and Liu, Rosanne and Burns, Thomas
                  F.},
  month =        {May},
  note =         {\url{https://openreview.net/forum?id=LV33sOiYCEP}},
  publisher =    {OpenReview.net},
  series =       {The First Tiny Papers Track},
  title =        {Bandit Sampling for Faster Neural Network Training
                  with SGD},
  year =         2023
}

@inproceedings{gao2023towards,
  address =      {Kigali, Rwanda},
  author =       {Gao, Bilan and Kim, YoungBin},
  booktitle =    {11th International Conference on Learning
                  Representations (ICLR)},
  editor =       {Maughan, Krystal and Liu, Rosanne and Burns, Thomas
                  F.},
  month =        {May},
  note =         {\url{https://openreview.net/forum?id=6I5i0Ytnlul}},
  openalex =     {W4379539452},
  publisher =    {OpenReview.net},
  series =       {The First Tiny Papers Track},
  title =        {Towards Robust Feature Learning with t-vFM
                  Similarity for Continual Learning},
  year =         2023
}

@inproceedings{garimella2023stratospheric,
  address =      {Kigali, Rwanda},
  author =       {Garimella, Mihir},
  booktitle =    {11th International Conference on Learning
                  Representations (ICLR)},
  editor =       {Maughan, Krystal and Liu, Rosanne and Burns, Thomas
                  F.},
  month =        {May},
  note =         {\url{https://openreview.net/forum?id=pKd6q-FrprW}},
  openalex =     {W4320913096},
  publisher =    {OpenReview.net},
  series =       {The First Tiny Papers Track},
  title =        {Stratospheric Aerosols: Establishing a Novel Optical
                  Thickness Benchmark for Effective Climate Change
                  Mitigation},
  year =         2023
}

@inproceedings{george2023edcde,
  address =      {Kigali, Rwanda},
  author =       {George, Robert Joseph},
  booktitle =    {11th International Conference on Learning
                  Representations (ICLR)},
  editor =       {Maughan, Krystal and Liu, Rosanne and Burns, Thomas
                  F.},
  month =        {May},
  note =         {\url{https://openreview.net/forum?id=EVz_vcZQvvg}},
  publisher =    {OpenReview.net},
  series =       {The First Tiny Papers Track},
  title =        {EDCDE - Extended Discovery of Closed-Form
                  Differential Equations},
  year =         2023
}

@inproceedings{george2023theta,
  address =      {Kigali, Rwanda},
  author =       {George, Tom M.},
  booktitle =    {11th International Conference on Learning
                  Representations (ICLR)},
  editor =       {Maughan, Krystal and Liu, Rosanne and Burns, Thomas
                  F.},
  month =        {May},
  note =         {\url{https://openreview.net/forum?id=vd16AYbem3Z}},
  openalex =     {W4376653573},
  publisher =    {OpenReview.net},
  series =       {The First Tiny Papers Track},
  title =        {Theta sequences as eligibility traces: a biological
                  solution to credit assignment},
  year =         2023
}

@inproceedings{ghosh2023analysis,
  address =      {Kigali, Rwanda},
  author =       {Ghosh, Shreya and Jameel, Abu Shafin Mohammad Mahdee
                  and Gamal, Aly El},
  booktitle =    {11th International Conference on Learning
                  Representations (ICLR)},
  editor =       {Maughan, Krystal and Liu, Rosanne and Burns, Thomas
                  F.},
  month =        {May},
  note =         {\url{https://openreview.net/forum?id=FPzByCI0yz1}},
  publisher =    {OpenReview.net},
  series =       {The First Tiny Papers Track},
  title =        {An Analysis of Transferability in Network Intrusion
                  Detection using Distributed Deep Learning},
  year =         2023
}

@inproceedings{gorlla2023training,
  address =      {Kigali, Rwanda},
  author =       {Gorlla, Cyril},
  booktitle =    {11th International Conference on Learning
                  Representations (ICLR)},
  editor =       {Maughan, Krystal and Liu, Rosanne and Burns, Thomas
                  F.},
  month =        {May},
  note =         {\url{https://openreview.net/forum?id=8WiNDyXgj6}},
  publisher =    {OpenReview.net},
  series =       {The First Tiny Papers Track},
  title =        {Training Data Eigenvector Dynamics in the EigenPro
                  Implementation of the Neural Tangent Kernel and
                  Recursive Feature Machines},
  year =         2023
}

@inproceedings{goswami2023federated,
  address =      {Kigali, Rwanda},
  author =       {Goswami, Gaurav and Agarwal, Akshay and Ratha,
                  Nalini K. and Singh, Richa and Vatsa, Mayank},
  booktitle =    {11th International Conference on Learning
                  Representations (ICLR)},
  editor =       {Maughan, Krystal and Liu, Rosanne and Burns, Thomas
                  F.},
  month =        {May},
  note =         {\url{https://openreview.net/forum?id=qX8cGLnfAd}},
  publisher =    {OpenReview.net},
  series =       {The First Tiny Papers Track},
  title =        {Federated Learning for Local and Global Data
                  Distribution},
  year =         2023
}

@inproceedings{gupta2023augmenting,
  address =      {Kigali, Rwanda},
  author =       {Gupta, Abhishek and Dardaman, Emily},
  booktitle =    {11th International Conference on Learning
                  Representations (ICLR)},
  editor =       {Maughan, Krystal and Liu, Rosanne and Burns, Thomas
                  F.},
  month =        {May},
  note =         {\url{https://openreview.net/forum?id=XiZOalwf_U}},
  publisher =    {OpenReview.net},
  series =       {The First Tiny Papers Track},
  title =        {Augmenting Collective Intelligence through Belbin's
                  Team Roles},
  year =         2023
}

@inproceedings{gurel2023train,
  address =      {Kigali, Rwanda},
  author =       {Gurel, Alaeddin Selcuk and Gerek, Aydin},
  booktitle =    {11th International Conference on Learning
                  Representations (ICLR)},
  editor =       {Maughan, Krystal and Liu, Rosanne and Burns, Thomas
                  F.},
  month =        {May},
  note =         {\url{https://openreview.net/forum?id=MjVdwBGkys}},
  publisher =    {OpenReview.net},
  series =       {The First Tiny Papers Track},
  title =        {Train Monolingual, Infer Bilingual},
  year =         2023
}

@inproceedings{gurung2023secure,
  address =      {Kigali, Rwanda},
  author =       {Gurung, Dev and Pokhrel, Shiva Raj and Li, Gang},
  booktitle =    {11th International Conference on Learning
                  Representations (ICLR)},
  editor =       {Maughan, Krystal and Liu, Rosanne and Burns, Thomas
                  F.},
  month =        {May},
  note =         {\url{https://openreview.net/forum?id=xZGPLvRpf4N}},
  publisher =    {OpenReview.net},
  series =       {The First Tiny Papers Track},
  title =        {Secure Communication Model for Quantum Federated
                  Learning: A Proof of Concept},
  year =         2023
}

@inproceedings{hachana2023effect,
  address =      {Kigali, Rwanda},
  author =       {Hachana, Rafik and Ivanov, Vladimir V.},
  booktitle =    {11th International Conference on Learning
                  Representations (ICLR)},
  editor =       {Maughan, Krystal and Liu, Rosanne and Burns, Thomas
                  F.},
  month =        {May},
  note =         {\url{https://openreview.net/forum?id=SBqbPjVFfm}},
  publisher =    {OpenReview.net},
  series =       {The First Tiny Papers Track},
  title =        {Effect of Training Fragment Length on Transformers
                  in Text Complexity Prediction},
  year =         2023
}

@inproceedings{hachana2023effects,
  address =      {Kigali, Rwanda},
  author =       {Hachana, Rafik and Khan, Adil},
  booktitle =    {11th International Conference on Learning
                  Representations (ICLR)},
  editor =       {Maughan, Krystal and Liu, Rosanne and Burns, Thomas
                  F.},
  month =        {May},
  note =         {\url{https://openreview.net/forum?id=G_MpqMHYo-R}},
  publisher =    {OpenReview.net},
  series =       {The First Tiny Papers Track},
  title =        {Effects of Single-Attribute Control on the Music
                  Generated by FIGARO},
  year =         2023
}

@inproceedings{havaldar2023topex,
  address =      {Kigali, Rwanda},
  author =       {Havaldar, Shreya and Stein, Adam and Wong, Eric and
                  Ungar, Lyle},
  booktitle =    {11th International Conference on Learning
                  Representations (ICLR)},
  editor =       {Maughan, Krystal and Liu, Rosanne and Burns, Thomas
                  F.},
  month =        {May},
  note =         {\url{https://openreview.net/forum?id=AidIUjh__t}},
  openalex =     {W4379261325},
  publisher =    {OpenReview.net},
  series =       {The First Tiny Papers Track},
  title =        {TopEx: Topic-based Explanations for Model
                  Comparison},
  year =         2023
}

@inproceedings{hayes2023responsibility,
  address =      {Kigali, Rwanda},
  author =       {Hayes, Ben and Saitis, Charalampos and Fazekas,
                  György},
  booktitle =    {11th International Conference on Learning
                  Representations (ICLR)},
  editor =       {Maughan, Krystal and Liu, Rosanne and Burns, Thomas
                  F.},
  month =        {May},
  note =         {\url{https://openreview.net/forum?id=jd7Hy1jRiv4}},
  publisher =    {OpenReview.net},
  series =       {The First Tiny Papers Track},
  title =        {The Responsibility Problem in Neural Networks with
                  Unordered Targets},
  year =         2023
}

@inproceedings{heidari2023diffganpaint,
  address =      {Kigali, Rwanda},
  author =       {Heidari, Moein and Morsali, Alireza and Abedini,
                  Tohid and Heydarian, Samin},
  booktitle =    {11th International Conference on Learning
                  Representations (ICLR)},
  editor =       {Maughan, Krystal and Liu, Rosanne and Burns, Thomas
                  F.},
  month =        {May},
  note =         {\url{https://openreview.net/forum?id=x2XNoPdXF8J}},
  openalex =     {W4388926105},
  publisher =    {OpenReview.net},
  series =       {The First Tiny Papers Track},
  title =        {DiffGANPaint: Fast Inpainting Using Denoising
                  Diffusion GANs},
  year =         2023
}

@inproceedings{hern2023causalstructcodec,
  address =      {Kigali, Rwanda},
  author =       {Hern, Louis and Ez, Unknown and Boussard, Matthieu},
  booktitle =    {11th International Conference on Learning
                  Representations (ICLR)},
  editor =       {Maughan, Krystal and Liu, Rosanne and Burns, Thomas
                  F.},
  month =        {May},
  note =         {\url{https://openreview.net/forum?id=cKLmwCTFiI}},
  publisher =    {OpenReview.net},
  series =       {The First Tiny Papers Track},
  title =        {CausalStructCodec: Causally-aware observational and
                  interventional data generator},
  year =         2023
}

@inproceedings{heydarian2023speakerinvariant,
  address =      {Kigali, Rwanda},
  author =       {Heydarian, Samin and Abedini, Tohid and Morsali,
                  Alireza and Heidari, Moein},
  booktitle =    {11th International Conference on Learning
                  Representations (ICLR)},
  editor =       {Maughan, Krystal and Liu, Rosanne and Burns, Thomas
                  F.},
  month =        {May},
  note =         {\url{https://openreview.net/forum?id=CTZigc9V69}},
  publisher =    {OpenReview.net},
  series =       {The First Tiny Papers Track},
  title =        {Speaker-Invariant Speech Recognition through
                  Fine-Tuning on Individual-Specific Data with Voice
                  Conversion},
  year =         2023
}

@inproceedings{hill2023decomposing,
  address =      {Kigali, Rwanda},
  author =       {Hill, Peter and Buet-Golfouse, Francois},
  booktitle =    {11th International Conference on Learning
                  Representations (ICLR)},
  editor =       {Maughan, Krystal and Liu, Rosanne and Burns, Thomas
                  F.},
  month =        {May},
  note =         {\url{https://openreview.net/forum?id=Lm7z2vYergk}},
  publisher =    {OpenReview.net},
  series =       {The First Tiny Papers Track},
  title =        {Decomposing Causality and Fairness},
  year =         2023
}

@inproceedings{isgut2023genedae,
  address =      {Kigali, Rwanda},
  author =       {Isgut, Monica and Jain, Neha and Hornback, Andrew
                  and Samel, Karan and Wang, May Dongmei},
  booktitle =    {11th International Conference on Learning
                  Representations (ICLR)},
  editor =       {Maughan, Krystal and Liu, Rosanne and Burns, Thomas
                  F.},
  month =        {May},
  note =         {\url{https://openreview.net/forum?id=cxmjk8O3Yn}},
  publisher =    {OpenReview.net},
  series =       {The First Tiny Papers Track},
  title =        {GeneDAE: A Sparse Denoising Autoencoder for Deriving
                  Interpretable Gene Embeddings},
  year =         2023
}

@inproceedings{issak2023mapping,
  address =      {Kigali, Rwanda},
  author =       {Issak, Alayt and Kakkar, Sarthak and Goetz, Sair and
                  Brown, Nik Bear and Harteveld, Casper},
  booktitle =    {11th International Conference on Learning
                  Representations (ICLR)},
  editor =       {Maughan, Krystal and Liu, Rosanne and Burns, Thomas
                  F.},
  month =        {May},
  note =         {\url{https://openreview.net/forum?id=ufA2FuCGyz}},
  publisher =    {OpenReview.net},
  series =       {The First Tiny Papers Track},
  title =        {Mapping the Typographic Latent Space of Digits},
  year =         2023
}

@inproceedings{issak2023prompt,
  address =      {Kigali, Rwanda},
  author =       {Issak, Alayt and Varshney, Lav R.},
  booktitle =    {11th International Conference on Learning
                  Representations (ICLR)},
  editor =       {Maughan, Krystal and Liu, Rosanne and Burns, Thomas
                  F.},
  month =        {May},
  note =         {\url{https://openreview.net/forum?id=hBz5h3C9Sq}},
  publisher =    {OpenReview.net},
  series =       {The First Tiny Papers Track},
  title =        {Prompt Programming for the Visual Domain},
  year =         2023
}

@inproceedings{jain2023truly,
  address =      {Kigali, Rwanda},
  author =       {Jain, Mayank and Dev, Soumyabrata},
  booktitle =    {11th International Conference on Learning
                  Representations (ICLR)},
  editor =       {Maughan, Krystal and Liu, Rosanne and Burns, Thomas
                  F.},
  month =        {May},
  note =         {\url{https://openreview.net/forum?id=cQ_eEMsc6p}},
  publisher =    {OpenReview.net},
  series =       {The First Tiny Papers Track},
  title =        {Truly Generative Data Augmentation for Image
                  Segmentation - Case of Cloud Images},
  year =         2023
}

@inproceedings{janvier2023group,
  address =      {Kigali, Rwanda},
  author =       {Janvier, Maya},
  booktitle =    {11th International Conference on Learning
                  Representations (ICLR)},
  editor =       {Maughan, Krystal and Liu, Rosanne and Burns, Thomas
                  F.},
  month =        {May},
  note =         {\url{https://openreview.net/forum?id=niyvAOOnwPM}},
  publisher =    {OpenReview.net},
  series =       {The First Tiny Papers Track},
  title =        {Group Equivariant Convolutional Networks},
  year =         2023
}

@inproceedings{jayalath2023no,
  address =      {Kigali, Rwanda},
  author =       {Jayalath, Dulhan Hansaja and Lupidi, Alisia Maria
                  and Gideoni, Yonatan},
  booktitle =    {11th International Conference on Learning
                  Representations (ICLR)},
  editor =       {Maughan, Krystal and Liu, Rosanne and Burns, Thomas
                  F.},
  month =        {May},
  note =         {\url{https://openreview.net/forum?id=qNJRvdKDGYg}},
  publisher =    {OpenReview.net},
  series =       {The First Tiny Papers Track},
  title =        {No Double Descent in Self-Supervised Learning},
  year =         2023
}

@inproceedings{jürß2023recursive,
  address =      {Kigali, Rwanda},
  author =       {Jürß, Jonas and Jayalath, Dulhan Hansaja},
  booktitle =    {11th International Conference on Learning
                  Representations (ICLR)},
  editor =       {Maughan, Krystal and Liu, Rosanne and Burns, Thomas
                  F.},
  month =        {May},
  note =         {\url{https://openreview.net/forum?id=TS8l4VS7_BK}},
  publisher =    {OpenReview.net},
  series =       {The First Tiny Papers Track},
  title =        {Recursive Reasoning with Neural Networks},
  year =         2023
}

@inproceedings{kaliuzhnyi2023reducing,
  address =      {Kigali, Rwanda},
  author =       {Kaliuzhnyi, Denys and Fishman, Dmytro and Papkov,
                  Mikhail},
  booktitle =    {11th International Conference on Learning
                  Representations (ICLR)},
  editor =       {Maughan, Krystal and Liu, Rosanne and Burns, Thomas
                  F.},
  month =        {May},
  note =         {\url{https://openreview.net/forum?id=PIfJnq9kpdw}},
  publisher =    {OpenReview.net},
  series =       {The First Tiny Papers Track},
  title =        {Reducing the Effect of Incomplete Annotations in
                  Object Detection for Histopathology},
  year =         2023
}

@inproceedings{kamath2023fostering,
  address =      {Kigali, Rwanda},
  author =       {Kamath, Karthika and Upadhyay, Tanya and Rawal,
                  Jieya and Phatnani, Kirtana Sunil and Dominic, Biju},
  booktitle =    {11th International Conference on Learning
                  Representations (ICLR)},
  editor =       {Maughan, Krystal and Liu, Rosanne and Burns, Thomas
                  F.},
  month =        {May},
  note =         {\url{https://openreview.net/forum?id=AHnLJBD7xKx}},
  publisher =    {OpenReview.net},
  series =       {The First Tiny Papers Track},
  title =        {Fostering Effective Communication Between Humans and
                  Machines},
  year =         2023
}

@inproceedings{kang2023error,
  address =      {Kigali, Rwanda},
  author =       {Kang, Lican and Yuan, Han and Zhu, Chang},
  booktitle =    {11th International Conference on Learning
                  Representations (ICLR)},
  editor =       {Maughan, Krystal and Liu, Rosanne and Burns, Thomas
                  F.},
  month =        {May},
  note =         {\url{https://openreview.net/forum?id=EVwbNcRa6Yf}},
  publisher =    {OpenReview.net},
  series =       {The First Tiny Papers Track},
  title =        {Error Analysis of Fitted Q-iteration with
                  ReLU-activated Deep Neural Networks},
  year =         2023
}

@inproceedings{kaunismaa2023do,
  address =      {Kigali, Rwanda},
  author =       {Kaunismaa, Jackson and Guerzhoy, Michael},
  booktitle =    {11th International Conference on Learning
                  Representations (ICLR)},
  editor =       {Maughan, Krystal and Liu, Rosanne and Burns, Thomas
                  F.},
  month =        {May},
  note =         {\url{https://openreview.net/forum?id=z2Gr8YqsimF}},
  openalex =     {W4379256071},
  publisher =    {OpenReview.net},
  series =       {The First Tiny Papers Track},
  title =        {How Do ConvNets Understand Image Intensity?},
  year =         2023
}

@inproceedings{keser2023averager,
  address =      {Kigali, Rwanda},
  author =       {Keser, Reyhan Kevser and Türeyin, Behçet Ugur},
  booktitle =    {11th International Conference on Learning
                  Representations (ICLR)},
  editor =       {Maughan, Krystal and Liu, Rosanne and Burns, Thomas
                  F.},
  month =        {May},
  note =         {\url{https://openreview.net/forum?id=4isz71_aZN}},
  publisher =    {OpenReview.net},
  series =       {The First Tiny Papers Track},
  title =        {Averager Student: Distillation from Undistillable
                  Teacher},
  year =         2023
}

@inproceedings{khan2023art,
  address =      {Kigali, Rwanda},
  author =       {Khan, Mohammad Aflah and Yadav, Neemesh and Jain,
                  Mohit and Goyal, Sanyam},
  booktitle =    {11th International Conference on Learning
                  Representations (ICLR)},
  editor =       {Maughan, Krystal and Liu, Rosanne and Burns, Thomas
                  F.},
  month =        {May},
  note =         {\url{https://openreview.net/forum?id=1yXbt6_o6av}},
  openalex =     {W4382536522},
  publisher =    {OpenReview.net},
  series =       {The First Tiny Papers Track},
  title =        {The Art of Embedding Fusion: Optimizing Hate Speech
                  Detection},
  year =         2023
}

@inproceedings{khan2023performance,
  address =      {Kigali, Rwanda},
  author =       {Khan, Taimoor and Aslan, Haci Ismail and Choi,
                  Chang},
  booktitle =    {11th International Conference on Learning
                  Representations (ICLR)},
  editor =       {Maughan, Krystal and Liu, Rosanne and Burns, Thomas
                  F.},
  month =        {May},
  note =         {\url{https://openreview.net/forum?id=A-E41oZCfrf}},
  publisher =    {OpenReview.net},
  series =       {The First Tiny Papers Track},
  title =        {Performance Evaluation of Enhanced
                  ConvNeXtTiny-based Fire Detection System in
                  Real-world Scenarios},
  year =         2023
}

@inproceedings{kiilu2023pivot,
  address =      {Kigali, Rwanda},
  author =       {Kiilu, Stephen Ngumbi and Reid, Machel},
  booktitle =    {11th International Conference on Learning
                  Representations (ICLR)},
  editor =       {Maughan, Krystal and Liu, Rosanne and Burns, Thomas
                  F.},
  month =        {May},
  note =         {\url{https://openreview.net/forum?id=PaHmtktx86H}},
  publisher =    {OpenReview.net},
  series =       {The First Tiny Papers Track},
  title =        {Pivot Pre-finetuning for Low Resource MT: A Case
                  Study in Kikamba},
  year =         2023
}

@inproceedings{kinsman2023proactive,
  address =      {Kigali, Rwanda},
  author =       {Kinsman, Dawson and Wong, Tian An},
  booktitle =    {11th International Conference on Learning
                  Representations (ICLR)},
  editor =       {Maughan, Krystal and Liu, Rosanne and Burns, Thomas
                  F.},
  month =        {May},
  note =         {\url{https://openreview.net/forum?id=lmcPpHDa0B}},
  publisher =    {OpenReview.net},
  series =       {The First Tiny Papers Track},
  title =        {Proactive Policing as Reinforcement Learning},
  year =         2023
}

@inproceedings{kleissl2023simbaml,
  address =      {Kigali, Rwanda},
  author =       {Kleissl, Maixmilian and Drews, Lukas and Heyder,
                  Benedict B. and Zabbarov, Julian and Iversen, Pascal
                  and Witzke, Simon and Renard, Bernhard Y. and Baum,
                  Katharina},
  booktitle =    {11th International Conference on Learning
                  Representations (ICLR)},
  editor =       {Maughan, Krystal and Liu, Rosanne and Burns, Thomas
                  F.},
  month =        {May},
  note =         {\url{https://openreview.net/forum?id=1wtUadpmVzu}},
  openalex =     {W4364382888},
  publisher =    {OpenReview.net},
  series =       {The First Tiny Papers Track},
  title =        {SimbaML: Connecting Mechanistic Models and Machine
                  Learning with Augmented Data},
  year =         2023
}

@inproceedings{knowles2023neuromodulation,
  address =      {Kigali, Rwanda},
  author =       {Knowles, Kobe and Bensemann, Joshua and
                  Benavides‐Prado, Diana and Yogarajan, Vithya and
                  Witbrock, Michael and Dobbie, Gillian and Chen,
                  Yang},
  booktitle =    {11th International Conference on Learning
                  Representations (ICLR)},
  editor =       {Maughan, Krystal and Liu, Rosanne and Burns, Thomas
                  F.},
  month =        {May},
  note =         {\url{https://openreview.net/forum?id=cYKtDg5JnxV}},
  openalex =     {W4376864956},
  publisher =    {OpenReview.net},
  series =       {The First Tiny Papers Track},
  title =        {Neuromodulation Gated Transformer},
  year =         2023
}

@inproceedings{koloski2023inducing,
  address =      {Kigali, Rwanda},
  author =       {Koloski, Boshko and Pranjic, Marko and Lavrac, Nada
                  and Skrlj, Blaz and Pollak, Senja},
  booktitle =    {11th International Conference on Learning
                  Representations (ICLR)},
  editor =       {Maughan, Krystal and Liu, Rosanne and Burns, Thomas
                  F.},
  month =        {May},
  note =         {\url{https://openreview.net/forum?id=2rp3guEM3A}},
  publisher =    {OpenReview.net},
  series =       {The First Tiny Papers Track},
  title =        {Inducing Document Representations from Graphs: A
                  Blueprint},
  year =         2023
}

@inproceedings{kong2023scalable,
  address =      {Kigali, Rwanda},
  author =       {Kong, Weili and Qi, Lin and Liu, Baisen and Pei,
                  Jiaming},
  booktitle =    {11th International Conference on Learning
                  Representations (ICLR)},
  editor =       {Maughan, Krystal and Liu, Rosanne and Burns, Thomas
                  F.},
  month =        {May},
  note =         {\url{https://openreview.net/forum?id=uwbyW92Sonu}},
  publisher =    {OpenReview.net},
  series =       {The First Tiny Papers Track},
  title =        {A Scalable Self-supervised Learner for Hyperspectral
                  Image Classification},
  year =         2023
}

@inproceedings{koshkin2023unsupervised,
  address =      {Kigali, Rwanda},
  author =       {Koshkin, Roman and Fukai, Tomoki},
  booktitle =    {11th International Conference on Learning
                  Representations (ICLR)},
  editor =       {Maughan, Krystal and Liu, Rosanne and Burns, Thomas
                  F.},
  month =        {May},
  note =         {\url{https://openreview.net/forum?id=Tbzv\_BbjjO8}},
  publisher =    {OpenReview.net},
  series =       {The First Tiny Papers Track},
  title =        {Unsupervised Detection of Cell Assemblies with Graph
                  Neural Networks},
  year =         2023
}

@inproceedings{kumar2023analytical,
  address =      {Kigali, Rwanda},
  author =       {Kumar, Siddharth Krishna},
  booktitle =    {11th International Conference on Learning
                  Representations (ICLR)},
  editor =       {Maughan, Krystal and Liu, Rosanne and Burns, Thomas
                  F.},
  month =        {May},
  note =         {\url{https://openreview.net/forum?id=g6ZFp73_T7}},
  publisher =    {OpenReview.net},
  series =       {The First Tiny Papers Track},
  title =        {Analytical solutions for a family of single layer
                  neural network regression problems},
  year =         2023
}

@inproceedings{kumar2023resourceefficient,
  address =      {Kigali, Rwanda},
  author =       {Kumar, Dharshan Sampath and Jeevan, Pranav and
                  Sethi, Amit},
  booktitle =    {11th International Conference on Learning
                  Representations (ICLR)},
  editor =       {Maughan, Krystal and Liu, Rosanne and Burns, Thomas
                  F.},
  month =        {May},
  note =         {\url{https://openreview.net/forum?id=OJILbuOodvm}},
  publisher =    {OpenReview.net},
  series =       {The First Tiny Papers Track},
  title =        {Resource-efficient image inpainting},
  year =         2023
}

@inproceedings{kuriyal2023pgs,
  address =      {Kigali, Rwanda},
  author =       {Kuriyal, Abhishek and Kumar, Vaibhav},
  booktitle =    {11th International Conference on Learning
                  Representations (ICLR)},
  editor =       {Maughan, Krystal and Liu, Rosanne and Burns, Thomas
                  F.},
  month =        {May},
  note =         {\url{https://openreview.net/forum?id=8kX0btdpAU5}},
  publisher =    {OpenReview.net},
  series =       {The First Tiny Papers Track},
  title =        {pGS-CAM: Interpretable LiDAR Point Cloud Semantic
                  Segmentation via Gradient Based Localization},
  year =         2023
}

@inproceedings{lakshmanan2023learning,
  address =      {Kigali, Rwanda},
  author =       {Lakshmanan, Sidharth and Leung, Philip J. Y. and
                  Nivala, Jeffrey},
  booktitle =    {11th International Conference on Learning
                  Representations (ICLR)},
  editor =       {Maughan, Krystal and Liu, Rosanne and Burns, Thomas
                  F.},
  month =        {May},
  note =         {\url{https://openreview.net/forum?id=2M8dEAJcG5}},
  publisher =    {OpenReview.net},
  series =       {The First Tiny Papers Track},
  title =        {Learning Lightweight Structure-Aware Embeddings for
                  Protein Sequences},
  year =         2023
}

@inproceedings{lan2023revisiting,
  address =      {Kigali, Rwanda},
  author =       {Lan, Charline Le and Agarwal, Rishabh},
  booktitle =    {11th International Conference on Learning
                  Representations (ICLR)},
  editor =       {Maughan, Krystal and Liu, Rosanne and Burns, Thomas
                  F.},
  month =        {May},
  note =         {\url{https://openreview.net/forum?id=lkWvTn2IzA}},
  publisher =    {OpenReview.net},
  series =       {The First Tiny Papers Track},
  title =        {Revisiting Bisimulation: A Sampling-Based State
                  Similarity Pseudo-Metric},
  year =         2023
}

@inproceedings{lei2023on,
  address =      {Kigali, Rwanda},
  author =       {Lei, Eric and Hassani, Hamed and Bidokhti, Shirin
                  Saeedi},
  booktitle =    {11th International Conference on Learning
                  Representations (ICLR)},
  editor =       {Maughan, Krystal and Liu, Rosanne and Burns, Thomas
                  F.},
  month =        {May},
  note =         {\url{https://openreview.net/forum?id=1F8pPnUinbU}},
  openalex =     {W4383176009},
  publisher =    {OpenReview.net},
  series =       {The First Tiny Papers Track},
  title =        {On a Relation Between the Rate-Distortion Function
                  and Optimal Transport},
  year =         2023
}

@inproceedings{li2023efficient,
  address =      {Kigali, Rwanda},
  author =       {Li, Pengzhi and Li, Zhiheng},
  booktitle =    {11th International Conference on Learning
                  Representations (ICLR)},
  editor =       {Maughan, Krystal and Liu, Rosanne and Burns, Thomas
                  F.},
  month =        {May},
  note =         {\url{https://openreview.net/forum?id=nazr0QFvHR}},
  publisher =    {OpenReview.net},
  series =       {The First Tiny Papers Track},
  title =        {Efficient Temporal Denoising for Improved Depth Map
                  Applications},
  year =         2023
}

@inproceedings{li2023gflownets,
  address =      {Kigali, Rwanda},
  author =       {Li, Yinchuan and Luo, Shuang and Shao, Yunfeng and
                  Hao, Jianye},
  booktitle =    {11th International Conference on Learning
                  Representations (ICLR)},
  editor =       {Maughan, Krystal and Liu, Rosanne and Burns, Thomas
                  F.},
  month =        {May},
  note =         {\url{https://openreview.net/forum?id=2KxH_4US0ZH}},
  openalex =     {W4376632301},
  publisher =    {OpenReview.net},
  series =       {The First Tiny Papers Track},
  title =        {GFlowNets with Human Feedback},
  year =         2023
}

@inproceedings{li2023messagepassing,
  address =      {Kigali, Rwanda},
  author =       {Li, Wenda and Chen, Kaixuan and Liu, Shunyu and
                  Huang, Wenjie and Zhang, Haofei and Tian, Yingjie
                  and Su, Yun and Song, Mingli},
  booktitle =    {11th International Conference on Learning
                  Representations (ICLR)},
  editor =       {Maughan, Krystal and Liu, Rosanne and Burns, Thomas
                  F.},
  month =        {May},
  note =         {\url{https://openreview.net/forum?id=99Go96dla5y}},
  openalex =     {W4379538790},
  publisher =    {OpenReview.net},
  series =       {The First Tiny Papers Track},
  title =        {Message-passing selection: Towards interpretable
                  GNNs for graph classification},
  year =         2023
}

@inproceedings{li2023mitigating,
  address =      {Kigali, Rwanda},
  author =       {Li, Yueying and Zha, Daochen and Zhang, Tianjun and
                  Suh, G. Edward and Delimitrou, Christina and Yan,
                  Francis Y.},
  booktitle =    {11th International Conference on Learning
                  Representations (ICLR)},
  editor =       {Maughan, Krystal and Liu, Rosanne and Burns, Thomas
                  F.},
  month =        {May},
  note =         {\url{https://openreview.net/forum?id=zYF6NLJl6LM}},
  publisher =    {OpenReview.net},
  series =       {The First Tiny Papers Track},
  title =        {Mitigating Metastable Failures in Distributed
                  Systems with Offline Reinforcement Learning},
  year =         2023
}

@inproceedings{liao2023concept,
  address =      {Kigali, Rwanda},
  author =       {Liao, Jiayi and Chen, Xu and Du, Lun},
  booktitle =    {11th International Conference on Learning
                  Representations (ICLR)},
  editor =       {Maughan, Krystal and Liu, Rosanne and Burns, Thomas
                  F.},
  month =        {May},
  note =         {\url{https://openreview.net/forum?id=losgEaOWIL7}},
  publisher =    {OpenReview.net},
  series =       {The First Tiny Papers Track},
  title =        {Concept Understanding in Large Language Models: An
                  Empirical Study},
  year =         2023
}

@inproceedings{lica2023sleep,
  address =      {Kigali, Rwanda},
  author =       {Lică, Mircea-Tudor and Dinucu-Jianu, David},
  booktitle =    {11th International Conference on Learning
                  Representations (ICLR)},
  editor =       {Maughan, Krystal and Liu, Rosanne and Burns, Thomas
                  F.},
  month =        {May},
  note =         {\url{https://openreview.net/forum?id=q_lJooPbX_}},
  openalex =     {W4388092693},
  publisher =    {OpenReview.net},
  series =       {The First Tiny Papers Track},
  title =        {Sleep Deprivation in the Forward-Forward Algorithm},
  year =         2023
}

@inproceedings{lin2023pay,
  address =      {Kigali, Rwanda},
  author =       {Lin, ChungYi and Tung, Shen-Lung and Hsu, Winston
                  H.},
  booktitle =    {11th International Conference on Learning
                  Representations (ICLR)},
  editor =       {Maughan, Krystal and Liu, Rosanne and Burns, Thomas
                  F.},
  month =        {May},
  note =         {\url{https://openreview.net/forum?id=IkHVGw\_Ipu}},
  publisher =    {OpenReview.net},
  series =       {The First Tiny Papers Track},
  title =        {Pay Attention to Multi-Channel for Improving Graph
                  Neural Networks},
  year =         2023
}

@inproceedings{liu2023fusing,
  address =      {Kigali, Rwanda},
  author =       {Liu, Baisen and Liu, Yuanjia and Zhang, Wulin and
                  Tian, Yiran},
  booktitle =    {11th International Conference on Learning
                  Representations (ICLR)},
  editor =       {Maughan, Krystal and Liu, Rosanne and Burns, Thomas
                  F.},
  month =        {May},
  note =         {\url{https://openreview.net/forum?id=Jx44OPxLZ2-}},
  publisher =    {OpenReview.net},
  series =       {The First Tiny Papers Track},
  title =        {Fusing 3D-CNN and lightweight Swin Transformer
                  networks for HSI},
  year =         2023
}

@inproceedings{liu2023hierarchical,
  address =      {Kigali, Rwanda},
  author =       {Liu, Xiao and Zhang, Jian and Zhang, Heng and Xue,
                  Fuzhao and You, Yang},
  booktitle =    {11th International Conference on Learning
                  Representations (ICLR)},
  editor =       {Maughan, Krystal and Liu, Rosanne and Burns, Thomas
                  F.},
  month =        {May},
  note =         {\url{https://openreview.net/forum?id=Peb3QdR8zzP}},
  openalex =     {W4367694159},
  publisher =    {OpenReview.net},
  series =       {The First Tiny Papers Track},
  title =        {Hierarchical Dialogue Understanding with Special
                  Tokens and Turn-level Attention},
  year =         2023
}

@inproceedings{liu2023symbolic,
  address =      {Kigali, Rwanda},
  author =       {Liu, Jiacheng and Guo, Siqi},
  booktitle =    {11th International Conference on Learning
                  Representations (ICLR)},
  editor =       {Maughan, Krystal and Liu, Rosanne and Burns, Thomas
                  F.},
  month =        {May},
  note =         {\url{https://openreview.net/forum?id=RuCQRXk7a7G}},
  publisher =    {OpenReview.net},
  series =       {The First Tiny Papers Track},
  title =        {Symbolic Regression in Financial Economics},
  year =         2023
}

@inproceedings{liu2023will,
  address =      {Kigali, Rwanda},
  author =       {Liu, Wenxuan and Wang, Lukun and Pei, Jiaming},
  booktitle =    {11th International Conference on Learning
                  Representations (ICLR)},
  editor =       {Maughan, Krystal and Liu, Rosanne and Burns, Thomas
                  F.},
  month =        {May},
  note =         {\url{https://openreview.net/forum?id=iCqvQSvar5V}},
  publisher =    {OpenReview.net},
  series =       {The First Tiny Papers Track},
  title =        {When will federated learning transfer from
                  generalization to personalization?},
  year =         2023
}

@inproceedings{lyu2023state,
  address =      {Kigali, Rwanda},
  author =       {Lyu, Jiafei and Gong, Aicheng and Wan, Le and Lu,
                  Zongqing and Li, Xiu},
  booktitle =    {11th International Conference on Learning
                  Representations (ICLR)},
  editor =       {Maughan, Krystal and Liu, Rosanne and Burns, Thomas
                  F.},
  month =        {May},
  note =         {\url{https://openreview.net/forum?id=PjypHLTo29v}},
  openalex =     {W4304701438},
  publisher =    {OpenReview.net},
  series =       {The First Tiny Papers Track},
  title =        {State Advantage Weighting for Offline RL},
  year =         2023
}

@inproceedings{m2023contrastive,
  address =      {Kigali, Rwanda},
  author =       {M, Stephen and Piao, Scott and Rahmani, Hossein},
  booktitle =    {11th International Conference on Learning
                  Representations (ICLR)},
  editor =       {Maughan, Krystal and Liu, Rosanne and Burns, Thomas
                  F.},
  month =        {May},
  note =         {\url{https://openreview.net/forum?id=ZTp85mW5nFy}},
  publisher =    {OpenReview.net},
  series =       {The First Tiny Papers Track},
  title =        {Contrastive Training with more data},
  year =         2023
}

@inproceedings{m2023iterative,
  address =      {Kigali, Rwanda},
  author =       {M, Dejana and ic, and Wiel, and Brendel, and
                  Michaelis, Claudio},
  booktitle =    {11th International Conference on Learning
                  Representations (ICLR)},
  editor =       {Maughan, Krystal and Liu, Rosanne and Burns, Thomas
                  F.},
  month =        {May},
  note =         {\url{https://openreview.net/forum?id=FWohKbMhlo}},
  publisher =    {OpenReview.net},
  series =       {The First Tiny Papers Track},
  title =        {Iterative Weakly Supervised Learning for Novel Class
                  Object Detection},
  year =         2023
}

@inproceedings{ma2023point,
  address =      {Kigali, Rwanda},
  author =       {Ma, Jianfei},
  booktitle =    {11th International Conference on Learning
                  Representations (ICLR)},
  editor =       {Maughan, Krystal and Liu, Rosanne and Burns, Thomas
                  F.},
  month =        {May},
  note =         {\url{https://openreview.net/forum?id=1_PEwKmTepo}},
  openalex =     {W4323076369},
  publisher =    {OpenReview.net},
  series =       {The First Tiny Papers Track},
  title =        {The Point to Which Soft Actor-Critic Converges},
  year =         2023
}

@inproceedings{ma2023prompt,
  address =      {Kigali, Rwanda},
  author =       {Ma, Chenkai},
  booktitle =    {11th International Conference on Learning
                  Representations (ICLR)},
  editor =       {Maughan, Krystal and Liu, Rosanne and Burns, Thomas
                  F.},
  month =        {May},
  note =         {\url{https://openreview.net/forum?id=3EfxJTp_-Cj}},
  openalex =     {W4366197967},
  publisher =    {OpenReview.net},
  series =       {The First Tiny Papers Track},
  title =        {Prompt Engineering and Calibration for Zero-Shot
                  Commonsense Reasoning},
  year =         2023
}

@inproceedings{madani2023answering,
  address =      {Kigali, Rwanda},
  author =       {Madani, Navid and Joseph, Kenneth},
  booktitle =    {11th International Conference on Learning
                  Representations (ICLR)},
  editor =       {Maughan, Krystal and Liu, Rosanne and Burns, Thomas
                  F.},
  month =        {May},
  note =         {\url{https://openreview.net/forum?id=D2lo4toTUTo}},
  publisher =    {OpenReview.net},
  series =       {The First Tiny Papers Track},
  title =        {Answering Questions Over Knowledge Graphs Using
                  Logic Programming Along with Language Models},
  year =         2023
}

@inproceedings{martin2023sustainable,
  address =      {Kigali, Rwanda},
  author =       {Martin, Nicholas William David and Hill, Peter and
                  Tan, Tingsheng and Buet-Golfouse, Francois},
  booktitle =    {11th International Conference on Learning
                  Representations (ICLR)},
  editor =       {Maughan, Krystal and Liu, Rosanne and Burns, Thomas
                  F.},
  month =        {May},
  note =         {\url{https://openreview.net/forum?id=DLwlmWwmJBi}},
  publisher =    {OpenReview.net},
  series =       {The First Tiny Papers Track},
  title =        {Sustainable Resource Management},
  year =         2023
}

@inproceedings{minyard2023evolutionary,
  address =      {Kigali, Rwanda},
  author =       {Minyard, Ender and Kolawole, Steven and Saxena,
                  Nayan},
  booktitle =    {11th International Conference on Learning
                  Representations (ICLR)},
  editor =       {Maughan, Krystal and Liu, Rosanne and Burns, Thomas
                  F.},
  month =        {May},
  note =         {\url{https://openreview.net/forum?id=fcQFbluDTX}},
  publisher =    {OpenReview.net},
  series =       {The First Tiny Papers Track},
  title =        {Evolutionary Federated Learning Using Particle Swarm
                  Optimization},
  year =         2023
}

@inproceedings{mitchell2023ratedistortion,
  address =      {Kigali, Rwanda},
  author =       {Mitchell, Nicole and Balle, Johannes and Charles,
                  Zachary and Konecny, Jakub},
  booktitle =    {11th International Conference on Learning
                  Representations (ICLR)},
  editor =       {Maughan, Krystal and Liu, Rosanne and Burns, Thomas
                  F.},
  month =        {May},
  note =         {\url{https://openreview.net/forum?id=6ry6ibTKOx}},
  publisher =    {OpenReview.net},
  series =       {The First Tiny Papers Track},
  title =        {A Rate-Distortion View on Model Updates},
  year =         2023
}

@inproceedings{mohammed2023artificial,
  address =      {Kigali, Rwanda},
  author =       {Mohammed, Mubarek},
  booktitle =    {11th International Conference on Learning
                  Representations (ICLR)},
  editor =       {Maughan, Krystal and Liu, Rosanne and Burns, Thomas
                  F.},
  month =        {May},
  note =         {\url{https://openreview.net/forum?id=TqkzImZ92t8}},
  publisher =    {OpenReview.net},
  series =       {The First Tiny Papers Track},
  title =        {ARTIFICIAL PSYCHOLOGY},
  year =         2023
}

@inproceedings{mollah2023automated,
  address =      {Kigali, Rwanda},
  author =       {Mollah, Sabbir and Rakib, Mohammed and Mohammed,
                  Nabeel and Wasek, Mashrur and Rabby, AKM Shahariar
                  Azad and Rahman, Fuad},
  booktitle =    {11th International Conference on Learning
                  Representations (ICLR)},
  editor =       {Maughan, Krystal and Liu, Rosanne and Burns, Thomas
                  F.},
  month =        {May},
  note =         {\url{https://openreview.net/forum?id=87oCobKKS6x}},
  publisher =    {OpenReview.net},
  series =       {The First Tiny Papers Track},
  title =        {Automated Mapping of Healthcare Concepts to a
                  Standardized Healthcare Taxonomy},
  year =         2023
}

@inproceedings{morsali2023mlpattention,
  address =      {Kigali, Rwanda},
  author =       {Morsali, Alireza and Heidari, Moein and Heydarian,
                  Samin and Abedini, Tohid},
  booktitle =    {11th International Conference on Learning
                  Representations (ICLR)},
  editor =       {Maughan, Krystal and Liu, Rosanne and Burns, Thomas
                  F.},
  month =        {May},
  note =         {\url{https://openreview.net/forum?id=99XvUeDFYTD}},
  publisher =    {OpenReview.net},
  series =       {The First Tiny Papers Track},
  title =        {MLP-Attention: Improving Transformer Architecture
                  with MLP Attention Weights},
  year =         2023
}

@inproceedings{mostafa2023can,
  address =      {Kigali, Rwanda},
  author =       {Mostafa, Abdalrhman and Bakkar, Nour-Mounira Z. and
                  Abdelhack, Mohamed and El-Yazbi, Ahmed F.},
  booktitle =    {11th International Conference on Learning
                  Representations (ICLR)},
  editor =       {Maughan, Krystal and Liu, Rosanne and Burns, Thomas
                  F.},
  month =        {May},
  note =         {\url{https://openreview.net/forum?id=jbBPBUGk-4}},
  publisher =    {OpenReview.net},
  series =       {The First Tiny Papers Track},
  title =        {Can Arterial Blood Pressure Predict Age? A ConvNet
                  Classification Task},
  year =         2023
}

@inproceedings{mukherjee2023humanmachine,
  address =      {Kigali, Rwanda},
  author =       {Mukherjee, Kushin and Suresh, Siddharth and Rogers,
                  Timothy T.},
  booktitle =    {11th International Conference on Learning
                  Representations (ICLR)},
  editor =       {Maughan, Krystal and Liu, Rosanne and Burns, Thomas
                  F.},
  month =        {May},
  note =         {\url{https://openreview.net/forum?id=K-SVVOIcsP}},
  openalex =     {W4365205276},
  publisher =    {OpenReview.net},
  series =       {The First Tiny Papers Track},
  title =        {Human-machine cooperation for semantic feature
                  listing},
  year =         2023
}

@inproceedings{nam2023almost,
  address =      {Kigali, Rwanda},
  author =       {Nam, Kyunghun and Chung, Jinseok and Lee, Namhoon},
  booktitle =    {11th International Conference on Learning
                  Representations (ICLR)},
  editor =       {Maughan, Krystal and Liu, Rosanne and Burns, Thomas
                  F.},
  month =        {May},
  note =         {\url{https://openreview.net/forum?id=IcDTYTI0Nx}},
  publisher =    {OpenReview.net},
  series =       {The First Tiny Papers Track},
  title =        {Almost Sure Last Iterate Convergence of
                  Sharpness-Aware Minimization},
  year =         2023
}

@inproceedings{ngo2023is,
  address =      {Kigali, Rwanda},
  author =       {Ngo, Jerry and Sankaranarayanan, Swami and Isola,
                  Phillip},
  booktitle =    {11th International Conference on Learning
                  Representations (ICLR)},
  editor =       {Maughan, Krystal and Liu, Rosanne and Burns, Thomas
                  F.},
  month =        {May},
  note =         {\url{https://openreview.net/forum?id=YdGkE4Ugg2C}},
  publisher =    {OpenReview.net},
  series =       {The First Tiny Papers Track},
  title =        {Is CLIP Fooled by Optical Illusions?},
  year =         2023
}

@inproceedings{nguyenduy2023adaptivesaturated,
  address =      {Kigali, Rwanda},
  author =       {Nguyen-Duy, Khoi Minh and Pham, Minh Quang and
                  Nguyen, Binh T.},
  booktitle =    {11th International Conference on Learning
                  Representations (ICLR)},
  editor =       {Maughan, Krystal and Liu, Rosanne and Burns, Thomas
                  F.},
  month =        {May},
  note =         {\url{https://openreview.net/forum?id=Ihzsru2bw2}},
  openalex =     {W4366999936},
  publisher =    {OpenReview.net},
  series =       {The First Tiny Papers Track},
  title =        {Adaptive-saturated RNN: Remember more with less
                  instability},
  year =         2023
}

@inproceedings{ob2023small,
  address =      {Kigali, Rwanda},
  author =       {Ob, Johan Samir and o-Ceron, and Bellemare, Marc
                  G. and Castro, Pablo Samuel},
  booktitle =    {11th International Conference on Learning
                  Representations (ICLR)},
  editor =       {Maughan, Krystal and Liu, Rosanne and Burns, Thomas
                  F.},
  month =        {May},
  note =         {\url{https://openreview.net/forum?id=G0heahVv5Y}},
  publisher =    {OpenReview.net},
  series =       {The First Tiny Papers Track},
  title =        {The Small Batch Size Anomaly in Multistep Deep
                  Reinforcement Learning},
  year =         2023
}

@inproceedings{oncescu2023generalised,
  address =      {Kigali, Rwanda},
  author =       {Oncescu, Costin-Andrei and Valmadre, Jack and
                  Henriques, João F.},
  booktitle =    {11th International Conference on Learning
                  Representations (ICLR)},
  editor =       {Maughan, Krystal and Liu, Rosanne and Burns, Thomas
                  F.},
  month =        {May},
  note =         {\url{https://openreview.net/forum?id=uNrSvEr9Lqc}},
  publisher =    {OpenReview.net},
  series =       {The First Tiny Papers Track},
  title =        {Generalised Lookahead Optimiser},
  year =         2023
}

@inproceedings{osman2023machine,
  address =      {Kigali, Rwanda},
  author =       {Osman, Asim Awad and Almahady, Ahmed Emadeldin and
                  Saeed, Muhammed and Sayed, Hiba Hassan},
  booktitle =    {11th International Conference on Learning
                  Representations (ICLR)},
  editor =       {Maughan, Krystal and Liu, Rosanne and Burns, Thomas
                  F.},
  month =        {May},
  note =         {\url{https://openreview.net/forum?id=aVepdnlRb5}},
  publisher =    {OpenReview.net},
  series =       {The First Tiny Papers Track},
  title =        {MACHINE TRANSLATION BASELINES FOR ARABIC - SWAHILI},
  year =         2023
}

@inproceedings{p2023an,
  address =      {Kigali, Rwanda},
  author =       {P, Arkapal and Basu, Tanmay and Kumar, Vaibhav},
  booktitle =    {11th International Conference on Learning
                  Representations (ICLR)},
  editor =       {Maughan, Krystal and Liu, Rosanne and Burns, Thomas
                  F.},
  month =        {May},
  note =         {\url{https://openreview.net/forum?id=WkDqZD3VRo}},
  publisher =    {OpenReview.net},
  series =       {The First Tiny Papers Track},
  title =        {AN ENSEMBLE LEARNING FRAMEWORK FOR VISIBILITY
                  PREDICTION IN INDO-GANGETIC REGION},
  year =         2023
}

@inproceedings{pahwa2023dynamic,
  address =      {Kigali, Rwanda},
  author =       {Pahwa, Parth and Thakur, Kabir and Buet-Golfouse,
                  Francois},
  booktitle =    {11th International Conference on Learning
                  Representations (ICLR)},
  editor =       {Maughan, Krystal and Liu, Rosanne and Burns, Thomas
                  F.},
  month =        {May},
  note =         {\url{https://openreview.net/forum?id=Muwb2KohnX}},
  publisher =    {OpenReview.net},
  series =       {The First Tiny Papers Track},
  title =        {Dynamic Human AI Collaboration},
  year =         2023
}

@inproceedings{palaev2023exploring,
  address =      {Kigali, Rwanda},
  author =       {Palaev, Andrey and Lukmanov, Rustam and Khan, Adil},
  booktitle =    {11th International Conference on Learning
                  Representations (ICLR)},
  editor =       {Maughan, Krystal and Liu, Rosanne and Burns, Thomas
                  F.},
  month =        {May},
  note =         {\url{https://openreview.net/forum?id=2Z-dQTRezZ}},
  openalex =     {W4378510294},
  publisher =    {OpenReview.net},
  series =       {The First Tiny Papers Track},
  title =        {Exploring Semantic Variations in GAN Latent Spaces
                  via Matrix Factorization},
  year =         2023
}

@inproceedings{palaniappan2023gevaldi,
  address =      {Kigali, Rwanda},
  author =       {Palaniappan, Vivek and Ashman, Matthew and Collins,
                  Katherine M. and Heo, Juyeon and Weller, Adrian and
                  Bhatt, Umang},
  booktitle =    {11th International Conference on Learning
                  Representations (ICLR)},
  editor =       {Maughan, Krystal and Liu, Rosanne and Burns, Thomas
                  F.},
  month =        {May},
  note =         {\url{https://openreview.net/forum?id=zwywBS3GyFs}},
  publisher =    {OpenReview.net},
  series =       {The First Tiny Papers Track},
  title =        {GeValDi: Generative Validation of Discriminative
                  Models},
  year =         2023
}

@inproceedings{pamint2023using,
  address =      {Kigali, Rwanda},
  author =       {Pamânt, Andrei Florin and Darabant, Sergiu Adrian},
  booktitle =    {11th International Conference on Learning
                  Representations (ICLR)},
  editor =       {Maughan, Krystal and Liu, Rosanne and Burns, Thomas
                  F.},
  month =        {May},
  note =         {\url{https://openreview.net/forum?id=WFatA9XIQ0m}},
  publisher =    {OpenReview.net},
  series =       {The First Tiny Papers Track},
  title =        {Using vision transformer-based GANs against Vision
                  Transformers},
  year =         2023
}

@inproceedings{parikh2023synthetic,
  address =      {Kigali, Rwanda},
  author =       {Parikh, Harsh},
  booktitle =    {11th International Conference on Learning
                  Representations (ICLR)},
  editor =       {Maughan, Krystal and Liu, Rosanne and Burns, Thomas
                  F.},
  month =        {May},
  note =         {\url{https://openreview.net/forum?id=AFLNyWMg4D2}},
  publisher =    {OpenReview.net},
  series =       {The First Tiny Papers Track},
  title =        {Synthetic Controls as Balancing Scores},
  year =         2023
}

@inproceedings{pati2023metalearning,
  address =      {Kigali, Rwanda},
  author =       {Pati, Arnav and Mewada, Deepak and Samanta, Debasis},
  booktitle =    {11th International Conference on Learning
                  Representations (ICLR)},
  editor =       {Maughan, Krystal and Liu, Rosanne and Burns, Thomas
                  F.},
  month =        {May},
  note =         {\url{https://openreview.net/forum?id=7QqlQW9hJ8J}},
  publisher =    {OpenReview.net},
  series =       {The First Tiny Papers Track},
  title =        {Meta-Learning for Subject Adaptation in Low-Data
                  Environments for EEG-Based Motor Imagery
                  Brain-Computer Interfaces},
  year =         2023
}

@inproceedings{pei2023clustered,
  address =      {Kigali, Rwanda},
  author =       {Pei, Jiaming and Li, Wei},
  booktitle =    {11th International Conference on Learning
                  Representations (ICLR)},
  editor =       {Maughan, Krystal and Liu, Rosanne and Burns, Thomas
                  F.},
  month =        {May},
  note =         {\url{https://openreview.net/forum?id=qPwZouq5sY_}},
  publisher =    {OpenReview.net},
  series =       {The First Tiny Papers Track},
  title =        {Clustered Federated Learning with Slightly Skewed
                  Labels},
  year =         2023
}

@inproceedings{phan2023integrating,
  address =      {Kigali, Rwanda},
  author =       {Phan, Hung and Jannesari, Ali},
  booktitle =    {11th International Conference on Learning
                  Representations (ICLR)},
  editor =       {Maughan, Krystal and Liu, Rosanne and Burns, Thomas
                  F.},
  month =        {May},
  note =         {\url{https://openreview.net/forum?id=1WEPXTIjAd}},
  publisher =    {OpenReview.net},
  series =       {The First Tiny Papers Track},
  title =        {Integrating Information from Natural Language Parse
                  Tree to Code Generation},
  year =         2023
}

@inproceedings{phong2023generative,
  address =      {Kigali, Rwanda},
  author =       {Phong, Tran and Lau, Hoong Chuin},
  booktitle =    {11th International Conference on Learning
                  Representations (ICLR)},
  editor =       {Maughan, Krystal and Liu, Rosanne and Burns, Thomas
                  F.},
  month =        {May},
  note =         {\url{https://openreview.net/forum?id=-IH_dcPGWM}},
  publisher =    {OpenReview.net},
  series =       {The First Tiny Papers Track},
  title =        {Generative STResnet for Crime Prediction},
  year =         2023
}

@inproceedings{pierzchlewicz2023optimizing,
  address =      {Kigali, Rwanda},
  author =       {Pierzchlewicz, Pawel A. and Bashiri, Mohammad and
                  Cotton, R. James and Sinz, Fabian H.},
  booktitle =    {11th International Conference on Learning
                  Representations (ICLR)},
  editor =       {Maughan, Krystal and Liu, Rosanne and Burns, Thomas
                  F.},
  month =        {May},
  note =         {\url{https://openreview.net/forum?id=B5riBS9HZGn}},
  publisher =    {OpenReview.net},
  series =       {The First Tiny Papers Track},
  title =        {Optimizing MPJPE promotes miscalibration in
                  multi-hypothesis human pose lifting},
  year =         2023
}

@inproceedings{pradoromero2023revisiting,
  address =      {Kigali, Rwanda},
  author =       {Prado-Romero, Mario Alfonso and Prenkaj, Bardh and
                  Stilo, Giovanni},
  booktitle =    {11th International Conference on Learning
                  Representations (ICLR)},
  editor =       {Maughan, Krystal and Liu, Rosanne and Burns, Thomas
                  F.},
  month =        {May},
  note =         {\url{https://openreview.net/forum?id=d0m0Rl15q3g}},
  publisher =    {OpenReview.net},
  series =       {The First Tiny Papers Track},
  title =        {Revisiting CounteRGAN for Counterfactual
                  Explainability of Graphs},
  year =         2023
}

@inproceedings{prioleau2023feature,
  address =      {Kigali, Rwanda},
  author =       {Prioleau, Howard and Aryal, Saurav Keshari},
  booktitle =    {11th International Conference on Learning
                  Representations (ICLR)},
  editor =       {Maughan, Krystal and Liu, Rosanne and Burns, Thomas
                  F.},
  month =        {May},
  note =         {\url{https://openreview.net/forum?id=GPA-BPLwYHf}},
  publisher =    {OpenReview.net},
  series =       {The First Tiny Papers Track},
  title =        {Feature Importance Analysis for Mini Mental Status
                  Score Prediction in Alzheimer's Disease},
  year =         2023
}

@inproceedings{qi2023dynamic,
  address =      {Kigali, Rwanda},
  author =       {Qi, Qianqian and Bao, Qiming and Peng, Alex Yuxuan
                  and Liu, Jiamou and Witbrock, Michael},
  booktitle =    {11th International Conference on Learning
                  Representations (ICLR)},
  editor =       {Maughan, Krystal and Liu, Rosanne and Burns, Thomas
                  F.},
  month =        {May},
  note =         {\url{https://openreview.net/forum?id=hli7A0ioiS_}},
  publisher =    {OpenReview.net},
  series =       {The First Tiny Papers Track},
  title =        {A Dynamic Prompt-tuning Method for Data Augmentation
                  with Associated Knowledge},
  year =         2023
}

@inproceedings{qi2023lesion,
  address =      {Kigali, Rwanda},
  author =       {Qi, Kristin and Cheng, Jiali and Haehn, Daniel},
  booktitle =    {11th International Conference on Learning
                  Representations (ICLR)},
  editor =       {Maughan, Krystal and Liu, Rosanne and Burns, Thomas
                  F.},
  month =        {May},
  note =         {\url{https://openreview.net/forum?id=c-YTzVUkfAW}},
  openalex =     {W4388890833},
  publisher =    {OpenReview.net},
  series =       {The First Tiny Papers Track},
  title =        {Lesion Search with Self-supervised Learning},
  year =         2023
}

@inproceedings{qiu2023spiking,
  address =      {Kigali, Rwanda},
  author =       {Qiu, Xuerui and Luan, Zheng and Wang, Zhaorui and
                  Zhu, Ruijie},
  booktitle =    {11th International Conference on Learning
                  Representations (ICLR)},
  editor =       {Maughan, Krystal and Liu, Rosanne and Burns, Thomas
                  F.},
  month =        {May},
  note =         {\url{https://openreview.net/forum?id=MuOFB0LQKcy}},
  openalex =     {W4399447776},
  publisher =    {OpenReview.net},
  series =       {The First Tiny Papers Track},
  title =        {When Spiking neural networks meet temporal attention
                  image decoding and adaptive spiking neuron},
  year =         2023
}

@inproceedings{quon2023collaborative,
  address =      {Kigali, Rwanda},
  author =       {Quon, Beverly Abadines and Gaudiot, Jean-Luc},
  booktitle =    {11th International Conference on Learning
                  Representations (ICLR)},
  editor =       {Maughan, Krystal and Liu, Rosanne and Burns, Thomas
                  F.},
  month =        {May},
  note =         {\url{https://openreview.net/forum?id=STpRX-XCO6t}},
  publisher =    {OpenReview.net},
  series =       {The First Tiny Papers Track},
  title =        {COLLABORATIVE CONCEPT DRIFT DETECTION},
  year =         2023
}

@inproceedings{rathore2023is,
  address =      {Kigali, Rwanda},
  author =       {Rathore, Udaybhan and Agarwal, Akshay},
  booktitle =    {11th International Conference on Learning
                  Representations (ICLR)},
  editor =       {Maughan, Krystal and Liu, Rosanne and Burns, Thomas
                  F.},
  month =        {May},
  note =         {\url{https://openreview.net/forum?id=rLqN6XLbON}},
  publisher =    {OpenReview.net},
  series =       {The First Tiny Papers Track},
  title =        {Is DFR for Soft Biometrics Prediction in
                  Unconstrained Images Fair and Effective?},
  year =         2023
}

@inproceedings{ravindran2023tiny,
  address =      {Kigali, Rwanda},
  author =       {Ravindran, Renjith P. and Kavi, Narayana Murthy},
  booktitle =    {11th International Conference on Learning
                  Representations (ICLR)},
  editor =       {Maughan, Krystal and Liu, Rosanne and Burns, Thomas
                  F.},
  month =        {May},
  note =         {\url{https://openreview.net/forum?id=BWWrDHaP29}},
  publisher =    {OpenReview.net},
  series =       {The First Tiny Papers Track},
  title =        {Tiny Attention: A Simple yet Effective Method for
                  Learning Contextual Word Embeddings},
  year =         2023
}

@inproceedings{rodriguez2023figgen,
  address =      {Kigali, Rwanda},
  author =       {Rodríguez, J.A. and Vázquez, David and Laradji,
                  Issam and Pedersoli, Marco and Rodríguez, Pau},
  booktitle =    {11th International Conference on Learning
                  Representations (ICLR)},
  editor =       {Maughan, Krystal and Liu, Rosanne and Burns, Thomas
                  F.},
  month =        {May},
  note =         {\url{https://openreview.net/forum?id=Hx_iTXnCR5}},
  openalex =     {W4379258918},
  publisher =    {OpenReview.net},
  series =       {The First Tiny Papers Track},
  title =        {FigGen: Text to Scientific Figure Generation},
  year =         2023
}

@inproceedings{rowan2023text2face,
  address =      {Kigali, Rwanda},
  author =       {Rowan, Will and Huber, Patrik and Pears, Nick E. and
                  Keeling, Andrew},
  booktitle =    {11th International Conference on Learning
                  Representations (ICLR)},
  editor =       {Maughan, Krystal and Liu, Rosanne and Burns, Thomas
                  F.},
  month =        {May},
  note =         {\url{https://openreview.net/forum?id=7Zyv70nGl_g}},
  publisher =    {OpenReview.net},
  series =       {The First Tiny Papers Track},
  title =        {Text2Face: 3D Morphable Faces From Text},
  year =         2023
}

@inproceedings{ruscio2023attentionlikelihood,
  address =      {Kigali, Rwanda},
  author =       {Ruscio, Valeria and Maiorca, Valentino and
                  Silvestri, Fabrizio},
  booktitle =    {11th International Conference on Learning
                  Representations (ICLR)},
  editor =       {Maughan, Krystal and Liu, Rosanne and Burns, Thomas
                  F.},
  month =        {May},
  note =         {\url{https://openreview.net/forum?id=R82eeIF4rP_}},
  openalex =     {W4327667335},
  publisher =    {OpenReview.net},
  series =       {The First Tiny Papers Track},
  title =        {Attention-likelihood relationship in transformers},
  year =         2023
}

@inproceedings{sabbagh2023repfairgan,
  address =      {Kigali, Rwanda},
  author =       {Kenfack, Patrik Joslin and Sabbagh, Kamil and
                  Rivera, Adıń Ramıŕez and Khan, Adil},
  booktitle =    {11th International Conference on Learning
                  Representations (ICLR)},
  editor =       {Maughan, Krystal and Liu, Rosanne and Burns, Thomas
                  F.},
  month =        {May},
  note =         {\url{https://openreview.net/forum?id=frB4MiYGoD\_}},
  openalex =     {W4286751117},
  publisher =    {OpenReview.net},
  series =       {The First Tiny Papers Track},
  title =        {RepFair-GAN: Mitigating Representation Bias in GANs
                  Using Gradient Clipping},
  year =         2023
}

@inproceedings{saha2023graphex,
  address =      {Kigali, Rwanda},
  author =       {Saha, Sayan and Das, Monidipa and B, Sanghamitra},
  booktitle =    {11th International Conference on Learning
                  Representations (ICLR)},
  editor =       {Maughan, Krystal and Liu, Rosanne and Burns, Thomas
                  F.},
  month =        {May},
  note =         {\url{https://openreview.net/forum?id=CuE1F1M0_yR}},
  publisher =    {OpenReview.net},
  series =       {The First Tiny Papers Track},
  title =        {GraphEx: A User-Centric Model-Level Explainer for
                  Graph Neural Networks},
  year =         2023
}

@inproceedings{saifullah2023seeing,
  address =      {Kigali, Rwanda},
  author =       {Saifullah, Khalid and Wen, Yuxin and Geiping, Jonas
                  and Goldblum, Micah and Goldstein, Tom},
  booktitle =    {11th International Conference on Learning
                  Representations (ICLR)},
  editor =       {Maughan, Krystal and Liu, Rosanne and Burns, Thomas
                  F.},
  month =        {May},
  note =         {\url{https://openreview.net/forum?id=_QreMdMNIz-}},
  openalex =     {W4383175531},
  publisher =    {OpenReview.net},
  series =       {The First Tiny Papers Track},
  title =        {Seeing in Words: Learning to Classify through
                  Language Bottlenecks},
  year =         2023
}

@inproceedings{salemohamed2023hyperbolic,
  address =      {Kigali, Rwanda},
  author =       {Salemohamed, Omar and Cetin, Edoardo and Rajeswar,
                  Sai and Mondal, Arnab Kumar},
  booktitle =    {11th International Conference on Learning
                  Representations (ICLR)},
  editor =       {Maughan, Krystal and Liu, Rosanne and Burns, Thomas
                  F.},
  month =        {May},
  note =         {\url{https://openreview.net/forum?id=Mrz9PgP3sT}},
  publisher =    {OpenReview.net},
  series =       {The First Tiny Papers Track},
  title =        {Hyperbolic Deep Reinforcement Learning for
                  Continuous Control},
  year =         2023
}

@inproceedings{salman2023model,
  address =      {Kigali, Rwanda},
  author =       {Salman, Amro and Saeed, Ayman and Elmadani, Khalid
                  N. and Babiker, Sharief},
  booktitle =    {11th International Conference on Learning
                  Representations (ICLR)},
  editor =       {Maughan, Krystal and Liu, Rosanne and Burns, Thomas
                  F.},
  month =        {May},
  note =         {\url{https://openreview.net/forum?id=njpSzZ6mCU}},
  publisher =    {OpenReview.net},
  series =       {The First Tiny Papers Track},
  title =        {Model Extraction Attacks on DistilBERT},
  year =         2023
}

@inproceedings{sapkota2023metric,
  address =      {Kigali, Rwanda},
  author =       {Sapkota, Suman and Bhattarai, Binod},
  booktitle =    {11th International Conference on Learning
                  Representations (ICLR)},
  editor =       {Maughan, Krystal and Liu, Rosanne and Burns, Thomas
                  F.},
  month =        {May},
  note =         {\url{https://openreview.net/forum?id=fVuTIiTBky}},
  publisher =    {OpenReview.net},
  series =       {The First Tiny Papers Track},
  title =        {Metric Transform: Exploring beyond Affine Transform
                  for Neural Networks},
  year =         2023
}

@inproceedings{sapkota2023zeroshot,
  address =      {Kigali, Rwanda},
  author =       {Sapkota, Hrishav and Aryal, Saurav Keshari and
                  Prioleau, Howard},
  booktitle =    {11th International Conference on Learning
                  Representations (ICLR)},
  editor =       {Maughan, Krystal and Liu, Rosanne and Burns, Thomas
                  F.},
  month =        {May},
  note =         {\url{https://openreview.net/forum?id=-AIukSeLAz9}},
  publisher =    {OpenReview.net},
  series =       {The First Tiny Papers Track},
  title =        {Zero-Shot Classification Reveals Potential Positive
                  Sentiment Bias in African Languages Translations},
  year =         2023
}

@inproceedings{sasikumar2023attention,
  address =      {Kigali, Rwanda},
  author =       {Sasikumar, Nevasini and Mantri, Krishna Sri Ipsit},
  booktitle =    {11th International Conference on Learning
                  Representations (ICLR)},
  editor =       {Maughan, Krystal and Liu, Rosanne and Burns, Thomas
                  F.},
  month =        {May},
  note =         {\url{https://openreview.net/forum?id=j1gj0ndrk1}},
  publisher =    {OpenReview.net},
  series =       {The First Tiny Papers Track},
  title =        {Attention Based Variational Graph Auto-Encoder
                  (AVGAE)},
  year =         2023
}

@inproceedings{seferis2023can,
  address =      {Kigali, Rwanda},
  author =       {Seferis, Emmanouil and Burton, Simon and Cheng,
                  Chih-Hong},
  booktitle =    {11th International Conference on Learning
                  Representations (ICLR)},
  editor =       {Maughan, Krystal and Liu, Rosanne and Burns, Thomas
                  F.},
  month =        {May},
  note =         {\url{https://openreview.net/forum?id=5aO1lsEJGu}},
  publisher =    {OpenReview.net},
  series =       {The First Tiny Papers Track},
  title =        {Can Conformal Prediction Obtain Meaningful Safety
                  Guarantees for ML Models?},
  year =         2023
}

@inproceedings{seferis2023statistical,
  address =      {Kigali, Rwanda},
  author =       {Seferis, Emmanouil and Burton, Simon and Cheng,
                  Chih-Hong},
  booktitle =    {11th International Conference on Learning
                  Representations (ICLR)},
  editor =       {Maughan, Krystal and Liu, Rosanne and Burns, Thomas
                  F.},
  month =        {May},
  note =         {\url{https://openreview.net/forum?id=xmY_plRB15j}},
  publisher =    {OpenReview.net},
  series =       {The First Tiny Papers Track},
  title =        {Statistical Property Testing for Generative Models},
  year =         2023
}

@inproceedings{segev2023personalized,
  address =      {Kigali, Rwanda},
  author =       {Segev, Hilit and Chechik, Gal},
  booktitle =    {11th International Conference on Learning
                  Representations (ICLR)},
  editor =       {Maughan, Krystal and Liu, Rosanne and Burns, Thomas
                  F.},
  month =        {May},
  note =         {\url{https://openreview.net/forum?id=lpcO1957Tv}},
  publisher =    {OpenReview.net},
  series =       {The First Tiny Papers Track},
  title =        {Personalized Federated Learning for Medical
                  Segmentation using Hypernetworks},
  year =         2023
}

@inproceedings{seth2023uncertaintyaware,
  address =      {Kigali, Rwanda},
  author =       {Seth, Pratinav and Agarwal, Mihir},
  booktitle =    {11th International Conference on Learning
                  Representations (ICLR)},
  editor =       {Maughan, Krystal and Liu, Rosanne and Burns, Thomas
                  F.},
  month =        {May},
  note =         {\url{https://openreview.net/forum?id=a9VgV-hywP}},
  publisher =    {OpenReview.net},
  series =       {The First Tiny Papers Track},
  title =        {Uncertainty-Aware Test-Time Augmented Ensemble of
                  BERTs for Classification of Common Mental Illnesses
                  on Social Media Posts},
  year =         2023
}

@inproceedings{shah2023experimenting,
  address =      {Kigali, Rwanda},
  author =       {Shah, Ujjawal and Aryal, Saurav Keshari},
  booktitle =    {11th International Conference on Learning
                  Representations (ICLR)},
  editor =       {Maughan, Krystal and Liu, Rosanne and Burns, Thomas
                  F.},
  month =        {May},
  note =         {\url{https://openreview.net/forum?id=nSqrgBKBGkv}},
  publisher =    {OpenReview.net},
  series =       {The First Tiny Papers Track},
  title =        {Experimenting with Multimodal AutoML: Detection and
                  Evaluation of Alzheimer's Disease},
  year =         2023
}

@inproceedings{shah2023geometry,
  address =      {Kigali, Rwanda},
  author =       {Shah, Cheril and Chandak, Yashashree and Suri,
                  Manan},
  booktitle =    {11th International Conference on Learning
                  Representations (ICLR)},
  editor =       {Maughan, Krystal and Liu, Rosanne and Burns, Thomas
                  F.},
  month =        {May},
  note =         {\url{https://openreview.net/forum?id=dGuMR8tLDs}},
  openalex =     {W4376653275},
  publisher =    {OpenReview.net},
  series =       {The First Tiny Papers Track},
  title =        {The Geometry of Multilingual Language Models: An
                  Equality Lens},
  year =         2023
}

@inproceedings{shekhar2023endtoend,
  address =      {Kigali, Rwanda},
  author =       {Shekhar, Dibyanshu and Nelaturu, Sree Harsha and
                  Shetty, Ashwath and Sucholutsky, Ilia},
  booktitle =    {11th International Conference on Learning
                  Representations (ICLR)},
  editor =       {Maughan, Krystal and Liu, Rosanne and Burns, Thomas
                  F.},
  month =        {May},
  note =         {\url{https://openreview.net/forum?id=EyliiBqhFz}},
  publisher =    {OpenReview.net},
  series =       {The First Tiny Papers Track},
  title =        {End-to-End Learnable Masks With Differentiable
                  Indexing},
  year =         2023
}

@inproceedings{shemiranifar2023l2,
  address =      {Kigali, Rwanda},
  author =       {Shemiranifar, Mani and Dehghani, Mostafa},
  booktitle =    {11th International Conference on Learning
                  Representations (ICLR)},
  editor =       {Maughan, Krystal and Liu, Rosanne and Burns, Thomas
                  F.},
  month =        {May},
  note =         {\url{https://openreview.net/forum?id=qW\_GZYyn7C}},
  publisher =    {OpenReview.net},
  series =       {The First Tiny Papers Track},
  title =        {L2 Norm Guided Adaptive Computation},
  year =         2023
}

@inproceedings{shokry2023learning,
  address =      {Kigali, Rwanda},
  author =       {Shokry, Ahmedeo and Norelli, Antonio},
  booktitle =    {11th International Conference on Learning
                  Representations (ICLR)},
  editor =       {Maughan, Krystal and Liu, Rosanne and Burns, Thomas
                  F.},
  month =        {May},
  note =         {\url{https://openreview.net/forum?id=jbNqgEJf0EI}},
  publisher =    {OpenReview.net},
  series =       {The First Tiny Papers Track},
  title =        {Learning Rotation-Agnostic Representations via Group
                  Equivariant VAEs},
  year =         2023
}

@inproceedings{shumitskaya2023fast,
  address =      {Kigali, Rwanda},
  author =       {Shumitskaya, Ekaterina and Antsiferova, Anastasia
                  and Vatolin, Dmitriy},
  booktitle =    {11th International Conference on Learning
                  Representations (ICLR)},
  editor =       {Maughan, Krystal and Liu, Rosanne and Burns, Thomas
                  F.},
  month =        {May},
  note =         {\url{https://openreview.net/forum?id=xKf-LSD2-Jg}},
  openalex =     {W4378498719},
  publisher =    {OpenReview.net},
  series =       {The First Tiny Papers Track},
  title =        {Fast Adversarial CNN-based Perturbation Attack on
                  No-Reference Image- and Video-Quality Metrics},
  year =         2023
}

@inproceedings{simon2023unsupervised,
  address =      {Kigali, Rwanda},
  author =       {Simon, Kitgak},
  booktitle =    {11th International Conference on Learning
                  Representations (ICLR)},
  editor =       {Maughan, Krystal and Liu, Rosanne and Burns, Thomas
                  F.},
  month =        {May},
  note =         {\url{https://openreview.net/forum?id=WU3veNUvvU}},
  publisher =    {OpenReview.net},
  series =       {The First Tiny Papers Track},
  title =        {Unsupervised Learning for Anomaly Detection: A
                  Comparison of Deep Generative Models},
  year =         2023
}

@inproceedings{sinii2023understanding,
  address =      {Kigali, Rwanda},
  author =       {Sinii, Viacheslav and Rivera, Adín Ramírez and Khan,
                  Adil},
  booktitle =    {11th International Conference on Learning
                  Representations (ICLR)},
  editor =       {Maughan, Krystal and Liu, Rosanne and Burns, Thomas
                  F.},
  month =        {May},
  note =         {\url{https://openreview.net/forum?id=0GpMf9UeI3G}},
  publisher =    {OpenReview.net},
  series =       {The First Tiny Papers Track},
  title =        {Understanding the Effectiveness of Cross-Domain
                  Contrastive Unsupervised Domain Adaptation},
  year =         2023
}

@inproceedings{soucy2023improving,
  address =      {Kigali, Rwanda},
  author =       {Soucy, Nicholas and Sekeh, Salimeh Yasaei},
  booktitle =    {11th International Conference on Learning
                  Representations (ICLR)},
  editor =       {Maughan, Krystal and Liu, Rosanne and Burns, Thomas
                  F.},
  month =        {May},
  note =         {\url{https://openreview.net/forum?id=XHfWgU2IiP}},
  openalex =     {W4308004328},
  publisher =    {OpenReview.net},
  series =       {The First Tiny Papers Track},
  title =        {Improving Hyperspectral Adversarial Robustness Under
                  Multiple Attacks},
  year =         2023
}

@inproceedings{subramanian2023efficient,
  address =      {Kigali, Rwanda},
  author =       {Subramanian, Shreyas and Ganapathiraman, Vignesh and
                  Gamal, Aly El},
  booktitle =    {11th International Conference on Learning
                  Representations (ICLR)},
  editor =       {Maughan, Krystal and Liu, Rosanne and Burns, Thomas
                  F.},
  month =        {May},
  note =         {\url{https://openreview.net/forum?id=AAu_WuIiwi}},
  publisher =    {OpenReview.net},
  series =       {The First Tiny Papers Track},
  title =        {Efficient Learning Rate Schedules for Stochastic
                  Non-negative Matrix Factorization via Reinforcement
                  Learning},
  year =         2023
}

@inproceedings{subramanian2023learned,
  address =      {Kigali, Rwanda},
  author =       {Subramanian, Shreyas and Ganapathiraman, Vignesh and
                  Gamal, Aly El},
  booktitle =    {11th International Conference on Learning
                  Representations (ICLR)},
  editor =       {Maughan, Krystal and Liu, Rosanne and Burns, Thomas
                  F.},
  month =        {May},
  note =         {\url{https://openreview.net/forum?id=0Zhwu1VaOs}},
  publisher =    {OpenReview.net},
  series =       {The First Tiny Papers Track},
  title =        {Learned Learning Rate Schedules for Deep Neural
                  Network Training Using Reinforcement Learning},
  year =         2023
}

@inproceedings{sui2023language,
  address =      {Kigali, Rwanda},
  author =       {Sui, Xiuchao and Li, Shaohua and Yang, Hong and Zhu,
                  Hongyuan and Wu, Yan},
  booktitle =    {11th International Conference on Learning
                  Representations (ICLR)},
  editor =       {Maughan, Krystal and Liu, Rosanne and Burns, Thomas
                  F.},
  month =        {May},
  note =         {\url{https://openreview.net/forum?id=F7mdgA7c2zD}},
  publisher =    {OpenReview.net},
  series =       {The First Tiny Papers Track},
  title =        {Language Models can do Zero-Shot Visual Referring
                  Expression Comprehension},
  year =         2023
}

@inproceedings{sun2023adaptive,
  address =      {Kigali, Rwanda},
  author =       {Sun, Zhongtian and Alex, and Cristea, ra I. and Lio,
                  Pietro and Yu, Jialin},
  booktitle =    {11th International Conference on Learning
                  Representations (ICLR)},
  editor =       {Maughan, Krystal and Liu, Rosanne and Burns, Thomas
                  F.},
  month =        {May},
  note =         {\url{https://openreview.net/forum?id=rAT51tL04I2}},
  publisher =    {OpenReview.net},
  series =       {The First Tiny Papers Track},
  title =        {Adaptive Distance Message Passing From the
                  Multi-Relational Edge View},
  year =         2023
}

@inproceedings{suresh2023semantic,
  address =      {Kigali, Rwanda},
  author =       {Suresh, Siddharth and Mukherjee, Kushin and Rogers,
                  Timothy T.},
  booktitle =    {11th International Conference on Learning
                  Representations (ICLR)},
  editor =       {Maughan, Krystal and Liu, Rosanne and Burns, Thomas
                  F.},
  month =        {May},
  note =         {\url{https://openreview.net/forum?id=_1z2Bqte5L}},
  openalex =     {W4365460912},
  publisher =    {OpenReview.net},
  series =       {The First Tiny Papers Track},
  title =        {Semantic Feature Verification in FLAN-T5},
  year =         2023
}

@inproceedings{syed2023prune,
  address =      {Kigali, Rwanda},
  author =       {Syed, Aaquib and Guo, Phillip Huang and Sundarap,
                  Vijaykaarti and Iyan,},
  booktitle =    {11th International Conference on Learning
                  Representations (ICLR)},
  editor =       {Maughan, Krystal and Liu, Rosanne and Burns, Thomas
                  F.},
  month =        {May},
  note =         {\url{https://openreview.net/forum?id=cKlgcx7nSZ}},
  publisher =    {OpenReview.net},
  series =       {The First Tiny Papers Track},
  title =        {Prune and Tune: Improving Efficient Pruning
                  Techniques for Massive Language Models},
  year =         2023
}

@inproceedings{taghavi2023change,
  address =      {Kigali, Rwanda},
  author =       {Taghavi, Zeinab Sadat and Satvaty, Ali and Sameti,
                  Hossein},
  booktitle =    {11th International Conference on Learning
                  Representations (ICLR)},
  editor =       {Maughan, Krystal and Liu, Rosanne and Burns, Thomas
                  F.},
  month =        {May},
  note =         {\url{https://openreview.net/forum?id=S9NTReFikL2}},
  publisher =    {OpenReview.net},
  series =       {The First Tiny Papers Track},
  title =        {A Change of Heart: Improving Speech Emotion
                  Recognition through Speech-to-Text Modality
                  Conversion},
  year =         2023
}

@inproceedings{tan2023geodesic,
  address =      {Kigali, Rwanda},
  author =       {Tan, Charlie and Long, Theodore and Zhao, Sarah and
                  Laine, Rudolf},
  booktitle =    {11th International Conference on Learning
                  Representations (ICLR)},
  editor =       {Maughan, Krystal and Liu, Rosanne and Burns, Thomas
                  F.},
  month =        {May},
  note =         {\url{https://openreview.net/forum?id=cFtt9fU7YB6}},
  openalex =     {W4386185266},
  publisher =    {OpenReview.net},
  series =       {The First Tiny Papers Track},
  title =        {Geodesic Mode Connectivity},
  year =         2023
}

@inproceedings{tan2023textbased,
  address =      {Kigali, Rwanda},
  author =       {Tan, Qinyue and Kazemi, Ashkan and Mihalcea, Rada},
  booktitle =    {11th International Conference on Learning
                  Representations (ICLR)},
  editor =       {Maughan, Krystal and Liu, Rosanne and Burns, Thomas
                  F.},
  month =        {May},
  note =         {\url{https://openreview.net/forum?id=2g4m5S_knF}},
  publisher =    {OpenReview.net},
  series =       {The First Tiny Papers Track},
  title =        {Text-Based Games as a Challenging Benchmark for
                  Large Language Models},
  year =         2023
}

@inproceedings{tang2023chain,
  address =      {Kigali, Rwanda},
  author =       {Tang, Yuxin},
  booktitle =    {11th International Conference on Learning
                  Representations (ICLR)},
  editor =       {Maughan, Krystal and Liu, Rosanne and Burns, Thomas
                  F.},
  month =        {May},
  note =         {\url{https://openreview.net/forum?id=n5aZMLXVndP}},
  openalex =     {W4379256268},
  publisher =    {OpenReview.net},
  series =       {The First Tiny Papers Track},
  title =        {Chain-Of-Thought Prompting Under Streaming Batch: A
                  Case Study},
  year =         2023
}

@inproceedings{tetelman2023improving,
  address =      {Kigali, Rwanda},
  author =       {Tetelman, Michael},
  booktitle =    {11th International Conference on Learning
                  Representations (ICLR)},
  editor =       {Maughan, Krystal and Liu, Rosanne and Burns, Thomas
                  F.},
  month =        {May},
  note =         {\url{https://openreview.net/forum?id=vHOO1lxggJ}},
  publisher =    {OpenReview.net},
  series =       {The First Tiny Papers Track},
  title =        {Improving Generalization by Loss Modification},
  year =         2023
}

@inproceedings{tewers2023brief,
  address =      {Kigali, Rwanda},
  author =       {Tewers, Micah},
  booktitle =    {11th International Conference on Learning
                  Representations (ICLR)},
  editor =       {Maughan, Krystal and Liu, Rosanne and Burns, Thomas
                  F.},
  month =        {May},
  note =         {\url{https://openreview.net/forum?id=qqKO_rrg9y}},
  publisher =    {OpenReview.net},
  series =       {The First Tiny Papers Track},
  title =        {A Brief History of the Speculative Measures for
                  Autonomy},
  year =         2023
}

@inproceedings{thakral2023selfsupervised,
  address =      {Kigali, Rwanda},
  author =       {Thakral, Kartik and Mittal, Surbhi and Uppal,
                  Utkarsh and Giddwani, Bharat and Vatsa, Mayank and
                  Singh, Richa},
  booktitle =    {11th International Conference on Learning
                  Representations (ICLR)},
  editor =       {Maughan, Krystal and Liu, Rosanne and Burns, Thomas
                  F.},
  month =        {May},
  note =         {\url{https://openreview.net/forum?id=udl9OobOxZu}},
  publisher =    {OpenReview.net},
  series =       {The First Tiny Papers Track},
  title =        {Self-Supervised Continual Learning},
  year =         2023
}

@inproceedings{thior2023tractable,
  address =      {Kigali, Rwanda},
  author =       {Thior, Fadel and B, Rose and Olo and Remy, Sekou},
  booktitle =    {11th International Conference on Learning
                  Representations (ICLR)},
  editor =       {Maughan, Krystal and Liu, Rosanne and Burns, Thomas
                  F.},
  month =        {May},
  note =         {\url{https://openreview.net/forum?id=AXxBPw5zdl4}},
  publisher =    {OpenReview.net},
  series =       {The First Tiny Papers Track},
  title =        {Tractable Large Scale Calibration with RL},
  year =         2023
}

@inproceedings{tian2023learn,
  address =      {Kigali, Rwanda},
  author =       {Tian, Chunlin and Shi, Zhan and Li, Li},
  booktitle =    {11th International Conference on Learning
                  Representations (ICLR)},
  editor =       {Maughan, Krystal and Liu, Rosanne and Burns, Thomas
                  F.},
  month =        {May},
  note =         {\url{https://openreview.net/forum?id=wecTsVkrjit}},
  publisher =    {OpenReview.net},
  series =       {The First Tiny Papers Track},
  title =        {Learn to Select: Efficient Cross-device Federated
                  Learning via Reinforcement Learning},
  year =         2023
}

@inproceedings{utyagulov2023fairness,
  address =      {Kigali, Rwanda},
  author =       {Utyagulov, Islam and Buet-Golfouse, Francois and
                  Hill, Peter},
  booktitle =    {11th International Conference on Learning
                  Representations (ICLR)},
  editor =       {Maughan, Krystal and Liu, Rosanne and Burns, Thomas
                  F.},
  month =        {May},
  note =         {\url{https://openreview.net/forum?id=if1Mmrxf-pq}},
  publisher =    {OpenReview.net},
  series =       {The First Tiny Papers Track},
  title =        {Fairness Under Partial Observability},
  year =         2023
}

@inproceedings{vlasov2023ai,
  address =      {Kigali, Rwanda},
  author =       {Vlasov, Andrey V. and Petraikin, Alexei V.},
  booktitle =    {11th International Conference on Learning
                  Representations (ICLR)},
  editor =       {Maughan, Krystal and Liu, Rosanne and Burns, Thomas
                  F.},
  month =        {May},
  note =         {\url{https://openreview.net/forum?id=QRKKFN7FLm}},
  publisher =    {OpenReview.net},
  series =       {The First Tiny Papers Track},
  title =        {AI-based opportunistic analysis of the CT images
                  during COVID (2021): Does living in a metropolitan
                  area affect the vertebral body mineral density in
                  older people?},
  year =         2023
}

@inproceedings{wagner2023maskedfusion360,
  address =      {Kigali, Rwanda},
  author =       {Wagner, Royden and Klemp, Marvin and Lopez, Carlos
                  Fernandez},
  booktitle =    {11th International Conference on Learning
                  Representations (ICLR)},
  editor =       {Maughan, Krystal and Liu, Rosanne and Burns, Thomas
                  F.},
  month =        {May},
  note =         {\url{https://openreview.net/forum?id=mIEMVZ47aNA}},
  openalex =     {W4380558779},
  publisher =    {OpenReview.net},
  series =       {The First Tiny Papers Track},
  title =        {MaskedFusion360: Reconstruct LiDAR Data by Querying
                  Camera Features},
  year =         2023
}

@inproceedings{wang2023handling,
  address =      {Kigali, Rwanda},
  author =       {Wang, Thomas X. and Gallinari, Patrick},
  booktitle =    {11th International Conference on Learning
                  Representations (ICLR)},
  editor =       {Maughan, Krystal and Liu, Rosanne and Burns, Thomas
                  F.},
  month =        {May},
  note =         {\url{https://openreview.net/forum?id=e2gSQqH3V10}},
  publisher =    {OpenReview.net},
  series =       {The First Tiny Papers Track},
  title =        {Handling unstructured data for operator learning
                  using implicit neural representations},
  year =         2023
}

@inproceedings{wang2023regularized,
  address =      {Kigali, Rwanda},
  author =       {Wang, Haozhi and Shao, Yunfeng and Hao, Jianye and
                  Li, Yinchuan},
  booktitle =    {11th International Conference on Learning
                  Representations (ICLR)},
  editor =       {Maughan, Krystal and Liu, Rosanne and Burns, Thomas
                  F.},
  month =        {May},
  note =         {\url{https://openreview.net/forum?id=kbhUUAMZmQT}},
  publisher =    {OpenReview.net},
  series =       {The First Tiny Papers Track},
  title =        {Regularized Offline GFlowNets},
  year =         2023
}

@inproceedings{weerasooriya2023offensiveness,
  address =      {Kigali, Rwanda},
  author =       {Weerasooriya, Tharindu Cyril and Luger, Sarah and
                  Liang, Yu and Homan, Christopher M.},
  booktitle =    {11th International Conference on Learning
                  Representations (ICLR)},
  editor =       {Maughan, Krystal and Liu, Rosanne and Burns, Thomas
                  F.},
  month =        {May},
  note =         {\url{https://openreview.net/forum?id=DoOiwBcRir3}},
  publisher =    {OpenReview.net},
  series =       {The First Tiny Papers Track},
  title =        {Offensiveness as an Opinion: Dissecting
                  population-level Label Distributions},
  year =         2023
}

@inproceedings{wei2023drowning,
  address =      {Kigali, Rwanda},
  author =       {Wei, En and Ren, Simiao},
  booktitle =    {11th International Conference on Learning
                  Representations (ICLR)},
  editor =       {Maughan, Krystal and Liu, Rosanne and Burns, Thomas
                  F.},
  month =        {May},
  note =         {\url{https://openreview.net/forum?id=osqgjMNm4\_}},
  publisher =    {OpenReview.net},
  series =       {The First Tiny Papers Track},
  title =        {Drowning Detection based on YOLOv8 improved by
                  GP-GAN Augmentation},
  year =         2023
}

@inproceedings{wu2023large,
  address =      {Kigali, Rwanda},
  author =       {Wu, Cheng-Kuang and Chen, Weilin and Chen, Hsin‐Hsi},
  booktitle =    {11th International Conference on Learning
                  Representations (ICLR)},
  editor =       {Maughan, Krystal and Liu, Rosanne and Burns, Thomas
                  F.},
  month =        {May},
  note =         {\url{https://openreview.net/forum?id=N0lQfjeNWOE}},
  openalex =     {W4384807774},
  publisher =    {OpenReview.net},
  series =       {The First Tiny Papers Track},
  title =        {Large Language Models Perform Diagnostic Reasoning},
  year =         2023
}

@inproceedings{xiao2023can,
  address =      {Kigali, Rwanda},
  author =       {Xiao, Chenghao and Ye, Zihuiwen and Hudson,
                  G. Thomas and Sun, Zhongtian and Blunsom, Phil and
                  Moubayed, Noura Al},
  booktitle =    {11th International Conference on Learning
                  Representations (ICLR)},
  editor =       {Maughan, Krystal and Liu, Rosanne and Burns, Thomas
                  F.},
  month =        {May},
  note =         {\url{https://openreview.net/forum?id=KPHbtTtCDw}},
  publisher =    {OpenReview.net},
  series =       {The First Tiny Papers Track},
  title =        {Can Text Encoders be Deceived by Length Attack?},
  year =         2023
}

@inproceedings{xu2023one,
  address =      {Kigali, Rwanda},
  author =       {Xu, Yichu and Li, Wenqian and Li, Yinchuan and Shao,
                  Yunfeng and Pang, Yan and Zhan, De-Chuan},
  booktitle =    {11th International Conference on Learning
                  Representations (ICLR)},
  editor =       {Maughan, Krystal and Liu, Rosanne and Burns, Thomas
                  F.},
  month =        {May},
  note =         {\url{https://openreview.net/forum?id=qq-bA-VLUN}},
  publisher =    {OpenReview.net},
  series =       {The First Tiny Papers Track},
  title =        {One Important Thing To Do Before Federated Training},
  year =         2023
}

@inproceedings{xue2023accuracy,
  address =      {Kigali, Rwanda},
  author =       {Xue, Yunzhe and Roshan, Usman},
  booktitle =    {11th International Conference on Learning
                  Representations (ICLR)},
  editor =       {Maughan, Krystal and Liu, Rosanne and Burns, Thomas
                  F.},
  month =        {May},
  note =         {\url{https://openreview.net/forum?id=QimsmhYvsf}},
  publisher =    {OpenReview.net},
  series =       {The First Tiny Papers Track},
  title =        {Accuracy of white box and black box adversarial
                  attacks on a sign activation 01 loss neural network
                  ensemble},
  year =         2023
}

@inproceedings{xue2023one,
  address =      {Kigali, Rwanda},
  author =       {Xue, Fuzhao and He, Xiaoxin and Ren, Xiaozhe and
                  Lou, Yuxuan and You, Yang},
  booktitle =    {11th International Conference on Learning
                  Representations (ICLR)},
  editor =       {Maughan, Krystal and Liu, Rosanne and Burns, Thomas
                  F.},
  month =        {May},
  note =         {\url{https://openreview.net/forum?id=1PW\_txDkX7}},
  openalex =     {W4221156865},
  publisher =    {OpenReview.net},
  series =       {The First Tiny Papers Track},
  title =        {One Student Knows All Experts Know: From Sparse to
                  Dense},
  year =         2023
}

@inproceedings{yadav2023beyond,
  address =      {Kigali, Rwanda},
  author =       {Yadav, Neemesh and Khan, Mohammad Aflah and Sethi,
                  Diksha and Sahni, Raghav},
  booktitle =    {11th International Conference on Learning
                  Representations (ICLR)},
  editor =       {Maughan, Krystal and Liu, Rosanne and Burns, Thomas
                  F.},
  month =        {May},
  note =         {\url{https://openreview.net/forum?id=eaKoBpxCPe}},
  publisher =    {OpenReview.net},
  series =       {The First Tiny Papers Track},
  title =        {Beyond Negativity: Re-Analysis and Follow-Up
                  Experiments on Hope Speech Detection},
  year =         2023
}

@inproceedings{yaghoubnejad2023exploring,
  address =      {Kigali, Rwanda},
  author =       {YaghoubNejad, Seyed Ali and Manzuri, Mohammad Taghi},
  booktitle =    {11th International Conference on Learning
                  Representations (ICLR)},
  editor =       {Maughan, Krystal and Liu, Rosanne and Burns, Thomas
                  F.},
  month =        {May},
  note =         {\url{https://openreview.net/forum?id=TFrzVBZk05g}},
  publisher =    {OpenReview.net},
  series =       {The First Tiny Papers Track},
  title =        {Exploring Efficient and Simple Initialization
                  Strategies for Bayesian Optimization with SETUP-BO},
  year =         2023
}

@inproceedings{yang2023statistical,
  address =      {Kigali, Rwanda},
  author =       {Yang, Xuan and Smart, Andrew and Theron, Daniel},
  booktitle =    {11th International Conference on Learning
                  Representations (ICLR)},
  editor =       {Maughan, Krystal and Liu, Rosanne and Burns, Thomas
                  F.},
  month =        {May},
  note =         {\url{https://openreview.net/forum?id=GSlYBJ3aOpC}},
  publisher =    {OpenReview.net},
  series =       {The First Tiny Papers Track},
  title =        {Statistical Methods for Auditing the Quality of
                  Manual Content Reviews},
  year =         2023
}

@inproceedings{yang2023towards,
  address =      {Kigali, Rwanda},
  author =       {Yang, Xingyi},
  booktitle =    {11th International Conference on Learning
                  Representations (ICLR)},
  editor =       {Maughan, Krystal and Liu, Rosanne and Burns, Thomas
                  F.},
  month =        {May},
  note =         {\url{https://openreview.net/forum?id=0sxmoci9Ma}},
  publisher =    {OpenReview.net},
  series =       {The First Tiny Papers Track},
  title =        {Towards Stochastic Gradient Variance Reduction by
                  Solving a Filtering Problem},
  year =         2023
}

@inproceedings{yao2023heat,
  address =      {Kigali, Rwanda},
  author =       {Yao, Yao and Li, Zuchao and Zhao, Hai},
  booktitle =    {11th International Conference on Learning
                  Representations (ICLR)},
  editor =       {Maughan, Krystal and Liu, Rosanne and Burns, Thomas
                  F.},
  month =        {May},
  note =         {\url{https://openreview.net/forum?id=wFxjFCHUkS}},
  publisher =    {OpenReview.net},
  series =       {The First Tiny Papers Track},
  title =        {Heat Up The Sentiment Learning With ICE},
  year =         2023
}

@inproceedings{yogarajan2023effectiveness,
  address =      {Kigali, Rwanda},
  author =       {Yogarajan, Vithya and Dobbie, Gillian and Gouk,
                  Henry},
  booktitle =    {11th International Conference on Learning
                  Representations (ICLR)},
  editor =       {Maughan, Krystal and Liu, Rosanne and Burns, Thomas
                  F.},
  month =        {May},
  note =         {\url{https://openreview.net/forum?id=dJfdug9aGd8}},
  openalex =     {W4366850627},
  publisher =    {OpenReview.net},
  series =       {The First Tiny Papers Track},
  title =        {Effectiveness of Debiasing Techniques: An Indigenous
                  Qualitative Analysis},
  year =         2023
}

@inproceedings{yuan2023empirical,
  address =      {Kigali, Rwanda},
  author =       {Yuan, Han and Liu, Mingxuan and Krauthammer, Michael
                  and Kang, Lican and Miao, Chenkui and Wu, Ying},
  booktitle =    {11th International Conference on Learning
                  Representations (ICLR)},
  editor =       {Maughan, Krystal and Liu, Rosanne and Burns, Thomas
                  F.},
  month =        {May},
  note =         {\url{https://openreview.net/forum?id=L38bbHmRKx}},
  openalex =     {W4224936048},
  publisher =    {OpenReview.net},
  series =       {The First Tiny Papers Track},
  title =        {An empirical study of the effect of background data
                  size on the stability of SHapley Additive
                  exPlanations (SHAP) for deep learning models},
  year =         2023
}

@inproceedings{yuan2023interpretable,
  address =      {Kigali, Rwanda},
  author =       {Yuan, Han and Lee, Jin Wee and Liu, Mingxuan and Li,
                  Siqi and Niu, Chenglin and Wen, Jun and Xie, Feng},
  booktitle =    {11th International Conference on Learning
                  Representations (ICLR)},
  editor =       {Maughan, Krystal and Liu, Rosanne and Burns, Thomas
                  F.},
  month =        {May},
  note =         {\url{https://openreview.net/forum?id=RNlfw6KXJey}},
  publisher =    {OpenReview.net},
  series =       {The First Tiny Papers Track},
  title =        {Interpretable Machine Learning-Based Risk Scoring
                  with Individual and Ensemble Model Selection for
                  Clinical Decision Making},
  year =         2023
}

@inproceedings{zamani2023cross,
  address =      {Kigali, Rwanda},
  author =       {Zamani, Mahmoud and Irtiza, Saquib and
                  Wickramasuriya, Shamila and Khan, Latifur and
                  Hamlen, Kevin W.},
  booktitle =    {11th International Conference on Learning
                  Representations (ICLR)},
  editor =       {Maughan, Krystal and Liu, Rosanne and Burns, Thomas
                  F.},
  month =        {May},
  note =         {\url{https://openreview.net/forum?id=rrZtzI7xj2b}},
  publisher =    {OpenReview.net},
  series =       {The First Tiny Papers Track},
  title =        {Cross Domain Vulnerability Detection using Graph
                  Contrastive Learning},
  year =         2023
}

@inproceedings{zenn2023resampling,
  address =      {Kigali, Rwanda},
  author =       {Zenn, Johannes and Bamler, Robert},
  booktitle =    {11th International Conference on Learning
                  Representations (ICLR)},
  editor =       {Maughan, Krystal and Liu, Rosanne and Burns, Thomas
                  F.},
  month =        {May},
  note =         {\url{https://openreview.net/forum?id=kBkou5ucR_d}},
  openalex =     {W4367369791},
  publisher =    {OpenReview.net},
  series =       {The First Tiny Papers Track},
  title =        {Resampling Gradients Vanish in Differentiable
                  Sequential Monte Carlo Samplers},
  year =         2023
}

@inproceedings{zhai2023simple,
  address =      {Kigali, Rwanda},
  author =       {Zhai, Yuwen and Hao, Jing and Gao, Liang and Li,
                  Xinyu and Gao, Yiping and Han, Shumin},
  booktitle =    {11th International Conference on Learning
                  Representations (ICLR)},
  editor =       {Maughan, Krystal and Liu, Rosanne and Burns, Thomas
                  F.},
  month =        {May},
  note =         {\url{https://openreview.net/forum?id=isodM5jTA7h}},
  openalex =     {W4385245511},
  publisher =    {OpenReview.net},
  series =       {The First Tiny Papers Track},
  title =        {Simple parameter-free self-attention approximation},
  year =         2023
}

@inproceedings{zhang2023large,
  address =      {Kigali, Rwanda},
  author =       {Zhang, Feilong and Li, Yinchuan and Lin, Shiyi and
                  Shao, Yunfeng and Jiang, Junjun and Liu, Xianming},
  booktitle =    {11th International Conference on Learning
                  Representations (ICLR)},
  editor =       {Maughan, Krystal and Liu, Rosanne and Burns, Thomas
                  F.},
  month =        {May},
  note =         {\url{https://openreview.net/forum?id=ZCv4E1unfJP}},
  publisher =    {OpenReview.net},
  series =       {The First Tiny Papers Track},
  title =        {Large Sparse Kernels for Federated Learning},
  year =         2023
}

@inproceedings{zhang2023propagate,
  address =      {Kigali, Rwanda},
  author =       {Zhang, Sisi and Du, Lun and Li, Fan and Yu, Ge and
                  Chen, Mengyuan},
  booktitle =    {11th International Conference on Learning
                  Representations (ICLR)},
  editor =       {Maughan, Krystal and Liu, Rosanne and Burns, Thomas
                  F.},
  month =        {May},
  note =         {\url{https://openreview.net/forum?id=RR\_w2fbYmV}},
  publisher =    {OpenReview.net},
  series =       {The First Tiny Papers Track},
  title =        {Propagate Deeper and Adaptive Graph Convolutional
                  Networks},
  year =         2023
}

@inproceedings{zhang2023robustness,
  address =      {Kigali, Rwanda},
  author =       {Zhang, Xusheng and Zhang, Wei and Gong, Yishu and
                  Yang, Liangliang and Zhang, Jianyu and Chen, Zhengyu
                  and He, Sihong},
  booktitle =    {11th International Conference on Learning
                  Representations (ICLR)},
  editor =       {Maughan, Krystal and Liu, Rosanne and Burns, Thomas
                  F.},
  month =        {May},
  note =         {\url{https://openreview.net/forum?id=zZjPRz0EX5T}},
  publisher =    {OpenReview.net},
  series =       {The First Tiny Papers Track},
  title =        {Robustness Evaluation of Multi-Agent Reinforcement
                  Learning Algorithms using GNAs},
  year =         2023
}

@inproceedings{zhou2023twoparameter,
  address =      {Kigali, Rwanda},
  author =       {Zhou, Xuemei and Li, Lingfang and Zheng, Xingzhou
                  and Luo, Mingxing},
  booktitle =    {11th International Conference on Learning
                  Representations (ICLR)},
  editor =       {Maughan, Krystal and Liu, Rosanne and Burns, Thomas
                  F.},
  month =        {May},
  note =         {\url{https://openreview.net/forum?id=LcXWYmA8Ek}},
  publisher =    {OpenReview.net},
  series =       {The First Tiny Papers Track},
  title =        {A two-parameter learnable Logmoid Activation Unit},
  year =         2023
}

@inproceedings{zhu2023unimatch,
  address =      {Kigali, Rwanda},
  author =       {Zhu, Zhenyang and Zhu, Rui-Jie and Ge, Yunrui and
                  Zhao, Qihang},
  booktitle =    {11th International Conference on Learning
                  Representations (ICLR)},
  editor =       {Maughan, Krystal and Liu, Rosanne and Burns, Thomas
                  F.},
  month =        {May},
  note =         {\url{https://openreview.net/forum?id=91Bcj6sgcxt}},
  publisher =    {OpenReview.net},
  series =       {The First Tiny Papers Track},
  title =        {Uni-Match: A Semantic Unified Model for
                  Query-Product Retrieval},
  year =         2023
}
