@inproceedings{afonchikov2024native,
 address = {Vienna, Austria},
 author = {Afonchikov, Danil and Kornaeva, Elena and Makovik, Irina and Kornaev, Alexey},
 booktitle = {12th International Conference on Learning Representations (ICLR)},
 month = {May},
 note = {\url{https://openreview.net/forum?id=5sWY5ENwtl}},
 publisher = {OpenReview.net},
 series = {The Second Tiny Papers Track},
 title = {Native Machine Learning for Noisy Microscopic Data Processing},
 year = {2024}
}

@inproceedings{aggarwal2024advancing,
 address = {Vienna, Austria},
 author = {Aggarwal, Deeksha and Mittal, Yash and Kumar, Uttam},
 booktitle = {12th International Conference on Learning Representations (ICLR)},
 month = {May},
 note = {\url{https://openreview.net/forum?id=lPnNhcqLSi}},
 publisher = {OpenReview.net},
 series = {The Second Tiny Papers Track},
 title = {Advancing Image Classification through Parameter-Efficient Fine-Tuning: A Study on LoRA with Plant Disease Detection Datasets},
 year = {2024}
}

@inproceedings{agrawal2024layered,
 address = {Vienna, Austria},
 author = {Agrawal, Ashrya and Shah, Priyanshi and Prakash, Sourabh},
 booktitle = {12th International Conference on Learning Representations (ICLR)},
 month = {May},
 note = {\url{https://openreview.net/forum?id=E1kT452SdL}},
 publisher = {OpenReview.net},
 series = {The Second Tiny Papers Track},
 title = {Layered Insights into Pyramid Feature Fusion Architecture for SSL},
 year = {2024}
}

@inproceedings{aketi2024averaging,
 address = {Vienna, Austria},
 author = {Aketi, Sai Aparna and Choudhary, Sakshi and Roy, Kaushik},
 booktitle = {12th International Conference on Learning Representations (ICLR)},
 month = {May},
 note = {\url{https://openreview.net/forum?id=w9ZzNmWmjA}},
 publisher = {OpenReview.net},
 series = {The Second Tiny Papers Track},
 title = {Averaging Rate Scheduler for Decentralized Learning on Heterogeneous Data},
 year = {2024}
}

@inproceedings{alhumud2024improving,
 address = {Vienna, Austria},
 author = {Alhumud, Anas Mohammed and Al-Qurishi, Muhammad and Alomar, Yasser Omar and Alzahrani, Ali and Souissi, Riad},
 booktitle = {12th International Conference on Learning Representations (ICLR)},
 month = {May},
 note = {\url{https://openreview.net/forum?id=OMBFB6pU6c}},
 publisher = {OpenReview.net},
 series = {The Second Tiny Papers Track},
 title = {Improving Automated Speech Recognition Using Retrieval-Based Voice Conversion},
 year = {2024}
}

@inproceedings{altam2024cmfpn,
 address = {Vienna, Austria},
 author = {Al-Tam, Faroq and Al-Qurishi, Muhammad and Kadavil, Thariq Khalid and Souissi, Riad},
 booktitle = {12th International Conference on Learning Representations (ICLR)},
 month = {May},
 note = {\url{https://openreview.net/forum?id=Qtu2Od1ggw}},
 publisher = {OpenReview.net},
 series = {The Second Tiny Papers Track},
 title = {CMFPN: Context Modeling Meets Feature Pyramid Network},
 year = {2024}
}

@inproceedings{amin2024discrete,
 address = {Vienna, Austria},
 author = {Amin, Ahmad Ayaz},
 booktitle = {12th International Conference on Learning Representations (ICLR)},
 month = {May},
 note = {\url{https://openreview.net/forum?id=yDdmC6Tq8s}},
 publisher = {OpenReview.net},
 series = {The Second Tiny Papers Track},
 title = {Discrete Natural Evolution Strategies},
 year = {2024}
}

@inproceedings{aminian2024semisupervised,
 address = {Vienna, Austria},
 author = {Aminian, Gholamali and Bagheri, Amirhossein and Karimian, Radmehr and JafariNodeh, Mahyar and Yassaee, Mohammad Hossein},
 booktitle = {12th International Conference on Learning Representations (ICLR)},
 month = {May},
 note = {\url{https://openreview.net/forum?id=3cZuCyJSe7}},
 publisher = {OpenReview.net},
 series = {The Second Tiny Papers Track},
 title = {Semi-Supervised Learning under Self-Training via $ f$ -Divergence},
 year = {2024}
}

@inproceedings{an2024reward,
 address = {Vienna, Austria},
 author = {An, Zhiyu and Ding, Xianzhong and Du, Wan},
 booktitle = {12th International Conference on Learning Representations (ICLR)},
 month = {May},
 note = {\url{https://openreview.net/forum?id=n3ip7H2ioh}},
 publisher = {OpenReview.net},
 series = {The Second Tiny Papers Track},
 title = {Reward Bound for Behavioral Guarantee of Model-based Planning Agents},
 year = {2024}
}

@inproceedings{baherwani2024racial,
 address = {Vienna, Austria},
 author = {Baherwani, Vatsal and Vincent, Joseph James},
 booktitle = {12th International Conference on Learning Representations (ICLR)},
 month = {May},
 note = {\url{https://openreview.net/forum?id=hQb6ts30wv}},
 publisher = {OpenReview.net},
 series = {The Second Tiny Papers Track},
 title = {Racial and Gender Stereotypes Encoded Into CLIP Representations},
 year = {2024}
}

@inproceedings{bazaga2024language,
 address = {Vienna, Austria},
 author = {Bazaga, Adrián and Lio, Pietro and Micklem, Gos},
 booktitle = {12th International Conference on Learning Representations (ICLR)},
 month = {May},
 note = {\url{https://openreview.net/forum?id=iTgKbVwQAF}},
 publisher = {OpenReview.net},
 series = {The Second Tiny Papers Track},
 title = {Language Model Knowledge Distillation for Efficient Question Answering in Spanish},
 year = {2024}
}

@inproceedings{benmeziane2024presearch,
 address = {Vienna, Austria},
 author = {Benmeziane, Hadjer},
 booktitle = {12th International Conference on Learning Representations (ICLR)},
 month = {May},
 note = {\url{https://openreview.net/forum?id=M8V7qBhDVU}},
 publisher = {OpenReview.net},
 series = {The Second Tiny Papers Track},
 title = {A Pre-Search Evaluation Framework for Assessing Search Space Complexity},
 year = {2024}
}

@inproceedings{bhesra2024audio,
 address = {Vienna, Austria},
 author = {Bhesra, Kirtilekha and Shukla, Shivam Ashok and Agarwal, Akshay},
 booktitle = {12th International Conference on Learning Representations (ICLR)},
 month = {May},
 note = {\url{https://openreview.net/forum?id=dD2e3aCEcO}},
 publisher = {OpenReview.net},
 series = {The Second Tiny Papers Track},
 title = {Audio vs. Text: Identify a Powerful Modality for Effective Hate Speech Detection},
 year = {2024}
}

@inproceedings{boesel2024improving,
 address = {Vienna, Austria},
 author = {Boesel, Frederic and Rombach, Robin},
 booktitle = {12th International Conference on Learning Representations (ICLR)},
 month = {May},
 note = {\url{https://openreview.net/forum?id=q5UrA58oyY}},
 publisher = {OpenReview.net},
 series = {The Second Tiny Papers Track},
 title = {Improving Image Editing Models with Generative Data Refinement},
 year = {2024}
}

@inproceedings{bohi2024large,
 address = {Vienna, Austria},
 author = {Böhi, Simon and Gashi, Shkurta},
 booktitle = {12th International Conference on Learning Representations (ICLR)},
 month = {May},
 note = {\url{https://openreview.net/forum?id=GoWD6logcd}},
 publisher = {OpenReview.net},
 series = {The Second Tiny Papers Track},
 title = {Large Language Models for Wearable Data Analysis and Interpretation},
 year = {2024}
}

@inproceedings{brima2024learning,
 address = {Vienna, Austria},
 author = {Brima, Yusuf and Krumnack, Ulf and Pika, Simone and Heidemann, Gunther},
 booktitle = {12th International Conference on Learning Representations (ICLR)},
 month = {May},
 note = {\url{https://openreview.net/forum?id=Fn9ORH8PLl}},
 publisher = {OpenReview.net},
 series = {The Second Tiny Papers Track},
 title = {Learning Disentangled Audio Representations through Controlled Synthesis},
 year = {2024}
}

@inproceedings{cai2024borderline,
 address = {Vienna, Austria},
 author = {Cai, Borui and Zheng, Zihao Johnson and Gao, Longxiang and Xiang, Yong},
 booktitle = {12th International Conference on Learning Representations (ICLR)},
 month = {May},
 note = {\url{https://openreview.net/forum?id=xCCNAy8mQK}},
 publisher = {OpenReview.net},
 series = {The Second Tiny Papers Track},
 title = {Borderline Sample Extraction from a Trained Classifier},
 year = {2024}
}

@inproceedings{cambrin2024paraphrase,
 address = {Vienna, Austria},
 author = {Cambrin, Daniele Rege and Garza, Paolo},
 booktitle = {12th International Conference on Learning Representations (ICLR)},
 month = {May},
 note = {\url{https://openreview.net/forum?id=7Zzg5rpwm0}},
 publisher = {OpenReview.net},
 series = {The Second Tiny Papers Track},
 title = {Paraphrase Loss for Abstractive Summarization},
 year = {2024}
}

@inproceedings{ch2024discerning,
 address = {Vienna, Austria},
 author = {Ch, and Kumar, An and Jannesari, Ali and Darr, Matthew J.},
 booktitle = {12th International Conference on Learning Representations (ICLR)},
 month = {May},
 note = {\url{https://openreview.net/forum?id=VQWuHYeTL6}},
 publisher = {OpenReview.net},
 series = {The Second Tiny Papers Track},
 title = {Discerning Self-supervised Learning and Weakly Supervised Learning},
 year = {2024}
}

@inproceedings{chavan2024rethinking,
 address = {Vienna, Austria},
 author = {Chavan, Arnav and Lele, Nahush and Gupta, Deepak K.},
 booktitle = {12th International Conference on Learning Representations (ICLR)},
 month = {May},
 note = {\url{https://openreview.net/forum?id=BfVccaZiEv}},
 publisher = {OpenReview.net},
 series = {The Second Tiny Papers Track},
 title = {Rethinking Compression: Reduced Order Modelling of Latent Features in Large Language Models},
 year = {2024}
}

@inproceedings{chawla2024systematic,
 address = {Vienna, Austria},
 author = {Chawla, Krrish and DePavia, Mario and Sahai, Aryan},
 booktitle = {12th International Conference on Learning Representations (ICLR)},
 month = {May},
 note = {\url{https://openreview.net/forum?id=9LkPbnRwXu}},
 publisher = {OpenReview.net},
 series = {The Second Tiny Papers Track},
 title = {A Systematic Study of the Role of Data Quality and Alignment for Fine-tuning LLMs for Enhanced Autoformalization},
 year = {2024}
}

@inproceedings{chen2024selfteaching,
 address = {Vienna, Austria},
 author = {Chen, Cheng and Tsang, Ivor W.},
 booktitle = {12th International Conference on Learning Representations (ICLR)},
 month = {May},
 note = {\url{https://openreview.net/forum?id=DeoamI1BFh}},
 publisher = {OpenReview.net},
 series = {The Second Tiny Papers Track},
 title = {Self-Teaching Prompting for Multi-Intent Learning with Limited Supervision},
 year = {2024}
}

@inproceedings{choi2024adverb,
 address = {Vienna, Austria},
 author = {Choi, Juhwan and Kim, YoungBin},
 booktitle = {12th International Conference on Learning Representations (ICLR)},
 month = {May},
 note = {\url{https://openreview.net/forum?id=bNxB3Yd3Pd}},
 publisher = {OpenReview.net},
 series = {The Second Tiny Papers Track},
 title = {Adverb Is the Key: Simple Text Data Augmentation with Adverb Deletion},
 year = {2024}
}

@inproceedings{choi2024colorful,
 address = {Vienna, Austria},
 author = {Choi, Juhwan and Kim, YoungBin},
 booktitle = {12th International Conference on Learning Representations (ICLR)},
 month = {May},
 note = {\url{https://openreview.net/forum?id=mTF4OcDnSP}},
 publisher = {OpenReview.net},
 series = {The Second Tiny Papers Track},
 title = {Colorful Cutout: Enhancing Image Data Augmentation with Curriculum Learning},
 year = {2024}
}

@inproceedings{coelho2024tracing,
 address = {Vienna, Austria},
 author = {Coelho, C. and Fern, M. and Costa, P. and Ferrás, Luís L.},
 booktitle = {12th International Conference on Learning Representations (ICLR)},
 month = {May},
 note = {\url{https://openreview.net/forum?id=8518dcW4hc}},
 publisher = {OpenReview.net},
 series = {The Second Tiny Papers Track},
 title = {Tracing Footprints: Neural Networks Meet Non-integer Order Differential Equations for Modelling Systems with Memory},
 year = {2024}
}

@inproceedings{cooke2024toward,
 address = {Vienna, Austria},
 author = {Cooke, Lauren H. and Klyne, Harvey and Zhang, Edwin and Laidlaw, Cassidy and Tambe, Milind and Doshi-Velez, Finale},
 booktitle = {12th International Conference on Learning Representations (ICLR)},
 month = {May},
 note = {\url{https://openreview.net/forum?id=hhsOkmgDEz}},
 publisher = {OpenReview.net},
 series = {The Second Tiny Papers Track},
 title = {Toward Computationally Efficient Inverse Reinforcement Learning via Reward Shaping},
 year = {2024}
}

@inproceedings{cui2024exploring,
 address = {Vienna, Austria},
 author = {Cui, Xiao and Sun, Qi and Zhou, Wengang and Li, Houqiang},
 booktitle = {12th International Conference on Learning Representations (ICLR)},
 month = {May},
 note = {\url{https://openreview.net/forum?id=xmQoodG82a}},
 publisher = {OpenReview.net},
 series = {The Second Tiny Papers Track},
 title = {Exploring GPT-4 Vision for Text-to-Image Synthesis Evaluation},
 year = {2024}
}

@inproceedings{cui2024heredityaware,
 address = {Vienna, Austria},
 author = {Cui, Xiao and Zhou, Wengang and Li, Houqiang},
 booktitle = {12th International Conference on Learning Representations (ICLR)},
 month = {May},
 note = {\url{https://openreview.net/forum?id=WBVfUjA80m}},
 publisher = {OpenReview.net},
 series = {The Second Tiny Papers Track},
 title = {Heredity-aware Child Face Image Generation with Latent Space Disentanglement},
 year = {2024}
}

@inproceedings{cui2024novel,
 address = {Vienna, Austria},
 author = {Cui, Ruochen and Tao, Yongding and Ni, Mingjun},
 booktitle = {12th International Conference on Learning Representations (ICLR)},
 month = {May},
 note = {\url{https://openreview.net/forum?id=ki4R0z0C4K}},
 publisher = {OpenReview.net},
 series = {The Second Tiny Papers Track},
 title = {A Novel Window-Interaction Module Based on W-MSA},
 year = {2024}
}

@inproceedings{dai2024raner,
 address = {Vienna, Austria},
 author = {Dai, Zhenwei and Luo, Chen and Li, Zhen and Tang, Xianfeng and Lu, Hanqing and Goutam, Rahul and Zhang, Haiyang},
 booktitle = {12th International Conference on Learning Representations (ICLR)},
 month = {May},
 note = {\url{https://openreview.net/forum?id=HyKNjew2Ad}},
 publisher = {OpenReview.net},
 series = {The Second Tiny Papers Track},
 title = {RA-NER: Retrieval Augmented NER for Knowledge Intensive Named Entity Recognition},
 year = {2024}
}

@inproceedings{dedic2024balancing,
 address = {Vienna, Austria},
 author = {Dedic, Marek and Bajer, Lukáš and Procházka, Pavel and Holena, Martin},
 booktitle = {12th International Conference on Learning Representations (ICLR)},
 month = {May},
 note = {\url{https://openreview.net/forum?id=DrHwIzz93C}},
 publisher = {OpenReview.net},
 series = {The Second Tiny Papers Track},
 title = {Balancing Performance and Complexity with Adaptive Graph Coarsening},
 year = {2024}
}

@inproceedings{dhake2024on,
 address = {Vienna, Austria},
 author = {Dhake, Hruturaj and Agarwal, Akshay},
 booktitle = {12th International Conference on Learning Representations (ICLR)},
 month = {May},
 note = {\url{https://openreview.net/forum?id=Jdk8o63wyP}},
 publisher = {OpenReview.net},
 series = {The Second Tiny Papers Track},
 title = {On the Robustness of Drug Abuse Face Classification},
 year = {2024}
}

@inproceedings{dileo2024can,
 address = {Vienna, Austria},
 author = {Dileo, Manuel and Zignani, Matteo},
 booktitle = {12th International Conference on Learning Representations (ICLR)},
 month = {May},
 note = {\url{https://openreview.net/forum?id=HRxVPPdyDh}},
 publisher = {OpenReview.net},
 series = {The Second Tiny Papers Track},
 title = {Can Graph Neural Networks Learn Node-Level Structural Features?},
 year = {2024}
}

@inproceedings{dotzel2024exploring,
 address = {Vienna, Austria},
 author = {Dotzel, Jordan and Kotb, Bahaa and Dotzel, James and Abdelfattah, Mohamed S. and Zhang, Zhiru},
 booktitle = {12th International Conference on Learning Representations (ICLR)},
 month = {May},
 note = {\url{https://openreview.net/forum?id=sfwtoH5GdD}},
 publisher = {OpenReview.net},
 series = {The Second Tiny Papers Track},
 title = {Exploring the Limits of Semantic Image Compression at Micro-bits per Pixel},
 year = {2024}
}

@inproceedings{du2024cognitive,
 address = {Vienna, Austria},
 author = {Du, Zhicheng and Xie, Zhaotian and Ying, Huazhang and Zhang, Likun and Qin, Peiwu},
 booktitle = {12th International Conference on Learning Representations (ICLR)},
 month = {May},
 note = {\url{https://openreview.net/forum?id=RQ0wmIBcTB}},
 publisher = {OpenReview.net},
 series = {The Second Tiny Papers Track},
 title = {Cognitive Resilience: Unraveling the Proficiency of Image-Captioning Models to Interpret Masked Visual Content},
 year = {2024}
}

@inproceedings{du2024lamper,
 address = {Vienna, Austria},
 author = {Du, Zhicheng and Xie, Zhaotian and Tong, Yan and Qin, Peiwu},
 booktitle = {12th International Conference on Learning Representations (ICLR)},
 month = {May},
 note = {\url{https://openreview.net/forum?id=eUQiESSvmF}},
 publisher = {OpenReview.net},
 series = {The Second Tiny Papers Track},
 title = {LAMPER: LanguAge Model and Prompt EngineeRing for Zero-Shot Time Series Classification},
 year = {2024}
}

@inproceedings{dutta2024lost,
 address = {Vienna, Austria},
 author = {Dutta, Debanjan and Chakrabarty, Anish and Das, Swagatam},
 booktitle = {12th International Conference on Learning Representations (ICLR)},
 month = {May},
 note = {\url{https://openreview.net/forum?id=MUOmyZMEd4}},
 publisher = {OpenReview.net},
 series = {The Second Tiny Papers Track},
 title = {Lost in Translation: GANs' Inability to Generate Simple Probability Distributions},
 year = {2024}
}

@inproceedings{eivazi2024nonlinear,
 address = {Vienna, Austria},
 author = {Eivazi, Hamidreza and Wittek, Stefan H. A. and Rausch, Andreas},
 booktitle = {12th International Conference on Learning Representations (ICLR)},
 month = {May},
 note = {\url{https://openreview.net/forum?id=Jw6TUpB7Rw}},
 publisher = {OpenReview.net},
 series = {The Second Tiny Papers Track},
 title = {Nonlinear Model Reduction for Operator Learning},
 year = {2024}
}

@inproceedings{farwah2024exploiting,
 address = {Vienna, Austria},
 author = {Farwah, Harman Singh and Gag, and Singh, Deep and Tan, Cheng},
 booktitle = {12th International Conference on Learning Representations (ICLR)},
 month = {May},
 note = {\url{https://openreview.net/forum?id=jHRWVA1H0f}},
 publisher = {OpenReview.net},
 series = {The Second Tiny Papers Track},
 title = {Exploiting Time Channel Vulnerability of Learned Bloom Filters},
 year = {2024}
}

@inproceedings{foster2024lossfree,
 address = {Vienna, Austria},
 author = {Foster, Jack and Schoepf, Stefan and Alex, and Brintrup, Ra},
 booktitle = {12th International Conference on Learning Representations (ICLR)},
 month = {May},
 note = {\url{https://openreview.net/forum?id=bCPz7uqmmh}},
 publisher = {OpenReview.net},
 series = {The Second Tiny Papers Track},
 title = {Loss-Free Machine Unlearning},
 year = {2024}
}

@inproceedings{frieder2024bad,
 address = {Vienna, Austria},
 author = {Frieder, Simon and Pinchetti, Luca and Lukasiewicz, Thomas},
 booktitle = {12th International Conference on Learning Representations (ICLR)},
 month = {May},
 note = {\url{https://openreview.net/forum?id=5Vc1ACZ8eC}},
 publisher = {OpenReview.net},
 series = {The Second Tiny Papers Track},
 title = {Bad Predictive Coding Activation Functions},
 year = {2024}
}

@inproceedings{frieder2024imo,
 address = {Vienna, Austria},
 author = {Frieder, Simon and Olsák, Mirek and Berner, Julius and Lukasiewicz, Thomas},
 booktitle = {12th International Conference on Learning Representations (ICLR)},
 month = {May},
 note = {\url{https://openreview.net/forum?id=HYuKXhgzjm}},
 publisher = {OpenReview.net},
 series = {The Second Tiny Papers Track},
 title = {The IMO Small Challenge: Not-Too-Hard Olympiad Math Datasets for LLMs},
 year = {2024}
}

@inproceedings{gallego2024distilled,
 address = {Vienna, Austria},
 author = {Gallego, Víctor},
 booktitle = {12th International Conference on Learning Representations (ICLR)},
 month = {May},
 note = {\url{https://openreview.net/forum?id=AfVtVrCH9U}},
 publisher = {OpenReview.net},
 series = {The Second Tiny Papers Track},
 title = {Distilled Self-Critique of LLMs with Synthetic Data: a Bayesian Perspective},
 year = {2024}
}

@inproceedings{ganeeva2024chemical,
 address = {Vienna, Austria},
 author = {Ganeeva, Veronika and Khrabrov, Kuzma and Kadurin, Artur and Savchenko, Andrey V. and Tutubalina, Elena},
 booktitle = {12th International Conference on Learning Representations (ICLR)},
 month = {May},
 note = {\url{https://openreview.net/forum?id=JoO6mtCLHD}},
 publisher = {OpenReview.net},
 series = {The Second Tiny Papers Track},
 title = {Chemical Language Models Have Problems with Chemistry: A Case Study on Molecule Captioning Task},
 year = {2024}
}

@inproceedings{garg2024gpecnet,
 address = {Vienna, Austria},
 author = {Garg, Aryan and Rameshan, Renu},
 booktitle = {12th International Conference on Learning Representations (ICLR)},
 month = {May},
 note = {\url{https://openreview.net/forum?id=wSWk1sNK0m}},
 publisher = {OpenReview.net},
 series = {The Second Tiny Papers Track},
 title = {G-PECNet: Towards a Generalizable Pedestrian Trajectory Prediction System},
 year = {2024}
}

@inproceedings{garg2024parameter,
 address = {Vienna, Austria},
 author = {Garg, Aryan},
 booktitle = {12th International Conference on Learning Representations (ICLR)},
 month = {May},
 note = {\url{https://openreview.net/forum?id=JQlfTmlHNz}},
 publisher = {OpenReview.net},
 series = {The Second Tiny Papers Track},
 title = {Parameter and Data Efficient Spectral Style-DCGAN},
 year = {2024}
}

@inproceedings{geda2024densitypreserving,
 address = {Vienna, Austria},
 author = {Geda, Srilekha and Zhu, Chunjiang},
 booktitle = {12th International Conference on Learning Representations (ICLR)},
 month = {May},
 note = {\url{https://openreview.net/forum?id=sISO5ubRGP}},
 publisher = {OpenReview.net},
 series = {The Second Tiny Papers Track},
 title = {Density-Preserving Heterogeneous Graph Sparsification for Representation Learning},
 year = {2024}
}

@inproceedings{gerritz2024zeroshot,
 address = {Vienna, Austria},
 author = {Gerritz, Evan and Dyballa, Luciano and Zucker, Steven W.},
 booktitle = {12th International Conference on Learning Representations (ICLR)},
 month = {May},
 note = {\url{https://openreview.net/forum?id=orYMrUv7eu}},
 publisher = {OpenReview.net},
 series = {The Second Tiny Papers Track},
 title = {Zero-shot Generalization across Architectures for Visual Classification},
 year = {2024}
}

@inproceedings{ghosh2024weighted,
 address = {Vienna, Austria},
 author = {Ghosh, Shreya and Chen, Yi-Huan and Huang, Ching-Hsiang and Jameel, Abu Shafin Mohammad Mahdee and Gamal, Aly El and Labi, Samuel},
 booktitle = {12th International Conference on Learning Representations (ICLR)},
 month = {May},
 note = {\url{https://openreview.net/forum?id=K3ilD3QhX6}},
 publisher = {OpenReview.net},
 series = {The Second Tiny Papers Track},
 title = {Weighted Branch Aggregation Based Deep Learning Model for Track Detection in Autonomous Racing},
 year = {2024}
}

@inproceedings{goel2024multilingual,
 address = {Vienna, Austria},
 author = {Goel, Arnav and Hira, Medha and Gupta, Anubha},
 booktitle = {12th International Conference on Learning Representations (ICLR)},
 month = {May},
 note = {\url{https://openreview.net/forum?id=DKF7YCwCmd}},
 publisher = {OpenReview.net},
 series = {The Second Tiny Papers Track},
 title = {Multilingual Prosody Transfer: Comparing Supervised & Transfer Learning},
 year = {2024}
}

@inproceedings{guna2024beyond,
 address = {Vienna, Austria},
 author = {T., Akash Guna R. and Chavan, Arnav and Gupta, Deepak K.},
 booktitle = {12th International Conference on Learning Representations (ICLR)},
 month = {May},
 note = {\url{https://openreview.net/forum?id=mURVIdmojf}},
 publisher = {OpenReview.net},
 series = {The Second Tiny Papers Track},
 title = {Beyond Uniform Scaling: Exploring Depth Heterogeneity in Neural Architectures},
 year = {2024}
}

@inproceedings{gunasekaran2024knowledge,
 address = {Vienna, Austria},
 author = {Gunasekaran, Skye and Eshraghian, Jason and Zhu, Ruomin and Kuncic, Zdenka},
 booktitle = {12th International Conference on Learning Representations (ICLR)},
 month = {May},
 note = {\url{https://openreview.net/forum?id=JBSMl0nAFa}},
 publisher = {OpenReview.net},
 series = {The Second Tiny Papers Track},
 title = {Knowledge Distillation Through Time for Future Event Prediction},
 year = {2024}
}

@inproceedings{gupta2024niro,
 address = {Vienna, Austria},
 author = {Gupta, Anupam and Mitra, Pabitra},
 booktitle = {12th International Conference on Learning Representations (ICLR)},
 month = {May},
 note = {\url{https://openreview.net/forum?id=Bq9SgpL0dX}},
 publisher = {OpenReview.net},
 series = {The Second Tiny Papers Track},
 title = {NIRo: A Metric to Capture Non-IID Robustness for Federated Learning Algorithms},
 year = {2024}
}

@inproceedings{gupta2024sound,
 address = {Vienna, Austria},
 author = {Gupta, Rishi and Kumar, Vaibhav},
 booktitle = {12th International Conference on Learning Representations (ICLR)},
 month = {May},
 note = {\url{https://openreview.net/forum?id=UWszefaphF}},
 publisher = {OpenReview.net},
 series = {The Second Tiny Papers Track},
 title = {Sound Classification in Indian Cities Using Multi-Label Data and Transfer Learning},
 year = {2024}
}

@inproceedings{gupta2024u2nerf,
 address = {Vienna, Austria},
 author = {Gupta, Vinayak and S., Manoj and T., Mukund Varma and Mitra, Kaushik},
 booktitle = {12th International Conference on Learning Representations (ICLR)},
 month = {May},
 note = {\url{https://openreview.net/forum?id=d8nXcePud3}},
 publisher = {OpenReview.net},
 series = {The Second Tiny Papers Track},
 title = {U2NeRF: Unsupervised Underwater Image Restoration and Neural Radiance Fields},
 year = {2024}
}

@inproceedings{hachana2024probing,
 address = {Vienna, Austria},
 author = {Hachana, Rafik},
 booktitle = {12th International Conference on Learning Representations (ICLR)},
 month = {May},
 note = {\url{https://openreview.net/forum?id=2Dlx6YgS3n}},
 publisher = {OpenReview.net},
 series = {The Second Tiny Papers Track},
 title = {Probing the Hidden Layers of a Music Generating Language Model},
 year = {2024}
}

@inproceedings{hamzaoui2024analog,
 address = {Vienna, Austria},
 author = {Hamzaoui, Imane and Benmeziane, Hadjer and Cherif, Zayneb and Maghraoui, Kaoutar El},
 booktitle = {12th International Conference on Learning Representations (ICLR)},
 month = {May},
 note = {\url{https://openreview.net/forum?id=hvp5I4dDya}},
 publisher = {OpenReview.net},
 series = {The Second Tiny Papers Track},
 title = {Analog In-Memory Computing with Uncertainty Quantification for Efficient Edge-Based Medical Imaging Segmentation},
 year = {2024}
}

@inproceedings{hao2024autonomous,
 address = {Vienna, Austria},
 author = {Hao, Rui and Xie, Weikai},
 booktitle = {12th International Conference on Learning Representations (ICLR)},
 month = {May},
 note = {\url{https://openreview.net/forum?id=Ed5vlTvI0u}},
 publisher = {OpenReview.net},
 series = {The Second Tiny Papers Track},
 title = {Autonomous Generation of Innovative Content by Multi-Agent System},
 year = {2024}
}

@inproceedings{hashemi2024toward,
 address = {Vienna, Austria},
 author = {Hashemi, Sayed Sajad and Guerzhoy, Michael and Paulson, Noah H.},
 booktitle = {12th International Conference on Learning Representations (ICLR)},
 month = {May},
 note = {\url{https://openreview.net/forum?id=XAXGOq1isw}},
 publisher = {OpenReview.net},
 series = {The Second Tiny Papers Track},
 title = {Toward Learning Latent-Variable Representations of Microstructures by Optimizing in Spatial Statistics Space},
 year = {2024}
}

@inproceedings{herel2024collapse,
 address = {Vienna, Austria},
 author = {Herel, David and Mikolov, Tomáš},
 booktitle = {12th International Conference on Learning Representations (ICLR)},
 month = {May},
 note = {\url{https://openreview.net/forum?id=DeuBfEWyR4}},
 publisher = {OpenReview.net},
 series = {The Second Tiny Papers Track},
 title = {Collapse of Self-Trained Language Models},
 year = {2024}
}

@inproceedings{hira2024crossvoice,
 address = {Vienna, Austria},
 author = {Hira, Medha and Goel, Arnav and Gupta, Anubha},
 booktitle = {12th International Conference on Learning Representations (ICLR)},
 month = {May},
 note = {\url{https://openreview.net/forum?id=zEdBzTxXHl}},
 publisher = {OpenReview.net},
 series = {The Second Tiny Papers Track},
 title = {CrossVoice: Crosslingual Prosody Preserving Cascade-S2ST using Transfer Learning},
 year = {2024}
}

@inproceedings{hoak2024explorations,
 address = {Vienna, Austria},
 author = {Hoak, Blaine and McDaniel, Patrick D.},
 booktitle = {12th International Conference on Learning Representations (ICLR)},
 month = {May},
 note = {\url{https://openreview.net/forum?id=gJua7kBOHz}},
 publisher = {OpenReview.net},
 series = {The Second Tiny Papers Track},
 title = {Explorations in Texture Learning},
 year = {2024}
}

@inproceedings{hu2024can,
 address = {Vienna, Austria},
 author = {Hu, Yutong and Huang, Quzhe and Tao, Mingxu and Zhang, Chen and Feng, Yansong},
 booktitle = {12th International Conference on Learning Representations (ICLR)},
 month = {May},
 note = {\url{https://openreview.net/forum?id=Cjp6YKVeAa}},
 publisher = {OpenReview.net},
 series = {The Second Tiny Papers Track},
 title = {Can Perplexity Reflect Large Language Model's Ability in Long Text Understanding?},
 year = {2024}
}

@inproceedings{hu2024enhancing,
 address = {Vienna, Austria},
 author = {Hu, Jingyu and Du, Mengnan},
 booktitle = {12th International Conference on Learning Representations (ICLR)},
 month = {May},
 note = {\url{https://openreview.net/forum?id=LrPSJTNfmt}},
 publisher = {OpenReview.net},
 series = {The Second Tiny Papers Track},
 title = {Enhancing Fairness in In-Context Learning: Prioritizing Minority Samples in Demonstrations},
 year = {2024}
}

@inproceedings{huang2024kfc,
 address = {Vienna, Austria},
 author = {Huang, Libo and An, Zhulin and Zeng, Yan and Zhi, Xiang and Xu, Yongjun},
 booktitle = {12th International Conference on Learning Representations (ICLR)},
 month = {May},
 note = {\url{https://openreview.net/forum?id=pVTcR8ig3R}},
 publisher = {OpenReview.net},
 series = {The Second Tiny Papers Track},
 title = {KFC: Knowledge Reconstruction and Feedback Consolidation Enable Efficient and Effective Continual Generative Learning},
 year = {2024}
}

@inproceedings{hull2024revamp,
 address = {Vienna, Austria},
 author = {Hull, Matthew and Wang, Zijie J. and Chau, Duen Horng},
 booktitle = {12th International Conference on Learning Representations (ICLR)},
 month = {May},
 note = {\url{https://openreview.net/forum?id=XCLrySEUBe}},
 publisher = {OpenReview.net},
 series = {The Second Tiny Papers Track},
 title = {Revamp: Automated Simulations of Adversarial Attacks on Arbitrary Objects in Realistic Scenes},
 year = {2024}
}

@inproceedings{igoe2024study,
 address = {Vienna, Austria},
 author = {Igoe, Aoife and Biswas, Arindam and Basu, Biswajit},
 booktitle = {12th International Conference on Learning Representations (ICLR)},
 month = {May},
 note = {\url{https://openreview.net/forum?id=0Ddq3BtHsH}},
 publisher = {OpenReview.net},
 series = {The Second Tiny Papers Track},
 title = {A Study on Polarity Distributions for Network Learning},
 year = {2024}
}

@inproceedings{ishikawa2024does,
 address = {Vienna, Austria},
 author = {Ishikawa, Satoki and Yokota, Rio},
 booktitle = {12th International Conference on Learning Representations (ICLR)},
 month = {May},
 note = {\url{https://openreview.net/forum?id=NLrfEsSZNb}},
 publisher = {OpenReview.net},
 series = {The Second Tiny Papers Track},
 title = {When Does Second-Order Optimization Speed Up Training?},
 year = {2024}
}

@inproceedings{jabbarishiviari2024software,
 address = {Vienna, Austria},
 author = {Jabbarishiviari, Maral and Moakhar, Arshia Soltani},
 booktitle = {12th International Conference on Learning Representations (ICLR)},
 month = {May},
 note = {\url{https://openreview.net/forum?id=gyl8r8ANcd}},
 publisher = {OpenReview.net},
 series = {The Second Tiny Papers Track},
 title = {Software 1.0 Strengths for Interpretability and Data Efficiency},
 year = {2024}
}

@inproceedings{jain2024beyond,
 address = {Vienna, Austria},
 author = {Jain, Samyak and Singhal, Rishi and Krishna, Sriram and Singla, Yaman Kumar and Shah, Rajiv Ratn},
 booktitle = {12th International Conference on Learning Representations (ICLR)},
 month = {May},
 note = {\url{https://openreview.net/forum?id=QJxVhljAyS}},
 publisher = {OpenReview.net},
 series = {The Second Tiny Papers Track},
 title = {Beyond Words: A Topological Exploration of Coherence in Text Documents},
 year = {2024}
}

@inproceedings{jain2024uncovering,
 address = {Vienna, Austria},
 author = {Jain, Samyak and Chhabra, Parth and Sawhney, Ramit},
 booktitle = {12th International Conference on Learning Representations (ICLR)},
 month = {May},
 note = {\url{https://openreview.net/forum?id=n8Yv4R6132}},
 publisher = {OpenReview.net},
 series = {The Second Tiny Papers Track},
 title = {Uncovering Bias: Exploring Gender Dynamics in Distance-Aware Mixup Techniques},
 year = {2024}
}

@inproceedings{jervakani2024klce,
 address = {Vienna, Austria},
 author = {Jervakani, Mohammad Taha Teimuri and Dehghanian, Zahra and Aminian, Gholamali and Rabiee, Hamid R.},
 booktitle = {12th International Conference on Learning Representations (ICLR)},
 month = {May},
 note = {\url{https://openreview.net/forum?id=JuqfAXWHfr}},
 publisher = {OpenReview.net},
 series = {The Second Tiny Papers Track},
 title = {KLCE: Regularized Imbalance Node-classification Via KL-Divergence and Cross-Entropy},
 year = {2024}
}

@inproceedings{jiang2024sdsra,
 address = {Vienna, Austria},
 author = {Jiang, Eric Hanchen and Lizarraga, Andrew},
 booktitle = {12th International Conference on Learning Representations (ICLR)},
 month = {May},
 note = {\url{https://openreview.net/forum?id=0aOh1KRECK}},
 publisher = {OpenReview.net},
 series = {The Second Tiny Papers Track},
 title = {SDSRA: A Skill-Driven Skill-Recombination Algorithm for Efficient Policy Learning},
 year = {2024}
}

@inproceedings{jung2024investigating,
 address = {Vienna, Austria},
 author = {Jung, Ji-Eun},
 booktitle = {12th International Conference on Learning Representations (ICLR)},
 month = {May},
 note = {\url{https://openreview.net/forum?id=p8GJzu52XL}},
 publisher = {OpenReview.net},
 series = {The Second Tiny Papers Track},
 title = {Investigating Representations for Vision and Touch in Contact Rich Robot Scooping Tasks},
 year = {2024}
}

@inproceedings{kalra2024graph,
 address = {Vienna, Austria},
 author = {Kalra, Suryam Arnav and Mitra, Pabitra and Biswas, Arindam and Basu, Biswajit},
 booktitle = {12th International Conference on Learning Representations (ICLR)},
 month = {May},
 note = {\url{https://openreview.net/forum?id=hG5eu7ikDy}},
 publisher = {OpenReview.net},
 series = {The Second Tiny Papers Track},
 title = {Graph Expansion in Pruned Recurrent Neural Network Layers Preserves Performance},
 year = {2024}
}

@inproceedings{kapoor2024non,
 address = {Vienna, Austria},
 author = {Kapoor, Kshitij and Gupta, Debayan},
 booktitle = {12th International Conference on Learning Representations (ICLR)},
 month = {May},
 note = {\url{https://openreview.net/forum?id=o5q2VsCMXo}},
 publisher = {OpenReview.net},
 series = {The Second Tiny Papers Track},
 title = {Non Parametric Aleatoric Uncertainty Quantification with Neural Networks},
 year = {2024}
}

@inproceedings{kapust2024exploring,
 address = {Vienna, Austria},
 author = {Kapust, Paul and Kwiatkowski, Monika and Hellwich, Olaf and Reiske, Patrik},
 booktitle = {12th International Conference on Learning Representations (ICLR)},
 month = {May},
 note = {\url{https://openreview.net/forum?id=iDeRIyYTop}},
 publisher = {OpenReview.net},
 series = {The Second Tiny Papers Track},
 title = {Exploring Dimensional Collapse in Self-Supervised Video Representation Learning},
 year = {2024}
}

@inproceedings{keskinen2024hard,
 address = {Vienna, Austria},
 author = {Keskinen, Santtu},
 booktitle = {12th International Conference on Learning Representations (ICLR)},
 month = {May},
 note = {\url{https://openreview.net/forum?id=WwQKl1OrMX}},
 publisher = {OpenReview.net},
 series = {The Second Tiny Papers Track},
 title = {Hard ASH: Sparsity and the Right Optimizer Make a Continual Learner},
 year = {2024}
}

@inproceedings{khan2024causal,
 address = {Vienna, Austria},
 author = {Khan, Behraj and Mirza, Behroz and Syed, Tahir},
 booktitle = {12th International Conference on Learning Representations (ICLR)},
 month = {May},
 note = {\url{https://openreview.net/forum?id=mhIL5JQr3d}},
 publisher = {OpenReview.net},
 series = {The Second Tiny Papers Track},
 title = {Causal Covariate Shift Correction using Fisher Information Penalty},
 year = {2024}
}

@inproceedings{khan2024duality,
 address = {Vienna, Austria},
 author = {Khan, Mohammad Aflah and Yadav, Neemesh and Sethi, Diksha and Sahni, Raghav},
 booktitle = {12th International Conference on Learning Representations (ICLR)},
 month = {May},
 note = {\url{https://openreview.net/forum?id=r6QZ8YKSBd}},
 publisher = {OpenReview.net},
 series = {The Second Tiny Papers Track},
 title = {The Duality of Hope: A Critical Examination of Controversial Annotations in HopeEDI},
 year = {2024}
}

@inproceedings{kim2024evaluating,
 address = {Vienna, Austria},
 author = {Kim, Chaehyeon and You, Weiqiu and Havaldar, Shreya and Wong, Eric},
 booktitle = {12th International Conference on Learning Representations (ICLR)},
 month = {May},
 note = {\url{https://openreview.net/forum?id=IP2etbIEuC}},
 publisher = {OpenReview.net},
 series = {The Second Tiny Papers Track},
 title = {Evaluating Groups of Features via Consistency, Contiguity, and Stability},
 year = {2024}
}

@inproceedings{king2024using,
 address = {Vienna, Austria},
 author = {King, Daragh},
 booktitle = {12th International Conference on Learning Representations (ICLR)},
 month = {May},
 note = {\url{https://openreview.net/forum?id=QmRqSqpV0y}},
 publisher = {OpenReview.net},
 series = {The Second Tiny Papers Track},
 title = {Using the Polyak Step Size in Training Convolutional Neural Networks},
 year = {2024}
}

@inproceedings{kong2024shared,
 address = {Vienna, Austria},
 author = {Kong, Weili and Liu, Baisen and Bi, Xiaojun and Pei, Jiaming},
 booktitle = {12th International Conference on Learning Representations (ICLR)},
 month = {May},
 note = {\url{https://openreview.net/forum?id=dIThDxLwA1}},
 publisher = {OpenReview.net},
 series = {The Second Tiny Papers Track},
 title = {A Shared Encoder for Multi-Source Hyperspectral Images},
 year = {2024}
}

@inproceedings{kowsher2024ltuning,
 address = {Vienna, Austria},
 author = {Kowsher, Md. and Sobuj, Md. Shohanur Islam and Mahmud, Asif and Prottasha, Nusrat Jahan and Bhat, Prakash},
 booktitle = {12th International Conference on Learning Representations (ICLR)},
 month = {May},
 note = {\url{https://openreview.net/forum?id=zv3xpxqjjB}},
 publisher = {OpenReview.net},
 series = {The Second Tiny Papers Track},
 title = {L-Tuning: Synchronized Label Tuning for Prompt and Prefix in LLMs},
 year = {2024}
}

@inproceedings{kraychev2024exospacetimeformer,
 address = {Vienna, Austria},
 author = {Kraychev, Boris and Kiyamousavi, Ensiye},
 booktitle = {12th International Conference on Learning Representations (ICLR)},
 month = {May},
 note = {\url{https://openreview.net/forum?id=uyfz7fAcvu}},
 publisher = {OpenReview.net},
 series = {The Second Tiny Papers Track},
 title = {Exo-Spacetimeformer: Time Series Prediction with External Forecast Integration},
 year = {2024}
}

@inproceedings{kreutz2024common,
 address = {Vienna, Austria},
 author = {Kreutz, Thomas and Mühlhäuser, Max and Alej, and Guinea, Ro Sánchez},
 booktitle = {12th International Conference on Learning Representations (ICLR)},
 month = {May},
 note = {\url{https://openreview.net/forum?id=C6EHiLaiBT}},
 publisher = {OpenReview.net},
 series = {The Second Tiny Papers Track},
 title = {Common Sense Initialization of Mixture Density Networks for Motion Planning with Overestimated Number of Components},
 year = {2024}
}

@inproceedings{kumar2024learning,
 address = {Vienna, Austria},
 author = {Kumar, Navdeep and Wang, Kaixin and Gadot, Uri and Levy, Kfir Yehuda and Mannor, Shie},
 booktitle = {12th International Conference on Learning Representations (ICLR)},
 month = {May},
 note = {\url{https://openreview.net/forum?id=viHuAGGjqK}},
 publisher = {OpenReview.net},
 series = {The Second Tiny Papers Track},
 title = {Learning the Uncertainty Set in Robust Markov Decision Process},
 year = {2024}
}

@inproceedings{kumar2024policya,
 address = {Vienna, Austria},
 author = {Kumar, Navdeep and Agrawal, Priyank and Levy, Kfir Yehuda and Mannor, Shie},
 booktitle = {12th International Conference on Learning Representations (ICLR)},
 month = {May},
 note = {\url{https://openreview.net/forum?id=61g5xxWOI6}},
 publisher = {OpenReview.net},
 series = {The Second Tiny Papers Track},
 title = {Policy Gradient with Tree Search (PGTS) in Reinforcement Learning Evades Local Maxima},
 year = {2024}
}

@inproceedings{kumar2024policyb,
 address = {Vienna, Austria},
 author = {Kumar, Navdeep and Wang, Kaixin and Pratiush, Utkarsh and Levy, Kfir Yehuda and Mannor, Shie},
 booktitle = {12th International Conference on Learning Representations (ICLR)},
 month = {May},
 note = {\url{https://openreview.net/forum?id=XsWA2y2TyI}},
 publisher = {OpenReview.net},
 series = {The Second Tiny Papers Track},
 title = {Policy Gradient for Reinforcement Learning with General Utilities},
 year = {2024}
}

@inproceedings{kumar2024towards,
 address = {Vienna, Austria},
 author = {Kumar, Navdeep and Usmanova, Ilnura and Levy, Kfir Yehuda and Mannor, Shie},
 booktitle = {12th International Conference on Learning Representations (ICLR)},
 month = {May},
 note = {\url{https://openreview.net/forum?id=JWviHsYSKn}},
 publisher = {OpenReview.net},
 series = {The Second Tiny Papers Track},
 title = {Towards Faster Global Convergence of Robust Policy Gradient Methods},
 year = {2024}
}

@inproceedings{lau2024geometric,
 address = {Vienna, Austria},
 author = {Lau, Matthew and Pan, Leyan and Davidov, Stefan and Meliopoulos, Athanasios P. and Lee, Wenke},
 booktitle = {12th International Conference on Learning Representations (ICLR)},
 month = {May},
 note = {\url{https://openreview.net/forum?id=vYdLXrToTG}},
 publisher = {OpenReview.net},
 series = {The Second Tiny Papers Track},
 title = {Geometric Implications of Classification on Reducing Open Space Risk},
 year = {2024}
}

@inproceedings{le2024phowhisper,
 address = {Vienna, Austria},
 author = {Le, Thanh-Thien and Nguyen, Linh The and Nguyen, Dat Quoc},
 booktitle = {12th International Conference on Learning Representations (ICLR)},
 month = {May},
 note = {\url{https://openreview.net/forum?id=x3c3MkJfpG}},
 publisher = {OpenReview.net},
 series = {The Second Tiny Papers Track},
 title = {PhoWhisper: Automatic Speech Recognition for Vietnamese},
 year = {2024}
}

@inproceedings{li20243d,
 address = {Vienna, Austria},
 author = {Li, Jiahui and Shamsolmoali, Pourya},
 booktitle = {12th International Conference on Learning Representations (ICLR)},
 month = {May},
 note = {\url{https://openreview.net/forum?id=mBQYpnq3Pj}},
 publisher = {OpenReview.net},
 series = {The Second Tiny Papers Track},
 title = {3D Shape Completion via Sparse Irregular Representation},
 year = {2024}
}

@inproceedings{li2024distributionally,
 address = {Vienna, Austria},
 author = {Li, Wenqian and Fu, Shuran and Pang, Yan},
 booktitle = {12th International Conference on Learning Representations (ICLR)},
 month = {May},
 note = {\url{https://openreview.net/forum?id=k2DMAGoide}},
 publisher = {OpenReview.net},
 series = {The Second Tiny Papers Track},
 title = {Distributionally Robust Federated Learning with Wasserstein Barycenter},
 year = {2024}
}

@inproceedings{li2024enhancing,
 address = {Vienna, Austria},
 author = {Li, Menglin and Lim, Kwan Hui},
 booktitle = {12th International Conference on Learning Representations (ICLR)},
 month = {May},
 note = {\url{https://openreview.net/forum?id=BAR6OE80OW}},
 publisher = {OpenReview.net},
 series = {The Second Tiny Papers Track},
 title = {Enhancing Language Models for Financial Relation Extraction with Named Entities and Part-of-Speech},
 year = {2024}
}

@inproceedings{li2024is,
 address = {Vienna, Austria},
 author = {Li, Ziniu and Xu, Tian and Yu, Yang},
 booktitle = {12th International Conference on Learning Representations (ICLR)},
 month = {May},
 note = {\url{https://openreview.net/forum?id=lNEFatlsQb}},
 publisher = {OpenReview.net},
 series = {The Second Tiny Papers Track},
 title = {When RL better than DPO in RLHF? A Representation and Optimization Perspective},
 year = {2024}
}

@inproceedings{li2024logicguided,
 address = {Vienna, Austria},
 author = {Li, Zhiming and Jiang, Junzhe and Cao, Yushi and Cui, Aixin and Wu, Bozhi and Li, Bo and Liu, Yang},
 booktitle = {12th International Conference on Learning Representations (ICLR)},
 month = {May},
 note = {\url{https://openreview.net/forum?id=SPDNi5Ys8R}},
 publisher = {OpenReview.net},
 series = {The Second Tiny Papers Track},
 title = {Logic-Guided Deep Reinforcement Learning for Stock Trading},
 year = {2024}
}

@inproceedings{li2024transfer,
 address = {Vienna, Austria},
 author = {Li, Xin and Li, Siqi and Wu, Qiming and Yu, Kunyu},
 booktitle = {12th International Conference on Learning Representations (ICLR)},
 month = {May},
 note = {\url{https://openreview.net/forum?id=EExn3iNKs3}},
 publisher = {OpenReview.net},
 series = {The Second Tiny Papers Track},
 title = {Transfer Learning for Global Feature Importance Measurements},
 year = {2024}
}

@inproceedings{likhit2024novel,
 address = {Vienna, Austria},
 author = {Likhit, Anumanchi Agastya Sai Ram and Tripathi, Divyansh and Agarwal, Akshay},
 booktitle = {12th International Conference on Learning Representations (ICLR)},
 month = {May},
 note = {\url{https://openreview.net/forum?id=HzEefCle2c}},
 publisher = {OpenReview.net},
 series = {The Second Tiny Papers Track},
 title = {A Novel Sector-Based Algorithm for an Optimized Star-Galaxy Classification},
 year = {2024}
}

@inproceedings{lin2024sdnae,
 address = {Vienna, Austria},
 author = {Lin, Yueqian and Zhang, Jingyang and Chen, Yiran and Li, Hai},
 booktitle = {12th International Conference on Learning Representations (ICLR)},
 month = {May},
 note = {\url{https://openreview.net/forum?id=D87rimdkGd}},
 publisher = {OpenReview.net},
 series = {The Second Tiny Papers Track},
 title = {SD-NAE: Generating Natural Adversarial Examples with Stable Diffusion},
 year = {2024}
}

@inproceedings{liu2024dfwlayer,
 address = {Vienna, Austria},
 author = {Liu, Zixuan and Liu, Liu and Wang, Xueqian and Zhao, Peilin},
 booktitle = {12th International Conference on Learning Representations (ICLR)},
 month = {May},
 note = {\url{https://openreview.net/forum?id=XoPQqUctS1}},
 publisher = {OpenReview.net},
 series = {The Second Tiny Papers Track},
 title = {DFWLayer: Differentiable Frank-Wolfe Optimization Layer},
 year = {2024}
}

@inproceedings{liu2024learning,
 address = {Vienna, Austria},
 author = {Liu, Yuxuan},
 booktitle = {12th International Conference on Learning Representations (ICLR)},
 month = {May},
 note = {\url{https://openreview.net/forum?id=auvDeqEKrk}},
 publisher = {OpenReview.net},
 series = {The Second Tiny Papers Track},
 title = {Learning to Reason with Autoregressive In-Context Distillation},
 year = {2024}
}

@inproceedings{liu2024utilizing,
 address = {Vienna, Austria},
 author = {Liu, Lele and Weiss, Christof},
 booktitle = {12th International Conference on Learning Representations (ICLR)},
 month = {May},
 note = {\url{https://openreview.net/forum?id=ZNg3YQQKWT}},
 publisher = {OpenReview.net},
 series = {The Second Tiny Papers Track},
 title = {Utilizing Cross-Version Consistency for Domain Adaptation: A Case Study on Music Audio},
 year = {2024}
}

@inproceedings{lu2024enhancing,
 address = {Vienna, Austria},
 author = {Lu, Yijingxiu and Piao, Yinhua and Kim, Sun},
 booktitle = {12th International Conference on Learning Representations (ICLR)},
 month = {May},
 note = {\url{https://openreview.net/forum?id=e2Bkf1Bzh4}},
 publisher = {OpenReview.net},
 series = {The Second Tiny Papers Track},
 title = {Enhancing Drug-Drug Interaction Prediction with Context-Aware Architecture},
 year = {2024}
}

@inproceedings{lu2024sessionaware,
 address = {Vienna, Austria},
 author = {Lu, Hanqing and Tang, Xianfeng and Luo, Chen and Cui, Limeng and Dai, Zhenwei and Goutam, Rahul and Zhang, Haiyang and Cheng, Monica Xiao},
 booktitle = {12th International Conference on Learning Representations (ICLR)},
 month = {May},
 note = {\url{https://openreview.net/forum?id=r4LMF2IJ6R}},
 publisher = {OpenReview.net},
 series = {The Second Tiny Papers Track},
 title = {Session-Aware Product Filter Ranking in E-Commerce Search},
 year = {2024}
}

@inproceedings{luan2024using,
 address = {Vienna, Austria},
 author = {Luan, Zheng and Kong, Xiangqi and Zeng, Shuimu and Yao, Yuke and Zhang, Yaxuan and Qiu, Xuerui},
 booktitle = {12th International Conference on Learning Representations (ICLR)},
 month = {May},
 note = {\url{https://openreview.net/forum?id=1715SJkbj7}},
 publisher = {OpenReview.net},
 series = {The Second Tiny Papers Track},
 title = {Using Spiking Neural Networks to Assist Fine Art and Philology Study: To Classify Styles of Chinese Calligraphy with Minimal Computing Power},
 year = {2024}
}

@inproceedings{lyu2024synthetic,
 address = {Vienna, Austria},
 author = {Lyu, Zhaoyan and Aminian, Gholamali and Rodrigues, Miguel R. D.},
 booktitle = {12th International Conference on Learning Representations (ICLR)},
 month = {May},
 note = {\url{https://openreview.net/forum?id=x7azREBRyw}},
 publisher = {OpenReview.net},
 series = {The Second Tiny Papers Track},
 title = {Synthetic Labeling: A Novel Approach to Advancing Few-Shot Learning},
 year = {2024}
}

@inproceedings{ma2024framework,
 address = {Vienna, Austria},
 author = {Ma, Tao and Yang, Xuzhi},
 booktitle = {12th International Conference on Learning Representations (ICLR)},
 month = {May},
 note = {\url{https://openreview.net/forum?id=QTE2kMP4DJ}},
 publisher = {OpenReview.net},
 series = {The Second Tiny Papers Track},
 title = {A Framework for Policy Evaluation Enhancement by Diffusion Models},
 year = {2024}
}

@inproceedings{mai2024knowledge,
 address = {Vienna, Austria},
 author = {Mai, Peihua and Jiang, Hao and Yan, Ran and Yang, Youjia and Huang, Zhe and Pang, Yan},
 booktitle = {12th International Conference on Learning Representations (ICLR)},
 month = {May},
 note = {\url{https://openreview.net/forum?id=gqTUIesy4H}},
 publisher = {OpenReview.net},
 series = {The Second Tiny Papers Track},
 title = {Knowledge Graph Unlearning to Defend Language Model Against Jailbreak Attack},
 year = {2024}
}

@inproceedings{maiti2024adact,
 address = {Vienna, Austria},
 author = {Maiti, Ritabrata},
 booktitle = {12th International Conference on Learning Representations (ICLR)},
 month = {May},
 note = {\url{https://openreview.net/forum?id=M7d5k4AxCE}},
 publisher = {OpenReview.net},
 series = {The Second Tiny Papers Track},
 title = {AdAct: Learning to Optimize Activation Function Choice through Adaptive Activation Modules},
 year = {2024}
}

@inproceedings{mitchell2024performance,
 address = {Vienna, Austria},
 author = {Mitchell, Evan and Basu, Biswajit and Mitra, Pabitra},
 booktitle = {12th International Conference on Learning Representations (ICLR)},
 month = {May},
 note = {\url{https://openreview.net/forum?id=1POy0o0Z8j}},
 publisher = {OpenReview.net},
 series = {The Second Tiny Papers Track},
 title = {Performance Analysis of a Quantum-Classical Hybrid Reinforcement Learning Approach},
 year = {2024}
}

@inproceedings{mohanty2024sailing,
 address = {Vienna, Austria},
 author = {Mohanty, Dyutit and Kasliwal, Aditya and Udupa, Bharath and Seth, Pratinav},
 booktitle = {12th International Conference on Learning Representations (ICLR)},
 month = {May},
 note = {\url{https://openreview.net/forum?id=tJPLJS97X4}},
 publisher = {OpenReview.net},
 series = {The Second Tiny Papers Track},
 title = {Sailing Through Spectra: Unveiling the Potential of Multi-Spectral Information in Marine Debris Segmentation},
 year = {2024}
}

@inproceedings{mondal2024on,
 address = {Vienna, Austria},
 author = {Mondal, Ishani and Sancheti, Abhilasha},
 booktitle = {12th International Conference on Learning Representations (ICLR)},
 month = {May},
 note = {\url{https://openreview.net/forum?id=cyN5Ck1RFT}},
 publisher = {OpenReview.net},
 series = {The Second Tiny Papers Track},
 title = {On the Robustness of ChatGPT Under Input Perturbations for Named Entity Recognition Task},
 year = {2024}
}

@inproceedings{moro2024revelio,
 address = {Vienna, Austria},
 author = {Moro, Gianluca and Ragazzi, Luca and Valgimigli, Lorenzo and Vincenzi, Fabian and Freddi, Davide},
 booktitle = {12th International Conference on Learning Representations (ICLR)},
 month = {May},
 note = {\url{https://openreview.net/forum?id=fyvEJXsaQf}},
 publisher = {OpenReview.net},
 series = {The Second Tiny Papers Track},
 title = {Revelio: Interpretable Long-Form Question Answering},
 year = {2024}
}

@inproceedings{mu2024explicitly,
 address = {Vienna, Austria},
 author = {Mu, Wenchuan and Lim, Kwan Hui},
 booktitle = {12th International Conference on Learning Representations (ICLR)},
 month = {May},
 note = {\url{https://openreview.net/forum?id=eJI9pfNwBS}},
 publisher = {OpenReview.net},
 series = {The Second Tiny Papers Track},
 title = {Explicitly Stating Assumptions Reduces Hallucinations in Natural Language Inference},
 year = {2024}
}

@inproceedings{nagar2024dissecting,
 address = {Vienna, Austria},
 author = {Nagar, Aishik and Jaiswal, Shantanu and Tan, Cheston},
 booktitle = {12th International Conference on Learning Representations (ICLR)},
 month = {May},
 note = {\url{https://openreview.net/forum?id=jM1nZDBIto}},
 publisher = {OpenReview.net},
 series = {The Second Tiny Papers Track},
 title = {Dissecting Zero-Shot Visual Reasoning Capabilities in Vision and Language Models},
 year = {2024}
}

@inproceedings{netzl2024beyond,
 address = {Vienna, Austria},
 author = {Netzl, Daniel},
 booktitle = {12th International Conference on Learning Representations (ICLR)},
 month = {May},
 note = {\url{https://openreview.net/forum?id=ujHSaZdpFb}},
 publisher = {OpenReview.net},
 series = {The Second Tiny Papers Track},
 title = {Beyond Time: Accurately Estimating the Fair Value of Stocks with Machine Learning and Fundamental Data},
 year = {2024}
}

@inproceedings{ngweta2024aligners,
 address = {Vienna, Austria},
 author = {Ngweta, Lilian and Agarwal, Mayank and Maity, Subha and Gittens, Alex and Sun, Yuekai and Yurochkin, Mikhail},
 booktitle = {12th International Conference on Learning Representations (ICLR)},
 month = {May},
 note = {\url{https://openreview.net/forum?id=E6WukV41He}},
 publisher = {OpenReview.net},
 series = {The Second Tiny Papers Track},
 title = {Aligners: Decoupling LLMs and Alignment},
 year = {2024}
}

@inproceedings{nohmyongsung2024ai,
 address = {Vienna, Austria},
 author = {NohMyongSung and Hui, Cho Ung},
 booktitle = {12th International Conference on Learning Representations (ICLR)},
 month = {May},
 note = {\url{https://openreview.net/forum?id=ZZB8z9hIjR}},
 publisher = {OpenReview.net},
 series = {The Second Tiny Papers Track},
 title = {AI Gen ASSISTment: Analyzing the Effectiveness of Generative AI Data Amplification for DKT},
 year = {2024}
}

@inproceedings{ojha2024affinitybased,
 address = {Vienna, Austria},
 author = {Ojha, Indranil and Bose, Kushal and Das, Swagatam},
 booktitle = {12th International Conference on Learning Representations (ICLR)},
 month = {May},
 note = {\url{https://openreview.net/forum?id=IsdDOrAowN}},
 publisher = {OpenReview.net},
 series = {The Second Tiny Papers Track},
 title = {Affinity-based Homophily: Can We Measure Homophily of a Graph Without Using Node Labels?},
 year = {2024}
}

@inproceedings{osman2024small,
 address = {Vienna, Austria},
 author = {Osman, Mohamed and Kaplan, Daniel Z.},
 booktitle = {12th International Conference on Learning Representations (ICLR)},
 month = {May},
 note = {\url{https://openreview.net/forum?id=owfuhF0bT9}},
 publisher = {OpenReview.net},
 series = {The Second Tiny Papers Track},
 title = {Small Transformers, Big Results: Efficient Diffusion with Parameter Sharing},
 year = {2024}
}

@inproceedings{osmani2024voltavision,
 address = {Vienna, Austria},
 author = {Osmani, Anas Mohammad Ishfaqul Muktadir and Rahman, Taimur and Islam, Salekul},
 booktitle = {12th International Conference on Learning Representations (ICLR)},
 month = {May},
 note = {\url{https://openreview.net/forum?id=JHTqFvmVYz}},
 publisher = {OpenReview.net},
 series = {The Second Tiny Papers Track},
 title = {VoltaVision: A Transfer Learning Model for Electronic Component Classification},
 year = {2024}
}

@inproceedings{pal2024stacking,
 address = {Vienna, Austria},
 author = {Pal, Pratik and Rai, Priyanshu Kumar},
 booktitle = {12th International Conference on Learning Representations (ICLR)},
 month = {May},
 note = {\url{https://openreview.net/forum?id=hbSJSFe2mM}},
 publisher = {OpenReview.net},
 series = {The Second Tiny Papers Track},
 title = {Stacking/Ensemble Model for Smartphone-Based Human Activity Recognition using Feature Engineering},
 year = {2024}
}

@inproceedings{park2024frustratingly,
 address = {Vienna, Austria},
 author = {Park, Jungyeul and Qiu, Mengyang},
 booktitle = {12th International Conference on Learning Representations (ICLR)},
 month = {May},
 note = {\url{https://openreview.net/forum?id=XlJRjhIkNi}},
 publisher = {OpenReview.net},
 series = {The Second Tiny Papers Track},
 title = {Frustratingly Simple Prompting-based Text Denoising},
 year = {2024}
}

@inproceedings{paul2024tdivergence,
 address = {Vienna, Austria},
 author = {Paul, Debolina and Chakraborty, Saptarshi and Das, Swagatam},
 booktitle = {12th International Conference on Learning Representations (ICLR)},
 month = {May},
 note = {\url{https://openreview.net/forum?id=xusEi6Fx3y}},
 publisher = {OpenReview.net},
 series = {The Second Tiny Papers Track},
 title = {t-Divergence: A New Divergence Measure with Application to Robust Statistics Clustering},
 year = {2024}
}

@inproceedings{pei2024entropy,
 address = {Vienna, Austria},
 author = {Pei, Jiaming and Wu, Haotian},
 booktitle = {12th International Conference on Learning Representations (ICLR)},
 month = {May},
 note = {\url{https://openreview.net/forum?id=P7MVXYI3Xx}},
 publisher = {OpenReview.net},
 series = {The Second Tiny Papers Track},
 title = {Entropy-Aided Prompt Federated Learning},
 year = {2024}
}

@inproceedings{peng2024adaptive,
 address = {Vienna, Austria},
 author = {Peng, Ciyuan and Liu, Mujie and Meng, Chenxuan and Yu, Shuo and Xia, Feng},
 booktitle = {12th International Conference on Learning Representations (ICLR)},
 month = {May},
 note = {\url{https://openreview.net/forum?id=29N5YY0OuO}},
 publisher = {OpenReview.net},
 series = {The Second Tiny Papers Track},
 title = {Adaptive Brain Network Augmentation Based on Group-Aware Graph Learning},
 year = {2024}
}

@inproceedings{perets2024dsfgan,
 address = {Vienna, Austria},
 author = {Perets, Oriel and Rappoport, Nadav},
 booktitle = {12th International Conference on Learning Representations (ICLR)},
 month = {May},
 note = {\url{https://openreview.net/forum?id=Vfp8jhwcCc}},
 publisher = {OpenReview.net},
 series = {The Second Tiny Papers Track},
 title = {DSF-GAN: Downstream Feedback Generative Adversarial Network},
 year = {2024}
}

@inproceedings{pershin2024generation,
 address = {Vienna, Austria},
 author = {Pershin, Ilya and Tumakov, Dmitrii},
 booktitle = {12th International Conference on Learning Representations (ICLR)},
 month = {May},
 note = {\url{https://openreview.net/forum?id=FVR89igilr}},
 publisher = {OpenReview.net},
 series = {The Second Tiny Papers Track},
 title = {Generation of a Random Self-Similarity Curve},
 year = {2024}
}

@inproceedings{phute2024llm,
 address = {Vienna, Austria},
 author = {Phute, Mansi and Helbling, Alec and Hull, Matthew and Peng, Shengyun and Szyller, Sebastian and Cornelius, Cory and Chau, Duen Horng},
 booktitle = {12th International Conference on Learning Representations (ICLR)},
 month = {May},
 note = {\url{https://openreview.net/forum?id=YoqgcIA19o}},
 publisher = {OpenReview.net},
 series = {The Second Tiny Papers Track},
 title = {LLM Self Defense: By Self Examination, LLMs Know They Are Being Tricked},
 year = {2024}
}

@inproceedings{pishchik2024even,
 address = {Vienna, Austria},
 author = {Pishchik, Evgenii},
 booktitle = {12th International Conference on Learning Representations (ICLR)},
 month = {May},
 note = {\url{https://openreview.net/forum?id=FfkW423EmB}},
 publisher = {OpenReview.net},
 series = {The Second Tiny Papers Track},
 title = {Even a Single Simple Augmentation with Self-Supervised Learning Can Be Helpful for the Downstream Tasks},
 year = {2024}
}

@inproceedings{qiu2024empirical,
 address = {Vienna, Austria},
 author = {Qiu, Zihan and Huang, Zeyu and Huang, Youcheng and Fu, Jie},
 booktitle = {12th International Conference on Learning Representations (ICLR)},
 month = {May},
 note = {\url{https://openreview.net/forum?id=WSl84nwG7i}},
 publisher = {OpenReview.net},
 series = {The Second Tiny Papers Track},
 title = {Empirical Study on Updating Key-Value Memories in Transformer Feed-Forward Layers},
 year = {2024}
}

@inproceedings{rahman2024design,
 address = {Vienna, Austria},
 author = {Rahman, Moshiur and Khan, Muhtasim Ishmum and Karim, Md. Shahriar},
 booktitle = {12th International Conference on Learning Representations (ICLR)},
 month = {May},
 note = {\url{https://openreview.net/forum?id=AXwGBliKOV}},
 publisher = {OpenReview.net},
 series = {The Second Tiny Papers Track},
 title = {Design of a Molecular Exchange-Based Robust Perceptron for Biomolecular Neural Network},
 year = {2024}
}

@inproceedings{rai2024generalized,
 address = {Vienna, Austria},
 author = {Rai, Priyanshu Kumar and Pal, Pratik and Agarwal, Akshay},
 booktitle = {12th International Conference on Learning Representations (ICLR)},
 month = {May},
 note = {\url{https://openreview.net/forum?id=VAJVN44B5b}},
 publisher = {OpenReview.net},
 series = {The Second Tiny Papers Track},
 title = {A Generalized Semiconductor Wafer Defect Classifier},
 year = {2024}
}

@inproceedings{rane2024dynamic,
 address = {Vienna, Austria},
 author = {Rane, Chinmay and Tyagi, Kanishka and Chugh, Tushar and Murali, Nirmala},
 booktitle = {12th International Conference on Learning Representations (ICLR)},
 month = {May},
 note = {\url{https://openreview.net/forum?id=F7rBDSxIMs}},
 publisher = {OpenReview.net},
 series = {The Second Tiny Papers Track},
 title = {Dynamic Activations for Neural Net Training},
 year = {2024}
}

@inproceedings{razeghi2024backtracking,
 address = {Vienna, Austria},
 author = {Razeghi, Yasaman and Ivison, Hamish and Singh, Sameer and Elazar, Yanai},
 booktitle = {12th International Conference on Learning Representations (ICLR)},
 month = {May},
 note = {\url{https://openreview.net/forum?id=otHhLO7GZj}},
 publisher = {OpenReview.net},
 series = {The Second Tiny Papers Track},
 title = {Backtracking Mathematical Reasoning of Language Models to the Pretraining Data},
 year = {2024}
}

@inproceedings{rodemann2024partial,
 address = {Vienna, Austria},
 author = {Rodemann, Julian and Blocher, Hannah},
 booktitle = {12th International Conference on Learning Representations (ICLR)},
 month = {May},
 note = {\url{https://openreview.net/forum?id=mhwNoQcEjQ}},
 publisher = {OpenReview.net},
 series = {The Second Tiny Papers Track},
 title = {Partial Rankings of Optimizers},
 year = {2024}
}

@inproceedings{rowan2024many,
 address = {Vienna, Austria},
 author = {Rowan, Will and Huber, Patrik and Pears, Nick E. and Keeling, Andrew},
 booktitle = {12th International Conference on Learning Representations (ICLR)},
 month = {May},
 note = {\url{https://openreview.net/forum?id=KzNM3S3IDT}},
 publisher = {OpenReview.net},
 series = {The Second Tiny Papers Track},
 title = {How Many OptiFaces? A New Evaluation Metric for 3D Face Reconstruction},
 year = {2024}
}

@inproceedings{rozanec2024back,
 address = {Vienna, Austria},
 author = {Rozanec, Joze M. and Sircelj, Beno and Cochez, Michael and Leban, Gregor},
 booktitle = {12th International Conference on Learning Representations (ICLR)},
 month = {May},
 note = {\url{https://openreview.net/forum?id=TqQlYLd52W}},
 publisher = {OpenReview.net},
 series = {The Second Tiny Papers Track},
 title = {Back to the Future: Predicting Causal Relationships Influencing Oil Prices},
 year = {2024}
}

@inproceedings{ruiztorrubiano2024generating,
 address = {Vienna, Austria},
 author = {Ruiz-Torrubiano, Rubén},
 booktitle = {12th International Conference on Learning Representations (ICLR)},
 month = {May},
 note = {\url{https://openreview.net/forum?id=4hmAp3Ca3o}},
 publisher = {OpenReview.net},
 series = {The Second Tiny Papers Track},
 title = {Generating Counterfactual Explanations Using Cardinality Constraints},
 year = {2024}
}

@inproceedings{sagaram2024solar,
 address = {Vienna, Austria},
 author = {Sagaram, Sankarshanaa and Srivastava, Laven and Didwania, Krish and Kasliwal, Aditya and Kailas, Pallavi and Verma, Ujjwal},
 booktitle = {12th International Conference on Learning Representations (ICLR)},
 month = {May},
 note = {\url{https://openreview.net/forum?id=V4kjFcopPS}},
 publisher = {OpenReview.net},
 series = {The Second Tiny Papers Track},
 title = {Solar Panel Segmentation: Self-Supervised Learning Solutions for Imperfect Datasets},
 year = {2024}
}

@inproceedings{saha2024region,
 address = {Vienna, Austria},
 author = {Saha, Saptarshi and Garain, Utpal},
 booktitle = {12th International Conference on Learning Representations (ICLR)},
 month = {May},
 note = {\url{https://openreview.net/forum?id=2qPBw8OuU7}},
 publisher = {OpenReview.net},
 series = {The Second Tiny Papers Track},
 title = {Region Mixup},
 year = {2024}
}

@inproceedings{sahak2024fusing,
 address = {Vienna, Austria},
 author = {Sahak, Hshmat},
 booktitle = {12th International Conference on Learning Representations (ICLR)},
 month = {May},
 note = {\url{https://openreview.net/forum?id=McFvoo7s6V}},
 publisher = {OpenReview.net},
 series = {The Second Tiny Papers Track},
 title = {Fusing Vision and Language Models to Generate Sequence of Recipe Images from Steps},
 year = {2024}
}

@inproceedings{sargsyan2024combinatorial,
 address = {Vienna, Austria},
 author = {Sargsyan, Karen},
 booktitle = {12th International Conference on Learning Representations (ICLR)},
 month = {May},
 note = {\url{https://openreview.net/forum?id=Htn3pRs2v7}},
 publisher = {OpenReview.net},
 series = {The Second Tiny Papers Track},
 title = {Combinatorial CNNs for Words},
 year = {2024}
}

@inproceedings{sawhney2024sequence,
 address = {Vienna, Austria},
 author = {Sawhney, Ramit and Thakkar, Megh},
 booktitle = {12th International Conference on Learning Representations (ICLR)},
 month = {May},
 note = {\url{https://openreview.net/forum?id=H6gQ9iOS1X}},
 publisher = {OpenReview.net},
 series = {The Second Tiny Papers Track},
 title = {Sequence Mixup for Zero-Shot Cross-Lingual Part-of-Speech Tagging},
 year = {2024}
}

@inproceedings{sayeedi2024mosquitofusion,
 address = {Vienna, Austria},
 author = {Sayeedi, Md. Faiyaz Abdullah and Hafiz, Fahim and Rahman, Md Ashiqur},
 booktitle = {12th International Conference on Learning Representations (ICLR)},
 month = {May},
 note = {\url{https://openreview.net/forum?id=3s4hFx8pYs}},
 publisher = {OpenReview.net},
 series = {The Second Tiny Papers Track},
 title = {MosquitoFusion: A Multiclass Dataset for Real-Time Detection of Mosquitoes, Swarms, and Breeding Sites Using Deep Learning},
 year = {2024}
}

@inproceedings{schneckenreiter2024gnnvpa,
 address = {Vienna, Austria},
 author = {Schneckenreiter, Lisa and Freinschlag, Richard and Sestak, Florian and Br, Johannes and Stetter, and Klambauer, Günter and Mayr, Andreas},
 booktitle = {12th International Conference on Learning Representations (ICLR)},
 month = {May},
 note = {\url{https://openreview.net/forum?id=2yuAxTs0QV}},
 publisher = {OpenReview.net},
 series = {The Second Tiny Papers Track},
 title = {GNN-VPA: A Variance-Preserving Aggregation Strategy for Graph Neural Networks},
 year = {2024}
}

@inproceedings{shah2024can,
 address = {Vienna, Austria},
 author = {Shah, Siddhant Bikram},
 booktitle = {12th International Conference on Learning Representations (ICLR)},
 month = {May},
 note = {\url{https://openreview.net/forum?id=uF7ZWntl3m}},
 publisher = {OpenReview.net},
 series = {The Second Tiny Papers Track},
 title = {Can Decoupling Embedded Text from Images Improve Multimodal Learning?},
 year = {2024}
}

@inproceedings{shang2024empirical,
 address = {Vienna, Austria},
 author = {Shang, Yuqing and Wu, Qiming and Li, Siqi and Miao, Di},
 booktitle = {12th International Conference on Learning Representations (ICLR)},
 month = {May},
 note = {\url{https://openreview.net/forum?id=iaTN5lQsSu}},
 publisher = {OpenReview.net},
 series = {The Second Tiny Papers Track},
 title = {Empirical Evaluations of Personalized Federated Learning on Heterogeneous Electronic Health Records},
 year = {2024}
}

@inproceedings{shen2024emoji,
 address = {Vienna, Austria},
 author = {Shen, Chengao and Mu, Siyuan and Diao, Ge},
 booktitle = {12th International Conference on Learning Representations (ICLR)},
 month = {May},
 note = {\url{https://openreview.net/forum?id=CmaquCIlPU}},
 publisher = {OpenReview.net},
 series = {The Second Tiny Papers Track},
 title = {Emoji Kitchen with Controlled Fusion},
 year = {2024}
}

@inproceedings{shen2024enhancing,
 address = {Vienna, Austria},
 author = {Shen, Guobin and Zhao, Dongcheng and Shen, Sicheng and Zeng, Yi},
 booktitle = {12th International Conference on Learning Representations (ICLR)},
 month = {May},
 note = {\url{https://openreview.net/forum?id=6X3TNqLb5t}},
 publisher = {OpenReview.net},
 series = {The Second Tiny Papers Track},
 title = {Enhancing Spiking Transformers with Binary Attention Mechanisms},
 year = {2024}
}

@inproceedings{shu2024dda,
 address = {Vienna, Austria},
 author = {Shu, Wenjie and Zhang, Zien},
 booktitle = {12th International Conference on Learning Representations (ICLR)},
 month = {May},
 note = {\url{https://openreview.net/forum?id=SACKV1UWc6}},
 publisher = {OpenReview.net},
 series = {The Second Tiny Papers Track},
 title = {DDA: A Dual-Domain Attention Plug-and-Play Prior for Pansharpening},
 year = {2024}
}

@inproceedings{sidhu2024evaluation,
 address = {Vienna, Austria},
 author = {Sidhu, Jasdeep and Mishra, Shubhra and Gulati, Aryan and Ladsaria, Devanshu and Unknown, Unknown and Unknown, Unknown},
 booktitle = {12th International Conference on Learning Representations (ICLR)},
 month = {May},
 note = {\url{https://openreview.net/forum?id=22ITxc8y5p}},
 publisher = {OpenReview.net},
 series = {The Second Tiny Papers Track},
 title = {An Evaluation Benchmark for Autoformalization in Lean4},
 year = {2024}
}

@inproceedings{singh2024biobjective,
 address = {Vienna, Austria},
 author = {Singh, Aditya and Singla, Aditi and Kukreja, Kanishk},
 booktitle = {12th International Conference on Learning Representations (ICLR)},
 month = {May},
 note = {\url{https://openreview.net/forum?id=P7LrBatrOR}},
 publisher = {OpenReview.net},
 series = {The Second Tiny Papers Track},
 title = {A Bi-Objective ϵ-Constrained Framework for Quality-Cost Optimization in Language Model Ensembles},
 year = {2024}
}

@inproceedings{singh2024role,
 address = {Vienna, Austria},
 author = {Singh, Simranjit and Golatkar, Aditya and Verma, Avijit},
 booktitle = {12th International Conference on Learning Representations (ICLR)},
 month = {May},
 note = {\url{https://openreview.net/forum?id=EarRzo8ixe}},
 publisher = {OpenReview.net},
 series = {The Second Tiny Papers Track},
 title = {Role of Over-Parameterization in Generalization of 3-layer ReLU Networks},
 year = {2024}
}

@inproceedings{singh2024towards,
 address = {Vienna, Austria},
 author = {Singh, Gargi and Tambe, Milind and Taneja, Aparna},
 booktitle = {12th International Conference on Learning Representations (ICLR)},
 month = {May},
 note = {\url{https://openreview.net/forum?id=IfjStJ6GoX}},
 publisher = {OpenReview.net},
 series = {The Second Tiny Papers Track},
 title = {Towards Fairness Constrained Restless Multi-Armed Bandits: A Case Study of Maternal and Child Care Domain},
 year = {2024}
}

@inproceedings{singh2024visual,
 address = {Vienna, Austria},
 author = {Singh, Kunal and Khanna, Mukund and Biswas, Ankan and Moturi, Pradeep and Shivam, Unknown},
 booktitle = {12th International Conference on Learning Representations (ICLR)},
 month = {May},
 note = {\url{https://openreview.net/forum?id=DI4gETm7aa}},
 publisher = {OpenReview.net},
 series = {The Second Tiny Papers Track},
 title = {Visual Prompting Methods for GPT-4V Based Zero-Shot Graphic Layout Design Generation},
 year = {2024}
}

@inproceedings{soman2024observations,
 address = {Vienna, Austria},
 author = {Soman, Sumit and Roychowdhury, Sujoy},
 booktitle = {12th International Conference on Learning Representations (ICLR)},
 month = {May},
 note = {\url{https://openreview.net/forum?id=RFujq4HoV4}},
 publisher = {OpenReview.net},
 series = {The Second Tiny Papers Track},
 title = {Observations on Building RAG Systems for Technical Documents},
 year = {2024}
}

@inproceedings{strohmayer2024wifi,
 address = {Vienna, Austria},
 author = {Strohmayer, Julian and Kampel, Martin},
 booktitle = {12th International Conference on Learning Representations (ICLR)},
 month = {May},
 note = {\url{https://openreview.net/forum?id=AOJFcEh5Eb}},
 publisher = {OpenReview.net},
 series = {The Second Tiny Papers Track},
 title = {WiFi CSI-based Long-Range Person Localization Using Directional Antennas},
 year = {2024}
}

@inproceedings{su2024user,
 address = {Vienna, Austria},
 author = {Su, Megan and Bao, Yuwei},
 booktitle = {12th International Conference on Learning Representations (ICLR)},
 month = {May},
 note = {\url{https://openreview.net/forum?id=YEjIcZpqed}},
 publisher = {OpenReview.net},
 series = {The Second Tiny Papers Track},
 title = {User Modeling Challenges in Interactive AI Assistant Systems},
 year = {2024}
}

@inproceedings{suhail2024network,
 address = {Vienna, Austria},
 author = {Suhail, Pirzada},
 booktitle = {12th International Conference on Learning Representations (ICLR)},
 month = {May},
 note = {\url{https://openreview.net/forum?id=zKcB0vb7qd}},
 publisher = {OpenReview.net},
 series = {The Second Tiny Papers Track},
 title = {Network Inversion of Binarised Neural Nets},
 year = {2024}
}

@inproceedings{suresh2024is,
 address = {Vienna, Austria},
 author = {Suresh, Tarun and Ugare, Shubham and Gag, Unknown and Singh, Deep and Misailovic, Sasa},
 booktitle = {12th International Conference on Learning Representations (ICLR)},
 month = {May},
 note = {\url{https://openreview.net/forum?id=8PhI1PzSYY}},
 publisher = {OpenReview.net},
 series = {The Second Tiny Papers Track},
 title = {Is Watermarking LLM-Generated Code Robust?},
 year = {2024}
}

@inproceedings{suri2024doc2command,
 address = {Vienna, Austria},
 author = {Suri, Manan and Mathur, Puneet and Sawhney, Ramit and Nakov, Preslav and Manocha, Dinesh},
 booktitle = {12th International Conference on Learning Representations (ICLR)},
 month = {May},
 note = {\url{https://openreview.net/forum?id=inQ9bW5AQz}},
 publisher = {OpenReview.net},
 series = {The Second Tiny Papers Track},
 title = {Doc2Command: Furthering Language Guided Document Editing},
 year = {2024}
}

@inproceedings{sztukiewicz2024exploring,
 address = {Vienna, Austria},
 author = {Sztukiewicz, Lukasz and Good, Jack Henry and Dubrawski, Artur},
 booktitle = {12th International Conference on Learning Representations (ICLR)},
 month = {May},
 note = {\url{https://openreview.net/forum?id=B8H7pqlj3N}},
 publisher = {OpenReview.net},
 series = {The Second Tiny Papers Track},
 title = {Exploring Loss Design Techniques for Decision Tree Robustness to Label Noise},
 year = {2024}
}

@inproceedings{tabatabaei2024no,
 address = {Vienna, Austria},
 author = {Tabatabaei, Aref and Dehghanian, Zahra and Movaghatian, Negar and Amirmazlaghani, Maryam},
 booktitle = {12th International Conference on Learning Representations (ICLR)},
 month = {May},
 note = {\url{https://openreview.net/forum?id=qjrvRK24S0}},
 publisher = {OpenReview.net},
 series = {The Second Tiny Papers Track},
 title = {No More BLAH-BLAH: Embracing Real Text in the Image Synthesis World},
 year = {2024}
}

@inproceedings{tang2024semantic,
 address = {Vienna, Austria},
 author = {Tang, Xunzhu and Song, Yewei and Tian, Haoye and Chen, Zhenghan and Klein, Jacques and Bissy, Tegawendé F.},
 booktitle = {12th International Conference on Learning Representations (ICLR)},
 month = {May},
 note = {\url{https://openreview.net/forum?id=zAst1ulgP2}},
 publisher = {OpenReview.net},
 series = {The Second Tiny Papers Track},
 title = {Semantic Patch Embedding for Security Detection: A Fine-to-Coarse Grained Approach},
 year = {2024}
}

@inproceedings{tao2024does,
 address = {Vienna, Austria},
 author = {Tao, Muzi and Xie, Saining},
 booktitle = {12th International Conference on Learning Representations (ICLR)},
 month = {May},
 note = {\url{https://openreview.net/forum?id=dINMwL186O}},
 publisher = {OpenReview.net},
 series = {The Second Tiny Papers Track},
 title = {What Does a Visual Formal Analysis of the World's 500 Most Famous Paintings Tell Us About Multimodal LLMs?},
 year = {2024}
}

@inproceedings{tsur2024visualizing,
 address = {Vienna, Austria},
 author = {Tsur, Dor and Permuter, Haim H.},
 booktitle = {12th International Conference on Learning Representations (ICLR)},
 month = {May},
 note = {\url{https://openreview.net/forum?id=GNlfjLepnP}},
 publisher = {OpenReview.net},
 series = {The Second Tiny Papers Track},
 title = {Visualizing Information Conservation and Decomposition via the Information Matrix},
 year = {2024}
}

@inproceedings{vega2024bypassing,
 address = {Vienna, Austria},
 author = {Vega, Jason and Chaudhary, Isha and Xu, Changming and Gag, and Singh, Deep},
 booktitle = {12th International Conference on Learning Representations (ICLR)},
 month = {May},
 note = {\url{https://openreview.net/forum?id=nz8Byp7ep6}},
 publisher = {OpenReview.net},
 series = {The Second Tiny Papers Track},
 title = {Bypassing the Safety Training of Open-Source LLMs with Priming Attacks},
 year = {2024}
}

@inproceedings{vesaghati2024training,
 address = {Vienna, Austria},
 author = {Vesaghati, Fateme and Zareapoor, Masoumeh},
 booktitle = {12th International Conference on Learning Representations (ICLR)},
 month = {May},
 note = {\url{https://openreview.net/forum?id=UJgSQjBWZS}},
 publisher = {OpenReview.net},
 series = {The Second Tiny Papers Track},
 title = {Training Mixture-of-Experts: A Focus on Expert-Token Matching},
 year = {2024}
}

@inproceedings{wang2024cognitive,
 address = {Vienna, Austria},
 author = {Wang, Xiaomeng and Sharma, Dharmendra and Kumar, Dinesh},
 booktitle = {12th International Conference on Learning Representations (ICLR)},
 month = {May},
 note = {\url{https://openreview.net/forum?id=IIus8CSwsU}},
 publisher = {OpenReview.net},
 series = {The Second Tiny Papers Track},
 title = {Cognitive Reframing via Large Language Models for Enhanced Linguistic Attributes},
 year = {2024}
}

@inproceedings{wang2024onls,
 address = {Vienna, Austria},
 author = {Wang, Zihan},
 booktitle = {12th International Conference on Learning Representations (ICLR)},
 month = {May},
 note = {\url{https://openreview.net/forum?id=Q8diCUHTZd}},
 publisher = {OpenReview.net},
 series = {The Second Tiny Papers Track},
 title = {ONLS: Optimal Noise Level Search in Diffusion Autoencoders Without Fine-Tuning},
 year = {2024}
}

@inproceedings{wasi2024neural,
 address = {Vienna, Austria},
 author = {Wasi, Azmine Toushik},
 booktitle = {12th International Conference on Learning Representations (ICLR)},
 month = {May},
 note = {\url{https://openreview.net/forum?id=Te4P3Cn54g}},
 publisher = {OpenReview.net},
 series = {The Second Tiny Papers Track},
 title = {Neural Control System for Continuous Glucose Monitoring and Maintenance},
 year = {2024}
}

@inproceedings{wasi2024smiles,
 address = {Vienna, Austria},
 author = {Wasi, Azmine Toushik and Serbetar, Karlo and Islam, Raima and Rafi, Taki Hasan and Chae, Dong-Kyu},
 booktitle = {12th International Conference on Learning Representations (ICLR)},
 month = {May},
 note = {\url{https://openreview.net/forum?id=VUYCyH8fCw}},
 publisher = {OpenReview.net},
 series = {The Second Tiny Papers Track},
 title = {When SMILES have Language: Drug Classification Using Text Classification Methods on Drug SMILES Strings},
 year = {2024}
}

@inproceedings{wu2024dynamicposenet,
 address = {Vienna, Austria},
 author = {Wu, Zundong and Xu, Jin},
 booktitle = {12th International Conference on Learning Representations (ICLR)},
 month = {May},
 note = {\url{https://openreview.net/forum?id=u6gVK59f4d}},
 publisher = {OpenReview.net},
 series = {The Second Tiny Papers Track},
 title = {DynamicPoseNet: Advanced Human Motion Generation with Dual-Pathway CNNs and LoRA-Enhanced LLaMA},
 year = {2024}
}

@inproceedings{wu2024evaluating,
 address = {Vienna, Austria},
 author = {Wu, Qiming and Li, Siqi and Miao, Di and Shang, Yuqing and Li, Xin and Liu, Nan},
 booktitle = {12th International Conference on Learning Representations (ICLR)},
 month = {May},
 note = {\url{https://openreview.net/forum?id=c4GVRbEx1g}},
 publisher = {OpenReview.net},
 series = {The Second Tiny Papers Track},
 title = {Evaluating the Efficacy of Federated Scoring Systems with Heterogeneous Electronic Health Records},
 year = {2024}
}

@inproceedings{wu2024hallucination,
 address = {Vienna, Austria},
 author = {Wu, Jinge and Kim, Yunsoo and Wu, Honghan},
 booktitle = {12th International Conference on Learning Representations (ICLR)},
 month = {May},
 note = {\url{https://openreview.net/forum?id=vxlXqOj4zv}},
 publisher = {OpenReview.net},
 series = {The Second Tiny Papers Track},
 title = {Hallucination Benchmark in Medical Visual Question Answering},
 year = {2024}
}

@inproceedings{wu2024pretokenization,
 address = {Vienna, Austria},
 author = {Wu, Zhenglong and Qi, Qi and Zhuang, Zirui and Sun, Haifeng and Wang, Jingyu},
 booktitle = {12th International Conference on Learning Representations (ICLR)},
 month = {May},
 note = {\url{https://openreview.net/forum?id=bv8n5aYP1l}},
 publisher = {OpenReview.net},
 series = {The Second Tiny Papers Track},
 title = {Pre-Tokenization of Numbers for Large Language Models},
 year = {2024}
}

@inproceedings{xiang2024feedface,
 address = {Vienna, Austria},
 author = {Xiang, Chendong and Arm, and Fortes, O Teles and Chua, Khang Hui and Su, Hang and Zhu, Jun},
 booktitle = {12th International Conference on Learning Representations (ICLR)},
 month = {May},
 note = {\url{https://openreview.net/forum?id=PqPKBcamy3}},
 publisher = {OpenReview.net},
 series = {The Second Tiny Papers Track},
 title = {FeedFace: Efficient Inference-Based Face Personalization via Diffusion Models},
 year = {2024}
}

@inproceedings{xu2024can,
 address = {Vienna, Austria},
 author = {Xu, Han and Ye, Jingyang and Li, Yutong and Chen, Haipeng},
 booktitle = {12th International Conference on Learning Representations (ICLR)},
 month = {May},
 note = {\url{https://openreview.net/forum?id=42b9hJrIpX}},
 publisher = {OpenReview.net},
 series = {The Second Tiny Papers Track},
 title = {Can Speculative Sampling Accelerate ReAct Without Compromising Reasoning Quality?},
 year = {2024}
}

@inproceedings{xu2024key,
 address = {Vienna, Austria},
 author = {Xu, Jing and Tian, Beiwen and Zhao, Hao},
 booktitle = {12th International Conference on Learning Representations (ICLR)},
 month = {May},
 note = {\url{https://openreview.net/forum?id=NHm3OB6bIG}},
 publisher = {OpenReview.net},
 series = {The Second Tiny Papers Track},
 title = {Key Patch Proposer: Key Patches Contain Rich Information},
 year = {2024}
}

@inproceedings{xuan2024mask2tasks,
 address = {Vienna, Austria},
 author = {Xuan, Hieu Le and Le, Minh Hoang and Truong, Viet V. and Quang, Huy Phan and Huy, Hoang Vu},
 booktitle = {12th International Conference on Learning Representations (ICLR)},
 month = {May},
 note = {\url{https://openreview.net/forum?id=WMxXuVTzFm}},
 publisher = {OpenReview.net},
 series = {The Second Tiny Papers Track},
 title = {Mask2tasks: Leveraging Segmentation to Enhance Classification Performance in Histopathological Colorectal Images},
 year = {2024}
}

@inproceedings{xue2024federated,
 address = {Vienna, Austria},
 author = {Xue, Rubing and Pei, Jiaming and Wang, Lukun},
 booktitle = {12th International Conference on Learning Representations (ICLR)},
 month = {May},
 note = {\url{https://openreview.net/forum?id=TrvOETLeYO}},
 publisher = {OpenReview.net},
 series = {The Second Tiny Papers Track},
 title = {Federated Learning on Small Batch Sizes via Batch Renormalization},
 year = {2024}
}

@inproceedings{yang2024neural,
 address = {Vienna, Austria},
 author = {Yang, Lingyi and Shao, Zhen},
 booktitle = {12th International Conference on Learning Representations (ICLR)},
 month = {May},
 note = {\url{https://openreview.net/forum?id=vQUq4DVeu6}},
 publisher = {OpenReview.net},
 series = {The Second Tiny Papers Track},
 title = {Neural Controlled Differential Equations with Quantum Hidden Evolutions},
 year = {2024}
}

@inproceedings{yang2024qlearning,
 address = {Vienna, Austria},
 author = {Yang, Lingyi},
 booktitle = {12th International Conference on Learning Representations (ICLR)},
 month = {May},
 note = {\url{https://openreview.net/forum?id=xEx5Uyc0c4}},
 publisher = {OpenReview.net},
 series = {The Second Tiny Papers Track},
 title = {Q-Learning as a Montone Scheme},
 year = {2024}
}

@inproceedings{yao2024generalize,
 address = {Vienna, Austria},
 author = {Yao, Yupu},
 booktitle = {12th International Conference on Learning Representations (ICLR)},
 month = {May},
 note = {\url{https://openreview.net/forum?id=RpiiKMGaK3}},
 publisher = {OpenReview.net},
 series = {The Second Tiny Papers Track},
 title = {Generalize Neural Network Through Smooth Hypothesis Function},
 year = {2024}
}

@inproceedings{yorsh2024on,
 address = {Vienna, Austria},
 author = {Yorsh, Uladzislau and Holena, Martin and Bojar, Ondrej and Herel, David},
 booktitle = {12th International Conference on Learning Representations (ICLR)},
 month = {May},
 note = {\url{https://openreview.net/forum?id=pexcddsXGY}},
 publisher = {OpenReview.net},
 series = {The Second Tiny Papers Track},
 title = {On Difficulties of Attention Factorization through Shared Memory},
 year = {2024}
}

@inproceedings{yuejy2024novel,
 address = {Vienna, Austria},
 author = {Yuejy and Bi, Xiaojun and Chen, Zheng},
 booktitle = {12th International Conference on Learning Representations (ICLR)},
 month = {May},
 note = {\url{https://openreview.net/forum?id=0Nm98D6mEh}},
 publisher = {OpenReview.net},
 series = {The Second Tiny Papers Track},
 title = {A Novel Two-stage Model with Cross-Level Contrastive Learning for Text-VQA},
 year = {2024}
}

@inproceedings{zaratiana2024lost,
 address = {Vienna, Austria},
 author = {Zaratiana, Urchade},
 booktitle = {12th International Conference on Learning Representations (ICLR)},
 month = {May},
 note = {\url{https://openreview.net/forum?id=Jr3XQRtn3B}},
 publisher = {OpenReview.net},
 series = {The Second Tiny Papers Track},
 title = {Lost or Liberated? A Dive into Bidirectional Transformer LMs Without Positional Encoding},
 year = {2024}
}

@inproceedings{zawar2024jensenshannon,
 address = {Vienna, Austria},
 author = {Zawar, Rushikesh and Sethi, Prabhdeep Singh and Roy, Roshan},
 booktitle = {12th International Conference on Learning Representations (ICLR)},
 month = {May},
 note = {\url{https://openreview.net/forum?id=PRBspmgNkY}},
 publisher = {OpenReview.net},
 series = {The Second Tiny Papers Track},
 title = {Jensen-Shannon Divergence in Safe Multi-Agent RL},
 year = {2024}
}

@inproceedings{zhang2024can,
 address = {Vienna, Austria},
 author = {Zhang, Chen and Tao, Mingxu and Huang, Quzhe and Chen, Zhibin and Feng, Yansong},
 booktitle = {12th International Conference on Learning Representations (ICLR)},
 month = {May},
 note = {\url{https://openreview.net/forum?id=GTHD2UnDIb}},
 publisher = {OpenReview.net},
 series = {The Second Tiny Papers Track},
 title = {Can LLMs Learn a New Language on the Fly? A Case Study on Zhuang},
 year = {2024}
}

@inproceedings{zhao2024learning,
 address = {Vienna, Austria},
 author = {Zhao, Tong and Shah, Neil and Ghazizadeh, Elham},
 booktitle = {12th International Conference on Learning Representations (ICLR)},
 month = {May},
 note = {\url{https://openreview.net/forum?id=m6pvyXIQcu}},
 publisher = {OpenReview.net},
 series = {The Second Tiny Papers Track},
 title = {Learning from Graphs Beyond Message Passing Neural Networks},
 year = {2024}
}

@inproceedings{zheng2024bayesiandriven,
 address = {Vienna, Austria},
 author = {Zheng, Jingjing and Cao, Yankai},
 booktitle = {12th International Conference on Learning Representations (ICLR)},
 month = {May},
 note = {\url{https://openreview.net/forum?id=ciEbMa2xuC}},
 publisher = {OpenReview.net},
 series = {The Second Tiny Papers Track},
 title = {Bayesian-Driven Learning of A New Weighted Tensor Norm for Tensor Recovery},
 year = {2024}
}

@inproceedings{zhu2024rescaling,
 address = {Vienna, Austria},
 author = {Zhu, Junyi and Lin, Zinan and Liu, Enshu and Ning, Xuefei and Blaschko, Matthew B.},
 booktitle = {12th International Conference on Learning Representations (ICLR)},
 month = {May},
 note = {\url{https://openreview.net/forum?id=1o3LnwflAl}},
 publisher = {OpenReview.net},
 series = {The Second Tiny Papers Track},
 title = {Rescaling Intermediate Features Makes Trained Consistency Models Perform Better},
 year = {2024}
}
