@inproceedings{amsterdam1988extending,
 address = {Ann Arbor, Michigan, USA},
 author = {Amsterdam, Jonathan},
 booktitle = {Machine Learning: Proceedings of the Fifth International Conference},
 editor = {Laird, John E.},
 month = {June},
 pages = {381--394},
 publisher = {Morgan Kaufmann},
 title = {Extending the Valiant Learning Model},
 year = {1988}
}

@inproceedings{bergadano1988knowledge,
 address = {Ann Arbor, Michigan, USA},
 author = {Bergadano, Francesco and Giordana, Attilio},
 booktitle = {Machine Learning: Proceedings of the Fifth International Conference},
 editor = {Laird, John E.},
 month = {June},
 pages = {305--317},
 publisher = {Morgan Kaufmann},
 title = {A Knowledge Intensive Approach to Concept Induction},
 year = {1988}
}

@inproceedings{braverman1988boundaries,
 address = {Ann Arbor, Michigan, USA},
 author = {Braverman, Michael S. and Russell, Stuart J.},
 booktitle = {Machine Learning: Proceedings of the Fifth International Conference},
 editor = {Laird, John E.},
 month = {June},
 pages = {221--234},
 publisher = {Morgan Kaufmann},
 title = {Boundaries of Operationality},
 year = {1988}
}

@inproceedings{carpineto1988approach,
 address = {Ann Arbor, Michigan, USA},
 author = {Carpineto, Claudio},
 booktitle = {Machine Learning: Proceedings of the Fifth International Conference},
 editor = {Laird, John E.},
 month = {June},
 pages = {298--304},
 publisher = {Morgan Kaufmann},
 title = {An Approach Based on Integrated Learning to Generating Stories},
 year = {1988}
}

@inproceedings{caruana1988representation,
 address = {Ann Arbor, Michigan, USA},
 author = {Caruana, Rich and Schaffer, J. David},
 booktitle = {Machine Learning: Proceedings of the Fifth International Conference},
 editor = {Laird, John E.},
 month = {June},
 pages = {153--161},
 publisher = {Morgan Kaufmann},
 title = {Representation and Hidden Bias: Gray vs. Binary Coding for Genetic Algorithms},
 year = {1988}
}

@inproceedings{cheeseman1988autoclass,
 address = {Ann Arbor, Michigan, USA},
 author = {Cheeseman, Peter C. and Kelly, James and Self, Matthew and Stutz, John C. and Taylor, Will and Freeman, Don},
 booktitle = {Machine Learning: Proceedings of the Fifth International Conference},
 editor = {Laird, John E.},
 month = {June},
 pages = {54--64},
 publisher = {Morgan Kaufmann},
 title = {AutoClass: A Bayesian Classification System},
 year = {1988}
}

@inproceedings{cheng1988improved,
 address = {Ann Arbor, Michigan, USA},
 author = {Cheng, Jie and Fayyad, Usama M. and Irani, Keki B. and Qian, Zhaogang},
 booktitle = {Machine Learning: Proceedings of the Fifth International Conference},
 editor = {Laird, John E.},
 month = {June},
 pages = {100--106},
 publisher = {Morgan Kaufmann},
 title = {Improved Decision Trees: A Generalized Version of ID3},
 year = {1988}
}

@inproceedings{cohen1988generalizing,
 address = {Ann Arbor, Michigan, USA},
 author = {Cohen, William W.},
 booktitle = {Machine Learning: Proceedings of the Fifth International Conference},
 editor = {Laird, John E.},
 month = {June},
 pages = {256--269},
 publisher = {Morgan Kaufmann},
 title = {Generalizing Number and Learning from Multiple Examples in Explanation Based Learning},
 year = {1988}
}

@inproceedings{davis1988classifier,
 address = {Ann Arbor, Michigan, USA},
 author = {Davis, Lawrence and Young, David K.},
 booktitle = {Machine Learning: Proceedings of the Fifth International Conference},
 editor = {Laird, John E.},
 month = {June},
 pages = {162--173},
 publisher = {Morgan Kaufmann},
 title = {Classifier Systems with Hamming Weights},
 year = {1988}
}

@inproceedings{erickson1988utilizing,
 address = {Ann Arbor, Michigan, USA},
 author = {Erickson, Michael D. and Zytkow, Jan M.},
 booktitle = {Machine Learning: Proceedings of the Fifth International Conference},
 editor = {Laird, John E.},
 month = {June},
 pages = {444--450},
 publisher = {Morgan Kaufmann},
 title = {Utilizing Experience for Improving the Tactical Manager},
 year = {1988}
}

@inproceedings{etzioni1988hypothesis,
 address = {Ann Arbor, Michigan, USA},
 author = {Etzioni, Oren},
 booktitle = {Machine Learning: Proceedings of the Fifth International Conference},
 editor = {Laird, John E.},
 month = {June},
 pages = {416--429},
 publisher = {Morgan Kaufmann},
 title = {Hypothesis Filtering: A Practical Approach to Reliable Learning},
 year = {1988}
}

@inproceedings{falkenhainer1988interdependencies,
 address = {Ann Arbor, Michigan, USA},
 author = {Falkenhainer, Brian and Rajamoney, Shankar A.},
 booktitle = {Machine Learning: Proceedings of the Fifth International Conference},
 editor = {Laird, John E.},
 month = {June},
 pages = {353--366},
 publisher = {Morgan Kaufmann},
 title = {The Interdependencies of Theory Formation, Revision, and Experimentation},
 year = {1988}
}

@inproceedings{fisher1988concept,
 address = {Ann Arbor, Michigan, USA},
 author = {Fisher, Douglas H. and Schlimmer, Jeffrey C.},
 booktitle = {Machine Learning: Proceedings of the Fifth International Conference},
 editor = {Laird, John E.},
 month = {June},
 pages = {22--28},
 publisher = {Morgan Kaufmann},
 title = {Concept Simplification and Prediction Accuracy},
 year = {1988}
}

@inproceedings{gross1988incremental,
 address = {Ann Arbor, Michigan, USA},
 author = {Gross, Klaus P.},
 booktitle = {Machine Learning: Proceedings of the Fifth International Conference},
 editor = {Laird, John E.},
 month = {June},
 pages = {65--72},
 publisher = {Morgan Kaufmann},
 title = {Incremental Multiple Concept Learning Using Experiments},
 year = {1988}
}

@inproceedings{helft1988learning,
 address = {Ann Arbor, Michigan, USA},
 author = {Helft, Nicolas},
 booktitle = {Machine Learning: Proceedings of the Fifth International Conference},
 editor = {Laird, John E.},
 month = {June},
 pages = {395--401},
 publisher = {Morgan Kaufmann},
 title = {Learning Systems of First-Order Rules},
 year = {1988}
}

@inproceedings{hirsh1988reasoning,
 address = {Ann Arbor, Michigan, USA},
 author = {Hirsh, Haym},
 booktitle = {Machine Learning: Proceedings of the Fifth International Conference},
 editor = {Laird, John E.},
 month = {June},
 pages = {214--220},
 publisher = {Morgan Kaufmann},
 title = {Reasoning about Operationality for Explanation-Based Learning},
 year = {1988}
}

@inproceedings{iba1988trading,
 address = {Ann Arbor, Michigan, USA},
 author = {Iba, Wayne and Wogulis, James and Langley, Pat},
 booktitle = {Machine Learning: Proceedings of the Fifth International Conference},
 editor = {Laird, John E.},
 month = {June},
 pages = {73--79},
 publisher = {Morgan Kaufmann},
 title = {Trading Off Simplicity and Coverage in Incremental Concept Learning},
 year = {1988}
}

@inproceedings{ii1988midgard,
 address = {Ann Arbor, Michigan, USA},
 author = {Sannier II, Adrian V. and Goodman, Erik D.},
 booktitle = {Machine Learning: Proceedings of the Fifth International Conference},
 editor = {Laird, John E.},
 month = {June},
 pages = {174--180},
 publisher = {Morgan Kaufmann},
 title = {Midgard: A Genetic Approach to Adaptive Load Balancing for Distributed Systems},
 year = {1988}
}

@inproceedings{jong1988using,
 address = {Ann Arbor, Michigan, USA},
 author = {De Jong, Kenneth A. and Schultz, Alan C.},
 booktitle = {Machine Learning: Proceedings of the Fifth International Conference},
 editor = {Laird, John E.},
 month = {June},
 pages = {284--290},
 publisher = {Morgan Kaufmann},
 title = {Using Experience-Based Learning in Game Playing},
 year = {1988}
}

@inproceedings{kadie1988diffy,
 address = {Ann Arbor, Michigan, USA},
 author = {Kadie, Carl Myers},
 booktitle = {Machine Learning: Proceedings of the Fifth International Conference},
 editor = {Laird, John E.},
 month = {June},
 pages = {430--436},
 publisher = {Morgan Kaufmann},
 title = {Diffy-S: Learning Robot Operator Schemata from Examples},
 year = {1988}
}

@inproceedings{kelly1988theory,
 address = {Ann Arbor, Michigan, USA},
 author = {Kelly, Kevin T.},
 booktitle = {Machine Learning: Proceedings of the Fifth International Conference},
 editor = {Laird, John E.},
 month = {June},
 pages = {325--338},
 publisher = {Morgan Kaufmann},
 title = {Theory Discovery and the Hypothesis Language},
 year = {1988}
}

@inproceedings{kerber1988using,
 address = {Ann Arbor, Michigan, USA},
 author = {Kerber, Y. and R},
 booktitle = {Machine Learning: Proceedings of the Fifth International Conference},
 editor = {Laird, John E.},
 month = {June},
 pages = {1--7},
 publisher = {Morgan Kaufmann},
 title = {Using a Generalization Hierarchy to Learn from Examples},
 year = {1988}
}

@inproceedings{krawchuk1988on,
 address = {Ann Arbor, Michigan, USA},
 author = {Krawchuk, Brent J. and Witten, Ian H.},
 booktitle = {Machine Learning: Proceedings of the Fifth International Conference},
 editor = {Laird, John E.},
 month = {June},
 pages = {15--21},
 publisher = {Morgan Kaufmann},
 title = {On Asking the Right Questions},
 year = {1988}
}

@inproceedings{lebowitz1988deferred,
 address = {Ann Arbor, Michigan, USA},
 author = {Lebowitz, Michael},
 booktitle = {Machine Learning: Proceedings of the Fifth International Conference},
 editor = {Laird, John E.},
 month = {June},
 pages = {80--86},
 publisher = {Morgan Kaufmann},
 title = {Deferred Commitment in UNIMEM: Waiting to Learn},
 year = {1988}
}

@inproceedings{lynne1988competitive,
 address = {Ann Arbor, Michigan, USA},
 author = {Lynne, Kenton J.},
 booktitle = {Machine Learning: Proceedings of the Fifth International Conference},
 editor = {Laird, John E.},
 month = {June},
 pages = {188--199},
 publisher = {Morgan Kaufmann},
 title = {Competitive Reinforcement Learning},
 year = {1988}
}

@inproceedings{mahadevan1988on,
 address = {Ann Arbor, Michigan, USA},
 author = {Mahadevan, Sridhar and Tadepalli, Prasad},
 booktitle = {Machine Learning: Proceedings of the Fifth International Conference},
 editor = {Laird, John E.},
 month = {June},
 pages = {235--241},
 publisher = {Morgan Kaufmann},
 title = {On the Tractability of Learning from Incomplete Theories},
 year = {1988}
}

@inproceedings{markovitch1988role,
 address = {Ann Arbor, Michigan, USA},
 author = {Markovitch, Shaul and Scott, Paul D.},
 booktitle = {Machine Learning: Proceedings of the Fifth International Conference},
 editor = {Laird, John E.},
 month = {June},
 pages = {459--465},
 publisher = {Morgan Kaufmann},
 title = {The Role of Forgetting in Learning},
 year = {1988}
}

@inproceedings{mel1988building,
 address = {Ann Arbor, Michigan, USA},
 author = {Mel, Bartlett W.},
 booktitle = {Machine Learning: Proceedings of the Fifth International Conference},
 editor = {Laird, John E.},
 month = {June},
 pages = {207--213},
 publisher = {Morgan Kaufmann},
 title = {Building and Using Mental Models in a Sensory-Motor Domain},
 year = {1988}
}

@inproceedings{mooney1988generalizing,
 address = {Ann Arbor, Michigan, USA},
 author = {Mooney, Raymond J.},
 booktitle = {Machine Learning: Proceedings of the Fifth International Conference},
 editor = {Laird, John E.},
 month = {June},
 pages = {270--283},
 publisher = {Morgan Kaufmann},
 title = {Generalizing the Order of Operators in Macro-Operators},
 year = {1988}
}

@inproceedings{muggleton1988machine,
 address = {Ann Arbor, Michigan, USA},
 author = {Muggleton, Stephen H. and Buntine, Wray L.},
 booktitle = {Machine Learning: Proceedings of the Fifth International Conference},
 editor = {Laird, John E.},
 month = {June},
 pages = {339--352},
 publisher = {Morgan Kaufmann},
 title = {Machine Invention of First Order Predicates by Inverting Resolution},
 year = {1988}
}

@inproceedings{natarajan1988two,
 address = {Ann Arbor, Michigan, USA},
 author = {Natarajan, Balas K. and Tadepalli, Prasad},
 booktitle = {Machine Learning: Proceedings of the Fifth International Conference},
 editor = {Laird, John E.},
 month = {June},
 pages = {402--415},
 publisher = {Morgan Kaufmann},
 title = {Two New Frameworks for Learning},
 year = {1988}
}

@inproceedings{pazzani1988integrated,
 address = {Ann Arbor, Michigan, USA},
 author = {Pazzani, Michael J.},
 booktitle = {Machine Learning: Proceedings of the Fifth International Conference},
 editor = {Laird, John E.},
 month = {June},
 pages = {291--297},
 publisher = {Morgan Kaufmann},
 title = {Integrated Learning with Incorrect and Incomplete Theories},
 year = {1988}
}

@inproceedings{quinlan1988empirical,
 address = {Ann Arbor, Michigan, USA},
 author = {Quinlan, J. Ross},
 booktitle = {Machine Learning: Proceedings of the Fifth International Conference},
 editor = {Laird, John E.},
 month = {June},
 pages = {135--141},
 publisher = {Morgan Kaufmann},
 title = {An Empirical Comparison of Genetic and Decision-Tree Classifiers},
 year = {1988}
}

@inproceedings{rajamoney1988active,
 address = {Ann Arbor, Michigan, USA},
 author = {Rajamoney, Shankar A. and DeJong, Gerald},
 booktitle = {Machine Learning: Proceedings of the Fifth International Conference},
 editor = {Laird, John E.},
 month = {June},
 pages = {242--255},
 publisher = {Morgan Kaufmann},
 title = {Active Explanation Reduction: An Approach to the Multiple Explanations Problem},
 year = {1988}
}

@inproceedings{robertson1988population,
 address = {Ann Arbor, Michigan, USA},
 author = {Robertson, George G.},
 booktitle = {Machine Learning: Proceedings of the Fifth International Conference},
 editor = {Laird, John E.},
 month = {June},
 pages = {142--152},
 publisher = {Morgan Kaufmann},
 title = {Population Size in Classifier Systems},
 year = {1988}
}

@inproceedings{rose1988hillclimbing,
 address = {Ann Arbor, Michigan, USA},
 author = {Rose, Donald and Langley, Pat},
 booktitle = {Machine Learning: Proceedings of the Fifth International Conference},
 editor = {Laird, John E.},
 month = {June},
 pages = {367--373},
 publisher = {Morgan Kaufmann},
 title = {A Hill-Climbing Approach to Machine Discovery},
 year = {1988}
}

@inproceedings{sammut1988experimental,
 address = {Ann Arbor, Michigan, USA},
 author = {Sammut, Claude},
 booktitle = {Machine Learning: Proceedings of the Fifth International Conference},
 editor = {Laird, John E.},
 month = {June},
 pages = {437--443},
 publisher = {Morgan Kaufmann},
 title = {Experimental Results from an Evaluation of Algorithms that Learn to Control Dynamic Systems},
 year = {1988}
}

@inproceedings{segen1988conceptual,
 address = {Ann Arbor, Michigan, USA},
 author = {Segen, Jakub},
 booktitle = {Machine Learning: Proceedings of the Fifth International Conference},
 editor = {Laird, John E.},
 month = {June},
 pages = {47--53},
 publisher = {Morgan Kaufmann},
 title = {Conceptual Clumping of Binary Vectors with Occam's Razor},
 year = {1988}
}

@inproceedings{segen1988learning,
 address = {Ann Arbor, Michigan, USA},
 author = {Segen, Jakub},
 booktitle = {Machine Learning: Proceedings of the Fifth International Conference},
 editor = {Laird, John E.},
 month = {June},
 pages = {29--35},
 publisher = {Morgan Kaufmann},
 title = {Learning Graph Models of Shape},
 year = {1988}
}

@inproceedings{spackman1988learning,
 address = {Ann Arbor, Michigan, USA},
 author = {Spackman, Kent A.},
 booktitle = {Machine Learning: Proceedings of the Fifth International Conference},
 editor = {Laird, John E.},
 month = {June},
 pages = {36--46},
 publisher = {Morgan Kaufmann},
 title = {Learning Categorical Decision Criteria in Biomedical Domains},
 year = {1988}
}

@inproceedings{tallis1988tuning,
 address = {Ann Arbor, Michigan, USA},
 author = {Tallis, Hans},
 booktitle = {Machine Learning: Proceedings of the Fifth International Conference},
 editor = {Laird, John E.},
 month = {June},
 pages = {8--14},
 publisher = {Morgan Kaufmann},
 title = {Tuning Rule-Based Systems to Their Environments},
 year = {1988}
}

@inproceedings{tambe1988some,
 address = {Ann Arbor, Michigan, USA},
 author = {Tambe, Milind and Newell, Allen},
 booktitle = {Machine Learning: Proceedings of the Fifth International Conference},
 editor = {Laird, John E.},
 month = {June},
 pages = {451--458},
 publisher = {Morgan Kaufmann},
 title = {Some Chunks Are Expensive},
 year = {1988}
}

@inproceedings{tan1988using,
 address = {Ann Arbor, Michigan, USA},
 author = {Tan, Ming and Eshelman, Larry J.},
 booktitle = {Machine Learning: Proceedings of the Fifth International Conference},
 editor = {Laird, John E.},
 month = {June},
 pages = {121--134},
 publisher = {Morgan Kaufmann},
 title = {Using Weighted Networks to Represent Classification Knowledge in Noisy Domains},
 year = {1988}
}

@inproceedings{tesauro1988connectionist,
 address = {Ann Arbor, Michigan, USA},
 author = {Tesauro, Gerald},
 booktitle = {Machine Learning: Proceedings of the Fifth International Conference},
 editor = {Laird, John E.},
 month = {June},
 pages = {200--206},
 publisher = {Morgan Kaufmann},
 title = {Connectionist Learning of Expert Backgammon Evaluations},
 year = {1988}
}

@inproceedings{utgoff1988id5,
 address = {Ann Arbor, Michigan, USA},
 author = {Utgoff, Paul E.},
 booktitle = {Machine Learning: Proceedings of the Fifth International Conference},
 editor = {Laird, John E.},
 month = {June},
 pages = {107--120},
 publisher = {Morgan Kaufmann},
 title = {ID5: An Incremental ID3},
 year = {1988}
}

@inproceedings{williams1988learning,
 address = {Ann Arbor, Michigan, USA},
 author = {Williams, Robert S.},
 booktitle = {Machine Learning: Proceedings of the Fifth International Conference},
 editor = {Laird, John E.},
 month = {June},
 pages = {318--324},
 publisher = {Morgan Kaufmann},
 title = {Learning to Program by Examining and Modifying Cases},
 year = {1988}
}

@inproceedings{wirth1988experiments,
 address = {Ann Arbor, Michigan, USA},
 author = {Wirth, Jarryl and Catlett, Jason},
 booktitle = {Machine Learning: Proceedings of the Fifth International Conference},
 editor = {Laird, John E.},
 month = {June},
 pages = {87--99},
 publisher = {Morgan Kaufmann},
 title = {Experiments on the Costs and Benefits of Windowing in ID3},
 year = {1988}
}

@inproceedings{wisniewski1988some,
 address = {Ann Arbor, Michigan, USA},
 author = {Wisniewski, Edward J. and Anderson, James A.},
 booktitle = {Machine Learning: Proceedings of the Fifth International Conference},
 editor = {Laird, John E.},
 month = {June},
 pages = {181--187},
 publisher = {Morgan Kaufmann},
 title = {Some Interesting Properties of a Connectionist Inductive Learning System},
 year = {1988}
}

@inproceedings{wu1988reduction,
 address = {Ann Arbor, Michigan, USA},
 author = {Wu, Yi-Hua},
 booktitle = {Machine Learning: Proceedings of the Fifth International Conference},
 editor = {Laird, John E.},
 month = {June},
 pages = {374--380},
 publisher = {Morgan Kaufmann},
 title = {Reduction: A Practical Mechanism of Searching for Regularity in Data},
 year = {1988}
}
