@inproceedings{ali1989augmenting,
 address = {Cornell University, Ithaca, New York, USA},
 author = {Ali, Kamal M.},
 booktitle = {Machine Learning: Proceedings of the Sixth International Workshop},
 editor = {Segre, Alberto Maria},
 month = {June},
 pages = {40–42},
 publisher = {Morgan Kaufmann},
 title = {Augmenting Domain Theory for Explanation-Based Generalization},
 year = {1989}
}

@inproceedings{allen1989using,
 address = {Cornell University, Ithaca, New York, USA},
 author = {Allen, John A. and Langley, Pat},
 booktitle = {Machine Learning: Proceedings of the Sixth International Workshop},
 editor = {Segre, Alberto Maria},
 month = {June},
 openalex = {W1599195242},
 pages = {229–231},
 publisher = {Morgan Kaufmann},
 title = {Using Concept Hierarchies to Organize Plan Knowledge},
 year = {1989}
}

@inproceedings{anderson1989tower,
 address = {Cornell University, Ithaca, New York, USA},
 author = {Anderson, Charles W.},
 booktitle = {Machine Learning: Proceedings of the Sixth International Workshop},
 editor = {Segre, Alberto Maria},
 month = {June},
 openalex = {W1593976088},
 pages = {345–349},
 publisher = {Morgan Kaufmann},
 title = {Tower of Hanoi with Connectionist Networks: Learning New Features},
 year = {1989}
}

@inproceedings{barletta1989improving,
 address = {Cornell University, Ithaca, New York, USA},
 author = {Barletta, Ralph and Kerber, Y.},
 booktitle = {Machine Learning: Proceedings of the Sixth International Workshop},
 editor = {Segre, Alberto Maria},
 month = {June},
 openalex = {W1549642621},
 pages = {84–86},
 publisher = {Morgan Kaufmann},
 title = {Improving Explanation-Based Indexing with Empirical Learning},
 year = {1989}
}

@inproceedings{bergadano1989deduction,
 address = {Cornell University, Ithaca, New York, USA},
 author = {Bergadano, Francesco and Giordana, Attilio and Ponsero, S.},
 booktitle = {Machine Learning: Proceedings of the Sixth International Workshop},
 editor = {Segre, Alberto Maria},
 month = {June},
 openalex = {W1526120189},
 pages = {23–25},
 publisher = {Morgan Kaufmann},
 title = {Deduction in Top-Down Inductive Learning},
 year = {1989}
}

@inproceedings{birnbaum1989issues,
 address = {Cornell University, Ithaca, New York, USA},
 author = {Birnbaum, Lawrence and Collins, Gregg and Krulwich, Bruce},
 booktitle = {Machine Learning: Proceedings of the Sixth International Workshop},
 editor = {Segre, Alberto Maria},
 month = {June},
 openalex = {W117996754},
 pages = {194–196},
 publisher = {Morgan Kaufmann},
 title = {Issues in the Justification-Based Diagnosis of Planning Failures},
 year = {1989}
}

@inproceedings{blythe1989on,
 address = {Cornell University, Ithaca, New York, USA},
 author = {Blythe, Jim and Mitchell, Tom M.},
 booktitle = {Machine Learning: Proceedings of the Sixth International Workshop},
 editor = {Segre, Alberto Maria},
 month = {June},
 openalex = {W1599824755},
 pages = {255–259},
 publisher = {Morgan Kaufmann},
 title = {On Becoming Reactive},
 year = {1989}
}

@inproceedings{buntine1989learning,
 address = {Cornell University, Ithaca, New York, USA},
 author = {Buntine, Wray L.},
 booktitle = {Machine Learning: Proceedings of the Sixth International Workshop},
 editor = {Segre, Alberto Maria},
 month = {June},
 openalex = {W2150588481},
 pages = {94–98},
 publisher = {Morgan Kaufmann},
 title = {Learning Classification Rules Using Bayes},
 year = {1989}
}

@inproceedings{callan1989knowledgebased,
 address = {Cornell University, Ithaca, New York, USA},
 author = {Callan, James P.},
 booktitle = {Machine Learning: Proceedings of the Sixth International Workshop},
 editor = {Segre, Alberto Maria},
 month = {June},
 openalex = {W207418710},
 pages = {441–443},
 publisher = {Morgan Kaufmann},
 title = {Knowledge-Based Feature Generation},
 year = {1989}
}

@inproceedings{caruana1989using,
 address = {Cornell University, Ithaca, New York, USA},
 author = {Caruana, Rich and Schaffer, J. David and Eshelman, Larry J.},
 booktitle = {Machine Learning: Proceedings of the Sixth International Workshop},
 editor = {Segre, Alberto Maria},
 month = {June},
 pages = {375–378},
 publisher = {Morgan Kaufmann},
 title = {Using Multiple Representations to Improve Inductive Bias: Gray and Binary Coding for Genetic Algorithms},
 year = {1989}
}

@inproceedings{chan1989inductive,
 address = {Cornell University, Ithaca, New York, USA},
 author = {Chan, Philip K.},
 booktitle = {Machine Learning: Proceedings of the Sixth International Workshop},
 editor = {Segre, Alberto Maria},
 month = {June},
 openalex = {W1563298636},
 pages = {104–108},
 publisher = {Morgan Kaufmann},
 title = {Inductive Learning with BCT},
 year = {1989}
}

@inproceedings{chase1989approximating,
 address = {Cornell University, Ithaca, New York, USA},
 author = {Chase, Melissa P. and Zweben, Monte and Piazza, Richard L. and Burger, John D. and Maglio, Paul P. and Hirsh, Haym},
 booktitle = {Machine Learning: Proceedings of the Sixth International Workshop},
 editor = {Segre, Alberto Maria},
 month = {June},
 openalex = {W1526181503},
 pages = {218–220},
 publisher = {Morgan Kaufmann},
 title = {Approximating Learned Search Control Knowledge},
 year = {1989}
}

@inproceedings{chien1989learning,
 address = {Cornell University, Ithaca, New York, USA},
 author = {Chien, Steve A.},
 booktitle = {Machine Learning: Proceedings of the Sixth International Workshop},
 editor = {Segre, Alberto Maria},
 month = {June},
 openalex = {W1806187659},
 pages = {249–251},
 publisher = {Morgan Kaufmann},
 title = {Learning by Analyzing Fortuitous Occurrences},
 year = {1989}
}

@inproceedings{chrisman1989evaluating,
 address = {Cornell University, Ithaca, New York, USA},
 author = {Chrisman, Lonnie},
 booktitle = {Machine Learning: Proceedings of the Sixth International Workshop},
 editor = {Segre, Alberto Maria},
 month = {June},
 openalex = {W1483290252},
 pages = {469–471},
 publisher = {Morgan Kaufmann},
 title = {Evaluating Bias During PAC-Learning},
 year = {1989}
}

@inproceedings{clearwater1989incremental,
 address = {Cornell University, Ithaca, New York, USA},
 author = {Clearwater, Scott H. and Chen, Tze-Pin and Hirsh, Haym and Buchanan, Bruce G.},
 booktitle = {Machine Learning: Proceedings of the Sixth International Workshop},
 editor = {Segre, Alberto Maria},
 month = {June},
 openalex = {W1518433384},
 pages = {366–370},
 publisher = {Morgan Kaufmann},
 title = {Incremental Batch Learning},
 year = {1989}
}

@inproceedings{converse1989learning,
 address = {Cornell University, Ithaca, New York, USA},
 author = {Converse, Timothy M. and Hammond, Kristian J. and Marks, Mitchell},
 booktitle = {Machine Learning: Proceedings of the Sixth International Workshop},
 editor = {Segre, Alberto Maria},
 month = {June},
 pages = {246–248},
 publisher = {Morgan Kaufmann},
 title = {Learning from Opportunity},
 year = {1989}
}

@inproceedings{cornuèjols1989exploration,
 address = {Cornell University, Ithaca, New York, USA},
 author = {Cornuèjols, Antoine},
 booktitle = {Machine Learning: Proceedings of the Sixth International Workshop},
 editor = {Segre, Alberto Maria},
 month = {June},
 openalex = {W1507856098},
 pages = {383–386},
 publisher = {Morgan Kaufmann},
 title = {An Exploration Into Incremental Learning: the INFLUENCE System},
 year = {1989}
}

@inproceedings{danyluk1989finding,
 address = {Cornell University, Ithaca, New York, USA},
 author = {Danyluk, Andrea Pohoreckyj},
 booktitle = {Machine Learning: Proceedings of the Sixth International Workshop},
 editor = {Segre, Alberto Maria},
 month = {June},
 pages = {34–36},
 publisher = {Morgan Kaufmann},
 title = {Finding New Rules for Incomplete Theories: Explicit Biases for Induction with Contextual Information},
 year = {1989}
}

@inproceedings{diederich1989learning,
 address = {Cornell University, Ithaca, New York, USA},
 author = {Diederich, Joachim},
 booktitle = {Machine Learning: Proceedings of the Sixth International Workshop},
 editor = {Segre, Alberto Maria},
 month = {June},
 openalex = {W1533214953},
 pages = {66–68},
 publisher = {Morgan Kaufmann},
 title = {Learning by Instruction in Connectionist Systems},
 year = {1989}
}

@inproceedings{dietterich1989limitations,
 address = {Cornell University, Ithaca, New York, USA},
 author = {Dietterich, Thomas G.},
 booktitle = {Machine Learning: Proceedings of the Sixth International Workshop},
 editor = {Segre, Alberto Maria},
 month = {June},
 openalex = {W1553758207},
 pages = {124–128},
 publisher = {Morgan Kaufmann},
 title = {Limitations on Inductive Learning},
 year = {1989}
}

@inproceedings{dietzen1989higherorder,
 address = {Cornell University, Ithaca, New York, USA},
 author = {Dietzen, Scott and Pfenning, Frank},
 booktitle = {Machine Learning: Proceedings of the Sixth International Workshop},
 editor = {Segre, Alberto Maria},
 month = {June},
 openalex = {W4235582659},
 pages = {447–449},
 publisher = {Morgan Kaufmann},
 title = {Higher-Order and Modal Logic as a Framework for Explanation-Based Generalization},
 year = {1989}
}

@inproceedings{drastal1989error,
 address = {Cornell University, Ithaca, New York, USA},
 author = {Drastal, George and Meunier, Regine and Raatz, Stan},
 booktitle = {Machine Learning: Proceedings of the Sixth International Workshop},
 editor = {Segre, Alberto Maria},
 month = {June},
 openalex = {W1498110080},
 pages = {81–83},
 publisher = {Morgan Kaufmann},
 title = {Error Correction in Constructive Induction},
 year = {1989}
}

@inproceedings{fawcett1989learning,
 address = {Cornell University, Ithaca, New York, USA},
 author = {Fawcett, Tom},
 booktitle = {Machine Learning: Proceedings of the Sixth International Workshop},
 editor = {Segre, Alberto Maria},
 month = {June},
 pages = {37–39},
 publisher = {Morgan Kaufmann},
 title = {Learning from Plausible Explanations},
 year = {1989}
}

@inproceedings{fisher1989processing,
 address = {Cornell University, Ithaca, New York, USA},
 author = {Fisher, Douglas H. and McKusick, Kathleen B. and Mooney, R. J. and Shavlik, Jude W. and Towell, Geoffrey G.},
 booktitle = {Machine Learning: Proceedings of the Sixth International Workshop},
 editor = {Segre, Alberto Maria},
 month = {June},
 openalex = {W2500376252},
 pages = {169–173},
 publisher = {Morgan Kaufmann},
 title = {Processing Issues in Comparisons of Symbolic and Connectionist Learning Systems},
 year = {1989}
}

@inproceedings{flann1989learning,
 address = {Cornell University, Ithaca, New York, USA},
 author = {Flann, Nicholas S.},
 booktitle = {Machine Learning: Proceedings of the Sixth International Workshop},
 editor = {Segre, Alberto Maria},
 month = {June},
 openalex = {W1538856678},
 pages = {235–239},
 publisher = {Morgan Kaufmann},
 title = {Learning Appropriate Abstractions for Planning in Formation Problems},
 year = {1989}
}

@inproceedings{fogarty1989incremental,
 address = {Cornell University, Ithaca, New York, USA},
 author = {Fogarty, Terence C.},
 booktitle = {Machine Learning: Proceedings of the Sixth International Workshop},
 editor = {Segre, Alberto Maria},
 month = {June},
 openalex = {W81398034},
 pages = {416–419},
 publisher = {Morgan Kaufmann},
 title = {An Incremental Genetic Algorithm for Real-Time Learning},
 year = {1989}
}

@inproceedings{friedrich1989using,
 address = {Cornell University, Ithaca, New York, USA},
 author = {Friedrich, Gerhard and Nejdl, Wolfgang},
 booktitle = {Machine Learning: Proceedings of the Sixth International Workshop},
 editor = {Segre, Alberto Maria},
 month = {June},
 openalex = {W1521280937},
 pages = {75–77},
 publisher = {Morgan Kaufmann},
 title = {Using Domain Knowledge to Improve Inductive Learning Algorithms for Diagnosis},
 year = {1989}
}

@inproceedings{gaines1989ounce,
 address = {Cornell University, Ithaca, New York, USA},
 author = {Gaines, Brian R.},
 booktitle = {Machine Learning: Proceedings of the Sixth International Workshop},
 editor = {Segre, Alberto Maria},
 month = {June},
 openalex = {W1512582406},
 pages = {156–159},
 publisher = {Morgan Kaufmann},
 title = {An Ounce of Knowledge is Worth a Ton of Data: Quantitative Studies of the Trade-Off between Expertise and Data Based on Statistically Well-Founded Empirical Induction},
 year = {1989}
}

@inproceedings{gams1989new,
 address = {Cornell University, Ithaca, New York, USA},
 author = {Gams, Matjaz and Karalic, Aram},
 booktitle = {Machine Learning: Proceedings of the Sixth International Workshop},
 editor = {Segre, Alberto Maria},
 month = {June},
 openalex = {W1485749604},
 pages = {99–103},
 publisher = {Morgan Kaufmann},
 title = {New Empirical Learning Mechanisms Perform Significantly Better in Real Life Domains},
 year = {1989}
}

@inproceedings{gennari1989focused,
 address = {Cornell University, Ithaca, New York, USA},
 author = {Gennari, John H.},
 booktitle = {Machine Learning: Proceedings of the Sixth International Workshop},
 editor = {Segre, Alberto Maria},
 month = {June},
 openalex = {W1575434894},
 pages = {379–382},
 publisher = {Morgan Kaufmann},
 title = {Focused Concept Formation},
 year = {1989}
}

@inproceedings{gervasio1989explanationbased,
 address = {Cornell University, Ithaca, New York, USA},
 author = {Gervasio, Melinda T. and DeJong, Gerald},
 booktitle = {Machine Learning: Proceedings of the Sixth International Workshop},
 editor = {Segre, Alberto Maria},
 month = {June},
 pages = {252–254},
 publisher = {Morgan Kaufmann},
 title = {Explanation-Based Learning of Reactive Operations},
 year = {1989}
}

@inproceedings{ginsberg1989knowledge,
 address = {Cornell University, Ithaca, New York, USA},
 author = {Ginsberg, Allen},
 booktitle = {Machine Learning: Proceedings of the Sixth International Workshop},
 editor = {Segre, Alberto Maria},
 month = {June},
 openalex = {W1489040941},
 pages = {260–265},
 publisher = {Morgan Kaufmann},
 title = {Knowledge Base Refinement and Theory Revision},
 year = {1989}
}

@inproceedings{goodman1989induction,
 address = {Cornell University, Ithaca, New York, USA},
 author = {Goodman, Rodney M. and Smyth, Padhraic},
 booktitle = {Machine Learning: Proceedings of the Sixth International Workshop},
 editor = {Segre, Alberto Maria},
 month = {June},
 openalex = {W1507968252},
 pages = {129–132},
 publisher = {Morgan Kaufmann},
 title = {The Induction of Probabilistic Rule Sets - The Itrule Algorithm},
 year = {1989}
}

@inproceedings{gordon1989screening,
 address = {Cornell University, Ithaca, New York, USA},
 author = {Gordon, Diana F.},
 booktitle = {Machine Learning: Proceedings of the Sixth International Workshop},
 editor = {Segre, Alberto Maria},
 month = {June},
 openalex = {W1554589745},
 pages = {499–500},
 publisher = {Morgan Kaufmann},
 title = {Screening Hypotheses with Explicit Bias},
 year = {1989}
}

@inproceedings{grefenstette1989incremental,
 address = {Cornell University, Ithaca, New York, USA},
 author = {Grefenstette, John J.},
 booktitle = {Machine Learning: Proceedings of the Sixth International Workshop},
 editor = {Segre, Alberto Maria},
 month = {June},
 openalex = {W1528086147},
 pages = {340–344},
 publisher = {Morgan Kaufmann},
 title = {Incremental Learning of Control Strategies with Genetic Algorithms},
 year = {1989}
}

@inproceedings{greiner1989towards,
 address = {Cornell University, Ithaca, New York, USA},
 author = {Greiner, Russell},
 booktitle = {Machine Learning: Proceedings of the Sixth International Workshop},
 editor = {Segre, Alberto Maria},
 month = {June},
 openalex = {W1604706394},
 pages = {450–453},
 publisher = {Morgan Kaufmann},
 title = {Towards a Formal Analysis of EBL},
 year = {1989}
}

@inproceedings{grosof1989declarative,
 address = {Cornell University, Ithaca, New York, USA},
 author = {Grosof, Benjamin N. and Russell, Stuart J.},
 booktitle = {Machine Learning: Proceedings of the Sixth International Workshop},
 editor = {Segre, Alberto Maria},
 month = {June},
 openalex = {W1595135468},
 pages = {480–482},
 publisher = {Morgan Kaufmann},
 title = {Declarative Bias for Structural Domains},
 year = {1989}
}

@inproceedings{haines1989explanation,
 address = {Cornell University, Ithaca, New York, USA},
 author = {Haines, David},
 booktitle = {Machine Learning: Proceedings of the Sixth International Workshop},
 editor = {Segre, Alberto Maria},
 month = {June},
 openalex = {W1545374296},
 pages = {43–45},
 publisher = {Morgan Kaufmann},
 title = {Explanation Based Learning as Constrained Search},
 year = {1989}
}

@inproceedings{hilliard1989learning,
 address = {Cornell University, Ithaca, New York, USA},
 author = {Hilliard, Mike R. and Liepins, Gunar E. and Rangarajan, Gita and Palmer, Mark R.},
 booktitle = {Machine Learning: Proceedings of the Sixth International Workshop},
 editor = {Segre, Alberto Maria},
 month = {June},
 openalex = {W1571375951},
 pages = {188–190},
 publisher = {Morgan Kaufmann},
 title = {Learning Decision Rules for Scheduling Problems: A Classifier Hybrid Approach},
 year = {1989}
}

@inproceedings{hirsh1989combining,
 address = {Cornell University, Ithaca, New York, USA},
 author = {Hirsh, Haym},
 booktitle = {Machine Learning: Proceedings of the Sixth International Workshop},
 editor = {Segre, Alberto Maria},
 month = {June},
 openalex = {W1533943506},
 pages = {29–33},
 publisher = {Morgan Kaufmann},
 title = {Combining Empirical and Analytical Learning with Version Spaces},
 year = {1989}
}

@inproceedings{holder1989empirical,
 address = {Cornell University, Ithaca, New York, USA},
 author = {Holder, Lawrence B.},
 booktitle = {Machine Learning: Proceedings of the Sixth International Workshop},
 editor = {Segre, Alberto Maria},
 month = {June},
 openalex = {W1514359207},
 pages = {133–136},
 publisher = {Morgan Kaufmann},
 title = {Empirical Substructure Discovery},
 year = {1989}
}

@inproceedings{holte1989mathematical,
 address = {Cornell University, Ithaca, New York, USA},
 author = {Holte, Robert C. and Zimmer, Robert M.},
 booktitle = {Machine Learning: Proceedings of the Sixth International Workshop},
 editor = {Segre, Alberto Maria},
 month = {June},
 openalex = {W1592568893},
 pages = {454–456},
 publisher = {Morgan Kaufmann},
 title = {A Mathematical Framework for Studying Representation},
 year = {1989}
}

@inproceedings{hsu1989knowledgelevel,
 address = {Cornell University, Ithaca, New York, USA},
 author = {Hsu, Jane Yung-jen},
 booktitle = {Machine Learning: Proceedings of the Sixth International Workshop},
 editor = {Segre, Alberto Maria},
 month = {June},
 openalex = {W1510954487},
 pages = {485–488},
 publisher = {Morgan Kaufmann},
 title = {A Knowledge-Level Analysis of Informing},
 year = {1989}
}

@inproceedings{hunter1989knowledge,
 address = {Cornell University, Ithaca, New York, USA},
 author = {Hunter, Lawrence},
 booktitle = {Machine Learning: Proceedings of the Sixth International Workshop},
 editor = {Segre, Alberto Maria},
 month = {June},
 openalex = {W1564524078},
 pages = {61–65},
 publisher = {Morgan Kaufmann},
 title = {Knowledge Acquisition Planning: Results and Prospects},
 year = {1989}
}

@inproceedings{kaelbling1989formal,
 address = {Cornell University, Ithaca, New York, USA},
 author = {Kaelbling, Leslie Pack},
 booktitle = {Machine Learning: Proceedings of the Sixth International Workshop},
 editor = {Segre, Alberto Maria},
 month = {June},
 openalex = {W1506449551},
 pages = {350–353},
 publisher = {Morgan Kaufmann},
 title = {A Formal Framework for Learning in Embedded Systems},
 year = {1989}
}

@inproceedings{kass1989adaptationbased,
 address = {Cornell University, Ithaca, New York, USA},
 author = {Kass, Alex},
 booktitle = {Machine Learning: Proceedings of the Sixth International Workshop},
 editor = {Segre, Alberto Maria},
 month = {June},
 openalex = {W1541030069},
 pages = {49–51},
 publisher = {Morgan Kaufmann},
 title = {Adaptation-Based Explanation: Explanations as Cases},
 year = {1989}
}

@inproceedings{katz1989integrating,
 address = {Cornell University, Ithaca, New York, USA},
 author = {Katz, Bruce F.},
 booktitle = {Machine Learning: Proceedings of the Sixth International Workshop},
 editor = {Segre, Alberto Maria},
 month = {June},
 openalex = {W1521282418},
 pages = {69–71},
 publisher = {Morgan Kaufmann},
 title = {Integrating Learning in a Neural Network},
 year = {1989}
}

@inproceedings{keller1989compiling,
 address = {Cornell University, Ithaca, New York, USA},
 author = {Keller, Richard M.},
 booktitle = {Machine Learning: Proceedings of the Sixth International Workshop},
 editor = {Segre, Alberto Maria},
 month = {June},
 openalex = {W1578879716},
 pages = {482–495},
 publisher = {Morgan Kaufmann},
 title = {Compiling Learning Vocabulary from a Performance System Description},
 year = {1989}
}

@inproceedings{knoblock1989learning,
 address = {Cornell University, Ithaca, New York, USA},
 author = {Knoblock, Craig A.},
 booktitle = {Machine Learning: Proceedings of the Sixth International Workshop},
 editor = {Segre, Alberto Maria},
 month = {June},
 openalex = {W1548099010},
 pages = {241–245},
 publisher = {Morgan Kaufmann},
 title = {Learning Hierarchies of Abstraction Spaces},
 year = {1989}
}

@inproceedings{kokar1989concept,
 address = {Cornell University, Ithaca, New York, USA},
 author = {Kokar, Mieczyslaw M.},
 booktitle = {Machine Learning: Proceedings of the Sixth International Workshop},
 editor = {Segre, Alberto Maria},
 month = {June},
 openalex = {W1497495281},
 pages = {478–479},
 publisher = {Morgan Kaufmann},
 title = {Concept Discovery Through Utilization of Invariance Embedded in the Description Language},
 year = {1989}
}

@inproceedings{krulwich1989improving,
 address = {Cornell University, Ithaca, New York, USA},
 author = {Krulwich, Bruce and Collins, Gregg and Birnbaum, Lawrence},
 booktitle = {Machine Learning: Proceedings of the Sixth International Workshop},
 editor = {Segre, Alberto Maria},
 month = {June},
 openalex = {W1575635913},
 pages = {55–57},
 publisher = {Morgan Kaufmann},
 title = {Improving Decision-Making on the Basis of Experience},
 year = {1989}
}

@inproceedings{kulkarni1989role,
 address = {Cornell University, Ithaca, New York, USA},
 author = {Kulkarni, Deepak and Simon, Herbert A.},
 booktitle = {Machine Learning: Proceedings of the Sixth International Workshop},
 editor = {Segre, Alberto Maria},
 month = {June},
 openalex = {W1706937859},
 pages = {278–283},
 publisher = {Morgan Kaufmann},
 title = {The Role of Experimentation in Scientific Theory Revision},
 year = {1989}
}

@inproceedings{lambert1989generalized,
 address = {Cornell University, Ithaca, New York, USA},
 author = {Lambert, Bruce L. and Tcheng, David K. and Lu, Stephen C. Y.},
 booktitle = {Machine Learning: Proceedings of the Sixth International Workshop},
 editor = {Segre, Alberto Maria},
 month = {June},
 openalex = {W1595645696},
 pages = {496–498},
 publisher = {Morgan Kaufmann},
 title = {Generalized Recursive Splitting Algorithms for Learning Hybrid Concepts},
 year = {1989}
}

@inproceedings{langley1989unifying,
 address = {Cornell University, Ithaca, New York, USA},
 author = {Langley, Pat},
 booktitle = {Machine Learning: Proceedings of the Sixth International Workshop},
 editor = {Segre, Alberto Maria},
 month = {June},
 openalex = {W1508126338},
 pages = {2–4},
 publisher = {Morgan Kaufmann},
 title = {Unifying Themes in Empirical and Explanation-Based Learning},
 year = {1989}
}

@inproceedings{levi1989identifying,
 address = {Cornell University, Ithaca, New York, USA},
 author = {Levi, Keith R. and Shalin, Valerie L. and Perschbacher, David L.},
 booktitle = {Machine Learning: Proceedings of the Sixth International Workshop},
 editor = {Segre, Alberto Maria},
 month = {June},
 openalex = {W1522289654},
 pages = {296–301},
 publisher = {Morgan Kaufmann},
 title = {Identifying Knowledge Base Deficiencies by Observing User Behavior},
 year = {1989}
}

@inproceedings{levi1989learning,
 address = {Cornell University, Ithaca, New York, USA},
 author = {Levi, Keith R. and Perschbacher, David L. and Shalin, Valerie L.},
 booktitle = {Machine Learning: Proceedings of the Sixth International Workshop},
 editor = {Segre, Alberto Maria},
 month = {June},
 openalex = {W185799543},
 pages = {191–193},
 publisher = {Morgan Kaufmann},
 title = {Learning Tactical Plans for Pilot Aiding},
 year = {1989}
}

@inproceedings{maclin1989enriching,
 address = {Cornell University, Ithaca, New York, USA},
 author = {Maclin, Richard and Shavlik, Jude W.},
 booktitle = {Machine Learning: Proceedings of the Sixth International Workshop},
 editor = {Segre, Alberto Maria},
 month = {June},
 openalex = {W1483671663},
 pages = {444–446},
 publisher = {Morgan Kaufmann},
 title = {Enriching Vocabularies by Generalizing Explanation Structures},
 year = {1989}
}

@inproceedings{mahadevan1989using,
 address = {Cornell University, Ithaca, New York, USA},
 author = {Mahadevan, Sridhar},
 booktitle = {Machine Learning: Proceedings of the Sixth International Workshop},
 editor = {Segre, Alberto Maria},
 month = {June},
 openalex = {W1489469879},
 pages = {320–325},
 publisher = {Morgan Kaufmann},
 title = {Using Determinations in EBL: A Solution to the Incomplete Theory Problem},
 year = {1989}
}

@inproceedings{manago1989knowledge,
 address = {Cornell University, Ithaca, New York, USA},
 author = {Manago, Michel},
 booktitle = {Machine Learning: Proceedings of the Sixth International Workshop},
 editor = {Segre, Alberto Maria},
 month = {June},
 openalex = {W1486312284},
 pages = {151–155},
 publisher = {Morgan Kaufmann},
 title = {Knowledge Intensive Induction},
 year = {1989}
}

@inproceedings{marie1989building,
 address = {Cornell University, Ithaca, New York, USA},
 author = {Marie, Christian de Sainte},
 booktitle = {Machine Learning: Proceedings of the Sixth International Workshop},
 editor = {Segre, Alberto Maria},
 month = {June},
 pages = {501–502},
 publisher = {Morgan Kaufmann},
 title = {Building a Learning Bias from Perceived Dependencies},
 year = {1989}
}

@inproceedings{markovitch1989information,
 address = {Cornell University, Ithaca, New York, USA},
 author = {Markovitch, Shaul and Scott, Paul D.},
 booktitle = {Machine Learning: Proceedings of the Sixth International Workshop},
 editor = {Segre, Alberto Maria},
 month = {June},
 openalex = {W1480525122},
 pages = {404–407},
 publisher = {Morgan Kaufmann},
 title = {Information Filters and Their Implementation in the SYLLOG System},
 year = {1989}
}

@inproceedings{martin1989reducing,
 address = {Cornell University, Ithaca, New York, USA},
 author = {Martin, Joel D.},
 booktitle = {Machine Learning: Proceedings of the Sixth International Workshop},
 editor = {Segre, Alberto Maria},
 month = {June},
 openalex = {W1506592064},
 pages = {396–399},
 publisher = {Morgan Kaufmann},
 title = {Reducing Redundant Learning},
 year = {1989}
}

@inproceedings{mason1989experiments,
 address = {Cornell University, Ithaca, New York, USA},
 author = {Mason, Matthew T. and Christiansen, Alan D. and Mitchell, Tom M.},
 booktitle = {Machine Learning: Proceedings of the Sixth International Workshop},
 editor = {Segre, Alberto Maria},
 month = {June},
 openalex = {W1530162510},
 pages = {141–145},
 publisher = {Morgan Kaufmann},
 title = {Experiments in Robot Learning},
 year = {1989}
}

@inproceedings{matwin1989learning,
 address = {Cornell University, Ithaca, New York, USA},
 author = {Matwin, Stan and Morin, Johanne},
 booktitle = {Machine Learning: Proceedings of the Sixth International Workshop},
 editor = {Segre, Alberto Maria},
 month = {June},
 openalex = {W1608697062},
 pages = {197–199},
 publisher = {Morgan Kaufmann},
 title = {Learning Procedural Knowledge in the EBG Context},
 year = {1989}
}

@inproceedings{mehra1989constructive,
 address = {Cornell University, Ithaca, New York, USA},
 author = {Mehra, Pankaj},
 booktitle = {Machine Learning: Proceedings of the Sixth International Workshop},
 editor = {Segre, Alberto Maria},
 month = {June},
 openalex = {W2482995531},
 pages = {474–475},
 publisher = {Morgan Kaufmann},
 title = {Constructive Induction Framework},
 year = {1989}
}

@inproceedings{mohan1989automatic,
 address = {Cornell University, Ithaca, New York, USA},
 author = {Mohan, Sunil and Tong, Chris},
 booktitle = {Machine Learning: Proceedings of the Sixth International Workshop},
 editor = {Segre, Alberto Maria},
 month = {June},
 openalex = {W1505314189},
 pages = {483–484},
 publisher = {Morgan Kaufmann},
 title = {Automatic Construction of a Hierarchical Generate-and-Test Algorithm},
 year = {1989}
}

@inproceedings{mooney1989induction,
 address = {Cornell University, Ithaca, New York, USA},
 author = {Mooney, R. J. and Ourston, Dirk},
 booktitle = {Machine Learning: Proceedings of the Sixth International Workshop},
 editor = {Segre, Alberto Maria},
 month = {June},
 openalex = {W1553133723},
 pages = {5–7},
 publisher = {Morgan Kaufmann},
 title = {Induction Over the Unexplained: Integrated Learning of Concepts with Both Explainable and Conventional Aspects},
 year = {1989}
}

@inproceedings{morik1989bootstrapping,
 address = {Cornell University, Ithaca, New York, USA},
 author = {Morik, Katharina and Kietz, Jörg-Uwe},
 booktitle = {Machine Learning: Proceedings of the Sixth International Workshop},
 editor = {Segre, Alberto Maria},
 month = {June},
 openalex = {W1591425412},
 pages = {503–504},
 publisher = {Morgan Kaufmann},
 title = {A Bootstrapping Approach to Concept Clustering},
 year = {1989}
}

@inproceedings{morris1989reducing,
 address = {Cornell University, Ithaca, New York, USA},
 author = {Morris, Steven},
 booktitle = {Machine Learning: Proceedings of the Sixth International Workshop},
 editor = {Segre, Alberto Maria},
 month = {June},
 openalex = {W1480075980},
 pages = {46–48},
 publisher = {Morgan Kaufmann},
 title = {Reducing Search and Learning Goal Preferences},
 year = {1989}
}

@inproceedings{mostow1989discovering,
 address = {Cornell University, Ithaca, New York, USA},
 author = {Mostow, Jack and Arm, and Prieditis,},
 booktitle = {Machine Learning: Proceedings of the Sixth International Workshop},
 editor = {Segre, Alberto Maria},
 month = {June},
 openalex = {W1507853392},
 pages = {240–240},
 publisher = {Morgan Kaufmann},
 title = {Discovering Admissible Search Heuristics by Abstracting and Optimizing},
 year = {1989}
}

@inproceedings{mostow1989objectoriented,
 address = {Cornell University, Ithaca, New York, USA},
 author = {Mostow, Jack},
 booktitle = {Machine Learning: Proceedings of the Sixth International Workshop},
 editor = {Segre, Alberto Maria},
 month = {June},
 openalex = {W1516595434},
 pages = {489–491},
 publisher = {Morgan Kaufmann},
 title = {An Object-Oriented Representation for Search Algorithms},
 year = {1989}
}

@inproceedings{muggleton1989experimental,
 address = {Cornell University, Ithaca, New York, USA},
 author = {Muggleton, Stephen H. and Bain, Michael and Michie, Jean Hayes and Michie, Donald},
 booktitle = {Machine Learning: Proceedings of the Sixth International Workshop},
 editor = {Segre, Alberto Maria},
 month = {June},
 openalex = {W1580451812},
 pages = {113–118},
 publisher = {Morgan Kaufmann},
 title = {An Experimental Comparison of Human and Machine Learning Formalisms},
 year = {1989}
}

@inproceedings{murray1989controlling,
 address = {Cornell University, Ithaca, New York, USA},
 author = {Murray, Kenneth S. and Porter, Bruce W.},
 booktitle = {Machine Learning: Proceedings of the Sixth International Workshop},
 editor = {Segre, Alberto Maria},
 month = {June},
 openalex = {W1536779895},
 pages = {290–295},
 publisher = {Morgan Kaufmann},
 title = {Controlling Search for the Consequences of New Information During Knowledge Integration},
 year = {1989}
}

@inproceedings{numao1989explanationbased,
 address = {Cornell University, Ithaca, New York, USA},
 author = {Numao, Masayuki and Shimura, Masamichi},
 booktitle = {Machine Learning: Proceedings of the Sixth International Workshop},
 editor = {Segre, Alberto Maria},
 month = {June},
 openalex = {W1530979363},
 pages = {58–60},
 publisher = {Morgan Kaufmann},
 title = {Explanation-Based Acceleration of Similarity-Based Learning},
 year = {1989}
}

@inproceedings{o'rorke1989learning,
 address = {Cornell University, Ithaca, New York, USA},
 author = {O'Rorke, Paul and Cain, Timothy and Ortony, Andrew},
 booktitle = {Machine Learning: Proceedings of the Sixth International Workshop},
 editor = {Segre, Alberto Maria},
 month = {June},
 pages = {209–211},
 publisher = {Morgan Kaufmann},
 title = {Learning to Recognize Plans Involving Affect},
 year = {1989}
}

@inproceedings{o'rorke1989theory,
 address = {Cornell University, Ithaca, New York, USA},
 author = {O'Rorke, Paul and Morris, Steven and Schulenburg, David},
 booktitle = {Machine Learning: Proceedings of the Sixth International Workshop},
 editor = {Segre, Alberto Maria},
 month = {June},
 openalex = {W1509709580},
 pages = {266–271},
 publisher = {Morgan Kaufmann},
 title = {Theory Formation by Abduction: Initial Results of a Case Study Based on the Chemical Revolution},
 year = {1989}
}

@inproceedings{pagallo1989two,
 address = {Cornell University, Ithaca, New York, USA},
 author = {Pagallo, Giulia and Haussler, David},
 booktitle = {Machine Learning: Proceedings of the Sixth International Workshop},
 editor = {Segre, Alberto Maria},
 month = {June},
 openalex = {W1526261699},
 pages = {119–123},
 publisher = {Morgan Kaufmann},
 title = {Two Algorithms That Learn DNF by Discovering Relevant Features},
 year = {1989}
}

@inproceedings{paredis1989learning,
 address = {Cornell University, Ithaca, New York, USA},
 author = {Paredis, Jan},
 booktitle = {Machine Learning: Proceedings of the Sixth International Workshop},
 editor = {Segre, Alberto Maria},
 month = {June},
 openalex = {W1510687497},
 pages = {137–140},
 publisher = {Morgan Kaufmann},
 title = {Learning the Behavior of Dynamical Systems from Examples},
 year = {1989}
}

@inproceedings{pazzani1989explanationbased,
 address = {Cornell University, Ithaca, New York, USA},
 author = {Pazzani, Michael J.},
 booktitle = {Machine Learning: Proceedings of the Sixth International Workshop},
 editor = {Segre, Alberto Maria},
 month = {June},
 openalex = {W1576802869},
 pages = {72–74},
 publisher = {Morgan Kaufmann},
 title = {Explanation-Based Learning with Weak Domain Theories},
 year = {1989}
}

@inproceedings{puget1989learning,
 address = {Cornell University, Ithaca, New York, USA},
 author = {Puget, Jean-Francois},
 booktitle = {Machine Learning: Proceedings of the Sixth International Workshop},
 editor = {Segre, Alberto Maria},
 month = {June},
 openalex = {W1600005058},
 pages = {200–204},
 publisher = {Morgan Kaufmann},
 title = {Learning Invariants from Explanations},
 year = {1989}
}

@inproceedings{quinlan1989unknown,
 address = {Cornell University, Ithaca, New York, USA},
 author = {Quinlan, J. Ross},
 booktitle = {Machine Learning: Proceedings of the Sixth International Workshop},
 editor = {Segre, Alberto Maria},
 month = {June},
 pages = {164–168},
 publisher = {Morgan Kaufmann},
 title = {Unknown Attribute Values in Induction},
 year = {1989}
}

@inproceedings{r1989retrieval,
 address = {Cornell University, Ithaca, New York, USA},
 author = {R, and Jones, O. M.},
 booktitle = {Machine Learning: Proceedings of the Sixth International Workshop},
 editor = {Segre, Alberto Maria},
 month = {June},
 pages = {212–214},
 publisher = {Morgan Kaufmann},
 title = {Learning to Retrieve Useful Information for Problem Solving},
 year = {1989}
}

@inproceedings{raedt1989constructive,
 address = {Cornell University, Ithaca, New York, USA},
 author = {Raedt, Luc De and Bruynooghe, Maurice},
 booktitle = {Machine Learning: Proceedings of the Sixth International Workshop},
 editor = {Segre, Alberto Maria},
 month = {June},
 openalex = {W4249279349},
 pages = {476–477},
 publisher = {Morgan Kaufmann},
 title = {Constructive Induction by Analogy},
 year = {1989}
}

@inproceedings{rajamoney1989exemplarbased,
 address = {Cornell University, Ithaca, New York, USA},
 author = {Rajamoney, Shankar A.},
 booktitle = {Machine Learning: Proceedings of the Sixth International Workshop},
 editor = {Segre, Alberto Maria},
 month = {June},
 openalex = {W1555192283},
 pages = {284–289},
 publisher = {Morgan Kaufmann},
 title = {Exemplar-Based Theory Rejection: An Approach to the Experience Consistency Problem},
 year = {1989}
}

@inproceedings{ras1989imprecise,
 address = {Cornell University, Ithaca, New York, USA},
 author = {Ras, Zbigniew W. and Zemankova, Maria},
 booktitle = {Machine Learning: Proceedings of the Sixth International Workshop},
 editor = {Segre, Alberto Maria},
 month = {June},
 openalex = {W1595865522},
 pages = {314–319},
 publisher = {Morgan Kaufmann},
 title = {Imprecise Concept Learning within a Growing Language},
 year = {1989}
}

@inproceedings{redmond1989combining,
 address = {Cornell University, Ithaca, New York, USA},
 author = {Redmond, Michael},
 booktitle = {Machine Learning: Proceedings of the Sixth International Workshop},
 editor = {Segre, Alberto Maria},
 month = {June},
 openalex = {W1555598704},
 pages = {20–22},
 publisher = {Morgan Kaufmann},
 title = {Combining Case-Based Reasoning, Explanation-Based Learning, and Learning from Instruction},
 year = {1989}
}

@inproceedings{rendell1989comparing,
 address = {Cornell University, Ithaca, New York, USA},
 author = {Rendell, Larry A.},
 booktitle = {Machine Learning: Proceedings of the Sixth International Workshop},
 editor = {Segre, Alberto Maria},
 month = {June},
 openalex = {W1579460831},
 pages = {461–464},
 publisher = {Morgan Kaufmann},
 title = {Comparing Systems and Analyzing Functions to Improve Constructive Induction},
 year = {1989}
}

@inproceedings{riddle1989reformation,
 address = {Cornell University, Ithaca, New York, USA},
 author = {Riddle, Patricia J.},
 booktitle = {Machine Learning: Proceedings of the Sixth International Workshop},
 editor = {Segre, Alberto Maria},
 month = {June},
 pages = {439–440},
 publisher = {Morgan Kaufmann},
 title = {Reformation from State Space to Reduction Space},
 year = {1989}
}

@inproceedings{rose1989using,
 address = {Cornell University, Ithaca, New York, USA},
 author = {Rose, Donald},
 booktitle = {Machine Learning: Proceedings of the Sixth International Workshop},
 editor = {Segre, Alberto Maria},
 month = {June},
 openalex = {W1556231821},
 pages = {272–277},
 publisher = {Morgan Kaufmann},
 title = {Using Domain Knowledge to Aid Scientific Theory Revision},
 year = {1989}
}

@inproceedings{rudy1989learning,
 address = {Cornell University, Ithaca, New York, USA},
 author = {Rudy, David and Kibler, Dennis F.},
 booktitle = {Machine Learning: Proceedings of the Sixth International Workshop},
 editor = {Segre, Alberto Maria},
 month = {June},
 openalex = {W1564409984},
 pages = {180–182},
 publisher = {Morgan Kaufmann},
 title = {Learning to Plan in Complex Domains},
 year = {1989}
}

@inproceedings{ruff1989good,
 address = {Cornell University, Ithaca, New York, USA},
 author = {Ruff, Ritchey A. and Dietterich, Thomas G.},
 booktitle = {Machine Learning: Proceedings of the Sixth International Workshop},
 editor = {Segre, Alberto Maria},
 month = {June},
 pages = {109–112},
 publisher = {Morgan Kaufmann},
 title = {What Good Are Experiments?},
 year = {1989}
}

@inproceedings{sarrett1989onesided,
 address = {Cornell University, Ithaca, New York, USA},
 author = {Sarrett, Wendy and Pazzani, Michael J.},
 booktitle = {Machine Learning: Proceedings of the Sixth International Workshop},
 editor = {Segre, Alberto Maria},
 month = {June},
 openalex = {W1561215186},
 pages = {26–28},
 publisher = {Morgan Kaufmann},
 title = {One-Sided Algorithms for Integrating Empirical and Explanation-Based Learning},
 year = {1989}
}

@inproceedings{saxena1989evaluating,
 address = {Cornell University, Ithaca, New York, USA},
 author = {Saxena, Sharad},
 booktitle = {Machine Learning: Proceedings of the Sixth International Workshop},
 editor = {Segre, Alberto Maria},
 month = {June},
 openalex = {W1547403126},
 pages = {465–468},
 publisher = {Morgan Kaufmann},
 title = {Evaluating Alternative Instance Representations},
 year = {1989}
}

@inproceedings{schlimmer1989refining,
 address = {Cornell University, Ithaca, New York, USA},
 author = {Schlimmer, Jeffrey C.},
 booktitle = {Machine Learning: Proceedings of the Sixth International Workshop},
 editor = {Segre, Alberto Maria},
 month = {June},
 openalex = {W95872835},
 pages = {457–460},
 publisher = {Morgan Kaufmann},
 title = {Refining Representations to Improve Problem Solving Quality},
 year = {1989}
}

@inproceedings{scott1989uncertainty,
 address = {Cornell University, Ithaca, New York, USA},
 author = {Scott, Paul D. and Markovitch, Shaul},
 booktitle = {Machine Learning: Proceedings of the Sixth International Workshop},
 editor = {Segre, Alberto Maria},
 month = {June},
 openalex = {W1563776546},
 pages = {358–361},
 publisher = {Morgan Kaufmann},
 title = {Uncertainty Based Selection of Learning Experiences},
 year = {1989}
}

@inproceedings{segen1989incremental,
 address = {Cornell University, Ithaca, New York, USA},
 author = {Segen, Jakub},
 booktitle = {Machine Learning: Proceedings of the Sixth International Workshop},
 editor = {Segre, Alberto Maria},
 month = {June},
 openalex = {W1494050011},
 pages = {400–403},
 publisher = {Morgan Kaufmann},
 title = {Incremental Clustering by Minimizing Representation Length},
 year = {1989}
}

@inproceedings{seifert1989retrieval,
 address = {Cornell University, Ithaca, New York, USA},
 author = {Seifert, Colleen M.},
 booktitle = {Machine Learning: Proceedings of the Sixth International Workshop},
 editor = {Segre, Alberto Maria},
 month = {June},
 openalex = {W1871057476},
 pages = {52–54},
 publisher = {Morgan Kaufmann},
 title = {A Retrieval Model Using Feature Selection},
 year = {1989}
}

@inproceedings{selfridge1989atoms,
 address = {Cornell University, Ithaca, New York, USA},
 author = {Selfridge, Oliver G.},
 booktitle = {Machine Learning: Proceedings of the Sixth International Workshop},
 editor = {Segre, Alberto Maria},
 month = {June},
 openalex = {W177763277},
 pages = {412–415},
 publisher = {Morgan Kaufmann},
 title = {Atoms of Learning II: Adaptive Strategies A Study of Two-Person Zero-Sum Competition},
 year = {1989}
}

@inproceedings{shavlik1989combining,
 address = {Cornell University, Ithaca, New York, USA},
 author = {Shavlik, Jude W. and Towell, Geoffrey G.},
 booktitle = {Machine Learning: Proceedings of the Sixth International Workshop},
 editor = {Segre, Alberto Maria},
 month = {June},
 openalex = {W1581006916},
 pages = {90–93},
 publisher = {Morgan Kaufmann},
 title = {Combining Explanation-Based Learning and Artificial Neural Networks},
 year = {1989}
}

@inproceedings{shavlik1989empirical,
 address = {Cornell University, Ithaca, New York, USA},
 author = {Shavlik, Jude W.},
 booktitle = {Machine Learning: Proceedings of the Sixth International Workshop},
 editor = {Segre, Alberto Maria},
 month = {June},
 openalex = {W1529353453},
 pages = {183–187},
 publisher = {Morgan Kaufmann},
 title = {An Empirical Analysis of EBL Approaches for Learning Plan Schemata},
 year = {1989}
}

@inproceedings{sims1989discovering,
 address = {Cornell University, Ithaca, New York, USA},
 author = {Sims, Michael H. and Bresina, John L.},
 booktitle = {Machine Learning: Proceedings of the Sixth International Workshop},
 editor = {Segre, Alberto Maria},
 month = {June},
 pages = {308–313},
 publisher = {Morgan Kaufmann},
 title = {Discovering Mathematical Operation Definitions},
 year = {1989}
}

@inproceedings{sobek1989using,
 address = {Cornell University, Ithaca, New York, USA},
 author = {Sobek, Ralph P. and Laumond, Jean-Paul},
 booktitle = {Machine Learning: Proceedings of the Sixth International Workshop},
 editor = {Segre, Alberto Maria},
 month = {June},
 openalex = {W1557983464},
 pages = {205–208},
 publisher = {Morgan Kaufmann},
 title = {Using Learning to Recover Side-Effects of Operators in Robotics},
 year = {1989}
}

@inproceedings{spackman1989signal,
 address = {Cornell University, Ithaca, New York, USA},
 author = {Spackman, Kent A.},
 booktitle = {Machine Learning: Proceedings of the Sixth International Workshop},
 editor = {Segre, Alberto Maria},
 month = {June},
 openalex = {W1485718738},
 pages = {160–163},
 publisher = {Morgan Kaufmann},
 title = {Signal Detection Theory: Valuable Tools for Evaluating Inductive Learning},
 year = {1989}
}

@inproceedings{spangler1989induction,
 address = {Cornell University, Ithaca, New York, USA},
 author = {Spangler, W. Scott and Fayyad, Usama M. and Uthurusamy, Ramasamy},
 booktitle = {Machine Learning: Proceedings of the Sixth International Workshop},
 editor = {Segre, Alberto Maria},
 month = {June},
 openalex = {W1484798100},
 pages = {146–150},
 publisher = {Morgan Kaufmann},
 title = {Induction of Decision Trees from Inconclusive Data},
 year = {1989}
}

@inproceedings{subramanian1989representational,
 address = {Cornell University, Ithaca, New York, USA},
 author = {Subramanian, Devika},
 booktitle = {Machine Learning: Proceedings of the Sixth International Workshop},
 editor = {Segre, Alberto Maria},
 month = {June},
 openalex = {W1494236755},
 pages = {426–429},
 publisher = {Morgan Kaufmann},
 title = {Representational Issues in Machine Learning},
 year = {1989}
}

@inproceedings{subramanian1989theory,
 address = {Cornell University, Ithaca, New York, USA},
 author = {Subramanian, Devika},
 booktitle = {Machine Learning: Proceedings of the Sixth International Workshop},
 editor = {Segre, Alberto Maria},
 month = {June},
 openalex = {W1485130760},
 pages = {434–438},
 publisher = {Morgan Kaufmann},
 title = {A Theory of Justified Reformulations},
 year = {1989}
}

@inproceedings{tadepalli1989planning,
 address = {Cornell University, Ithaca, New York, USA},
 author = {Tadepalli, Prasad},
 booktitle = {Machine Learning: Proceedings of the Sixth International Workshop},
 editor = {Segre, Alberto Maria},
 month = {June},
 openalex = {W192781944},
 pages = {224–228},
 publisher = {Morgan Kaufmann},
 title = {Planning Approximate Plans for Use in the Real World},
 year = {1989}
}

@inproceedings{tallis1989overcoming,
 address = {Cornell University, Ithaca, New York, USA},
 author = {Tallis, Hans},
 booktitle = {Machine Learning: Proceedings of the Sixth International Workshop},
 editor = {Segre, Alberto Maria},
 month = {June},
 openalex = {W1540988390},
 pages = {505–508},
 publisher = {Morgan Kaufmann},
 title = {Overcoming Feature Space Bias in a Reactive Environment},
 year = {1989}
}

@inproceedings{tan1989costsensitive,
 address = {Cornell University, Ithaca, New York, USA},
 author = {Tan, Ming and Schlimmer, Jeffrey C.},
 booktitle = {Machine Learning: Proceedings of the Sixth International Workshop},
 editor = {Segre, Alberto Maria},
 month = {June},
 openalex = {W1527418157},
 pages = {392–395},
 publisher = {Morgan Kaufmann},
 title = {Cost-Sensitive Concept Learning of Sensor Use in Approach and Recognition},
 year = {1989}
}

@inproceedings{tecuci1989multistrategy,
 address = {Cornell University, Ithaca, New York, USA},
 author = {Tecuci, Gheorghe and Kodratoff, Yves},
 booktitle = {Machine Learning: Proceedings of the Sixth International Workshop},
 editor = {Segre, Alberto Maria},
 month = {June},
 openalex = {W1485898241},
 pages = {14–16},
 publisher = {Morgan Kaufmann},
 title = {Multi-Strategy Learning in Nonhomogeneous Domain Theories},
 year = {1989}
}

@inproceedings{thompson1989incremental,
 address = {Cornell University, Ithaca, New York, USA},
 author = {Thompson, Kevin and Langley, Pat},
 booktitle = {Machine Learning: Proceedings of the Sixth International Workshop},
 editor = {Segre, Alberto Maria},
 month = {June},
 openalex = {W1504173619},
 pages = {371–374},
 publisher = {Morgan Kaufmann},
 title = {Incremental Concept Formation with Composite Objects},
 year = {1989}
}

@inproceedings{tong1989toward,
 address = {Cornell University, Ithaca, New York, USA},
 author = {Tong, Chris and Franklin, Phil},
 booktitle = {Machine Learning: Proceedings of the Sixth International Workshop},
 editor = {Segre, Alberto Maria},
 month = {June},
 openalex = {W1565204375},
 pages = {302–307},
 publisher = {Morgan Kaufmann},
 title = {Toward Automated Rational Reconstruction: A Case Study},
 year = {1989}
}

@inproceedings{utgoff1989improved,
 address = {Cornell University, Ithaca, New York, USA},
 author = {Utgoff, Paul E.},
 booktitle = {Machine Learning: Proceedings of the Sixth International Workshop},
 editor = {Segre, Alberto Maria},
 month = {June},
 openalex = {W1481802362},
 pages = {362–365},
 publisher = {Morgan Kaufmann},
 title = {Improved Training Via Incremental Learning},
 year = {1989}
}

@inproceedings{valtorta1989some,
 address = {Cornell University, Ithaca, New York, USA},
 author = {Valtorta, Marco},
 booktitle = {Machine Learning: Proceedings of the Sixth International Workshop},
 editor = {Segre, Alberto Maria},
 month = {June},
 openalex = {W1545916877},
 pages = {326–331},
 publisher = {Morgan Kaufmann},
 title = {Some Results on the Complexity of Knowledge-Based Refinement},
 year = {1989}
}

@inproceedings{vanlehn1989discovering,
 address = {Cornell University, Ithaca, New York, USA},
 author = {VanLehn, Kurt},
 booktitle = {Machine Learning: Proceedings of the Sixth International Workshop},
 editor = {Segre, Alberto Maria},
 month = {June},
 openalex = {W1493262261},
 pages = {215–217},
 publisher = {Morgan Kaufmann},
 title = {Discovering Problem Solving Strategies: What Humans Do and Machines Don't (Yet)},
 year = {1989}
}

@inproceedings{wefald1989adaptive,
 address = {Cornell University, Ithaca, New York, USA},
 author = {Wefald, Eric and Russell, Stuart J.},
 booktitle = {Machine Learning: Proceedings of the Sixth International Workshop},
 editor = {Segre, Alberto Maria},
 month = {June},
 openalex = {W1600460799},
 pages = {408–411},
 publisher = {Morgan Kaufmann},
 title = {Adaptive Learning of Decision-Theoretic Search Control Knowledge},
 year = {1989}
}

@inproceedings{whitehead1989role,
 address = {Cornell University, Ithaca, New York, USA},
 author = {Whitehead, Steven D. and Ballard, Dana H.},
 booktitle = {Machine Learning: Proceedings of the Sixth International Workshop},
 editor = {Segre, Alberto Maria},
 month = {June},
 openalex = {W1529303739},
 pages = {354–357},
 publisher = {Morgan Kaufmann},
 title = {A Role for Anticipation in Reactive Systems that Learn},
 year = {1989}
}

@inproceedings{widmer1989tight,
 address = {Cornell University, Ithaca, New York, USA},
 author = {Widmer, Gerhard},
 booktitle = {Machine Learning: Proceedings of the Sixth International Workshop},
 editor = {Segre, Alberto Maria},
 month = {June},
 openalex = {W261963013},
 pages = {11–13},
 publisher = {Morgan Kaufmann},
 title = {A Tight Integration of Deductive Learning},
 year = {1989}
}

@inproceedings{wilkins1989knowledge,
 address = {Cornell University, Ithaca, New York, USA},
 author = {Wilkins, David C. and Tan, Kok-Wah},
 booktitle = {Machine Learning: Proceedings of the Sixth International Workshop},
 editor = {Segre, Alberto Maria},
 month = {June},
 openalex = {W1589684992},
 pages = {332–339},
 publisher = {Morgan Kaufmann},
 title = {Knowledge Base Refinement as Improving an Incorrect, Inconsistent and Incomplete Domain Theory},
 year = {1989}
}

@inproceedings{wogulis1989framework,
 address = {Cornell University, Ithaca, New York, USA},
 author = {Wogulis, James},
 booktitle = {Machine Learning: Proceedings of the Sixth International Workshop},
 editor = {Segre, Alberto Maria},
 month = {June},
 openalex = {W1515692533},
 pages = {78–80},
 publisher = {Morgan Kaufmann},
 title = {A Framework for Improving Efficiency and Accuracy},
 year = {1989}
}

@inproceedings{wollowski1989schema,
 address = {Cornell University, Ithaca, New York, USA},
 author = {Wollowski, Michael},
 booktitle = {Machine Learning: Proceedings of the Sixth International Workshop},
 editor = {Segre, Alberto Maria},
 month = {June},
 openalex = {W1499832993},
 pages = {87–89},
 publisher = {Morgan Kaufmann},
 title = {A Schema for an Integrated Learning System},
 year = {1989}
}

@inproceedings{woodfill1989labor,
 address = {Cornell University, Ithaca, New York, USA},
 author = {Woodfill, John},
 booktitle = {Machine Learning: Proceedings of the Sixth International Workshop},
 editor = {Segre, Alberto Maria},
 month = {June},
 openalex = {W2166543924},
 pages = {430–433},
 publisher = {Morgan Kaufmann},
 title = {Labor Saving New Distinctions},
 year = {1989}
}

@inproceedings{yager1989participatory,
 address = {Cornell University, Ithaca, New York, USA},
 author = {Yager, Ronald R. and Ford, Kenneth M.},
 booktitle = {Machine Learning: Proceedings of the Sixth International Workshop},
 editor = {Segre, Alberto Maria},
 month = {June},
 openalex = {W1541012776},
 pages = {420–425},
 publisher = {Morgan Kaufmann},
 title = {Participatory Learning: A Constructivist Model},
 year = {1989}
}

@inproceedings{yang1989conceptual,
 address = {Cornell University, Ithaca, New York, USA},
 author = {Yang, Hua and Fisher, Douglas H.},
 booktitle = {Machine Learning: Proceedings of the Sixth International Workshop},
 editor = {Segre, Alberto Maria},
 month = {June},
 openalex = {W1500304516},
 pages = {232–234},
 publisher = {Morgan Kaufmann},
 title = {Conceptual Clustering of Mean-Ends Plans},
 year = {1989}
}

@inproceedings{yoo1989conceptual,
 address = {Cornell University, Ithaca, New York, USA},
 author = {Yoo, J. P. and Fisher, Douglas H.},
 booktitle = {Machine Learning: Proceedings of the Sixth International Workshop},
 editor = {Segre, Alberto Maria},
 month = {June},
 pages = {8–10},
 publisher = {Morgan Kaufmann},
 title = {Conceptual Clustering of Explanations},
 year = {1989}
}

@inproceedings{zhang1989description,
 address = {Cornell University, Ithaca, New York, USA},
 author = {Zhang, Jianping and Michalski, R. S.},
 booktitle = {Machine Learning: Proceedings of the Sixth International Workshop},
 editor = {Segre, Alberto Maria},
 month = {June},
 openalex = {W1518011052},
 pages = {17–19},
 publisher = {Morgan Kaufmann},
 title = {A Description of Preference Criterion in Constructive Learning: A Discussion of Basic Issues},
 year = {1989}
}
