@inproceedings{anderson1990rational,
  address = {Austin, Texas, USA},
  author = {Anderson, John R. and Matessa, Michael},
  booktitle = {Machine Learning: Proceedings of the Seventh International Conference},
  doi = {10.1016/B978-1-55860-141-3.50013-4},
  editor = {Porter, Bruce W. and Mooney, Raymond J.},
  month = {June},
  openalex = {W1607061301},
  pages = {76--84},
  publisher = {Morgan Kaufmann},
  title = {A Rational Analysis of Categorization},
  year = {1990}
}

@inproceedings{arunkumar1990knowledge,
  address = {Austin, Texas, USA},
  author = {Arun-Kumar, S. and Yegneshwar, S},
  booktitle = {Machine Learning: Proceedings of the Seventh International Conference},
  doi = {10.1016/B978-1-55860-141-3.50004-3},
  editor = {Porter, Bruce W. and Mooney, Raymond J.},
  month = {June},
  openalex = {W1519865268},
  pages = {2--8},
  publisher = {Morgan Kaufmann},
  title = {Knowledge Acquisition from Examples using Maximal Representation Learning},
  year = {1990}
}

@inproceedings{bennett1990reducing,
  address = {Austin, Texas, USA},
  author = {Bennett, Scott},
  booktitle = {Machine Learning: Proceedings of the Seventh International Conference},
  doi = {10.1016/B978-1-55860-141-3.50031-6},
  editor = {Porter, Bruce W. and Mooney, Raymond J.},
  month = {June},
  openalex = {W1549756519},
  pages = {226--234},
  publisher = {Morgan Kaufmann},
  title = {Reducing Real-world Failures of Approximate Explanation-based Rules},
  year = {1990}
}

@inproceedings{bergadano1990integrated,
  address = {Austin, Texas, USA},
  author = {Bergadano, Francesco and Giordana, Attilio and Saitta, Lorenza and Brancadori, F. and Marchi, Davide De},
  booktitle = {Machine Learning: Proceedings of the Seventh International Conference},
  doi = {10.1016/B978-1-55860-141-3.50042-0},
  editor = {Porter, Bruce W. and Mooney, Raymond J.},
  month = {June},
  openalex = {W2399350593},
  pages = {322--329},
  publisher = {Morgan Kaufmann},
  title = {Integrated Learning in a Real Domain.},
  year = {1990}
}

@inproceedings{bisson1990kbg,
  address = {Austin, Texas, USA},
  author = {Bisson, Gilles},
  booktitle = {Machine Learning: Proceedings of the Seventh International Conference},
  doi = {10.1016/B978-1-55860-141-3.50005-5},
  editor = {Porter, Bruce W. and Mooney, Raymond J.},
  month = {June},
  openalex = {W193042242},
  pages = {9--15},
  publisher = {Morgan Kaufmann},
  title = {KBG: A Knowledge Based Generalizer},
  year = {1990}
}

@inproceedings{bonelli1990newboole,
  address = {Austin, Texas, USA},
  author = {Bonelli, Pierre and Parodi, Alexandre and Sen, Sandip and Wilson, Stewart W.},
  booktitle = {Machine Learning: Proceedings of the Seventh International Conference},
  doi = {10.1016/B978-1-55860-141-3.50022-5},
  editor = {Porter, Bruce W. and Mooney, Raymond J.},
  month = {June},
  openalex = {W1887563112},
  pages = {153--159},
  publisher = {Morgan Kaufmann},
  title = {NEWBOOLE: A Fast GBML System},
  year = {1990}
}

@inproceedings{bostrom1990generalizing,
  address = {Austin, Texas, USA},
  author = {Bostr√∂m, Henrik},
  booktitle = {Machine Learning: Proceedings of the Seventh International Conference},
  doi = {10.1016/B978-1-55860-141-3.50035-3},
  editor = {Porter, Bruce W. and Mooney, Raymond J.},
  month = {June},
  openalex = {W1509198027},
  pages = {260--267},
  publisher = {Morgan Kaufmann},
  title = {Generalizing the Order of Goals as an Approach to Generalizing Number},
  year = {1990}
}

@inproceedings{carlson1990search,
  address = {Austin, Texas, USA},
  author = {Carlson, Brian J. and Weinberg, Jerry B. and Fisher, Douglas H.},
  booktitle = {Machine Learning: Proceedings of the Seventh International Conference},
  doi = {10.1016/B978-1-55860-141-3.50014-6},
  editor = {Porter, Bruce W. and Mooney, Raymond J.},
  month = {June},
  openalex = {W1691290732},
  pages = {85--92},
  publisher = {Morgan Kaufmann},
  title = {Search Control, Utility, and Concept Induction},
  year = {1990}
}

@inproceedings{chan1990performance,
  address = {Austin, Texas, USA},
  author = {Chan, Keith C. C. and Wong, Andrew K. C.},
  booktitle = {Machine Learning: Proceedings of the Seventh International Conference},
  doi = {10.1016/B978-1-55860-141-3.50006-7},
  editor = {Porter, Bruce W. and Mooney, Raymond J.},
  month = {June},
  openalex = {W1507001854},
  pages = {16--23},
  publisher = {Morgan Kaufmann},
  title = {Performance Analysis of A Probabilistic Inductive Learning System},
  year = {1990}
}

@inproceedings{cohen1990analysis,
  address = {Austin, Texas, USA},
  author = {Cohen, William W.},
  booktitle = {Machine Learning: Proceedings of the Seventh International Conference},
  doi = {10.1016/B978-1-55860-141-3.50016-0},
  editor = {Porter, Bruce W. and Mooney, Raymond J.},
  month = {June},
  openalex = {W1541157679},
  pages = {104--112},
  publisher = {Morgan Kaufmann},
  title = {An Analysis of Representation Shift In Concept Learning},
  year = {1990}
}

@inproceedings{cohen1990learning,
  address = {Austin, Texas, USA},
  author = {Cohen, William W.},
  booktitle = {Machine Learning: Proceedings of the Seventh International Conference},
  doi = {10.1016/B978-1-55860-141-3.50036-5},
  editor = {Porter, Bruce W. and Mooney, Raymond J.},
  month = {June},
  openalex = {W1487503790},
  pages = {268--276},
  publisher = {Morgan Kaufmann},
  title = {Learning Approximate Control Rules Of High Utility},
  year = {1990}
}

@inproceedings{dietterich1990comparative,
  address = {Austin, Texas, USA},
  author = {Dietterich, Thomas G. and Hild, Hermann and Bakiri, Ghulum},
  booktitle = {Machine Learning: Proceedings of the Seventh International Conference},
  doi = {10.1016/B978-1-55860-141-3.50007-9},
  editor = {Porter, Bruce W. and Mooney, Raymond J.},
  month = {June},
  openalex = {W1552785817},
  pages = {24--31},
  publisher = {Morgan Kaufmann},
  title = {A Comparative Study of ID3 and Backpropagation for English Text-to-Speech Mapping},
  year = {1990}
}

@inproceedings{epstein1990learning,
  address = {Austin, Texas, USA},
  author = {Epstein, Susan L.},
  booktitle = {Machine Learning: Proceedings of the Seventh International Conference},
  doi = {10.1016/B978-1-55860-141-3.50026-2},
  editor = {Porter, Bruce W. and Mooney, Raymond J.},
  month = {June},
  openalex = {W1607860141},
  pages = {190--197},
  publisher = {Morgan Kaufmann},
  title = {Learning Plans for Competitive Domains},
  year = {1990}
}

@inproceedings{flann1990applying,
  address = {Austin, Texas, USA},
  author = {Flann, Nicholas S.},
  booktitle = {Machine Learning: Proceedings of the Seventh International Conference},
  doi = {10.1016/B978-1-55860-141-3.50037-7},
  editor = {Porter, Bruce W. and Mooney, Raymond J.},
  month = {June},
  openalex = {W191664463},
  pages = {277--285},
  publisher = {Morgan Kaufmann},
  title = {Applying Abstraction and Simplification to Learn in Intractable Domains},
  year = {1990}
}

@inproceedings{garis1990genetic,
  address = {Austin, Texas, USA},
  author = {Garis, Hugo de},
  booktitle = {Machine Learning: Proceedings of the Seventh International Conference},
  doi = {10.1016/B978-1-55860-141-3.50019-5},
  editor = {Porter, Bruce W. and Mooney, Raymond J.},
  month = {June},
  pages = {132--139},
  publisher = {Morgan Kaufmann},
  title = {Genetic Programming},
  year = {1990}
}

@inproceedings{genest1990explanationbased,
  address = {Austin, Texas, USA},
  author = {Genest, Jean and Matwin, Stan and Plante, Boris},
  booktitle = {Machine Learning: Proceedings of the Seventh International Conference},
  doi = {10.1016/B978-1-55860-141-3.50038-9},
  editor = {Porter, Bruce W. and Mooney, Raymond J.},
  month = {June},
  openalex = {W1508949156},
  pages = {286--294},
  publisher = {Morgan Kaufmann},
  title = {Explanation-Based Learning with Incomplete Theories: A Three-step Approach},
  year = {1990}
}

@inproceedings{gordon1990explanations,
  address = {Austin, Texas, USA},
  author = {Gordon, Diana F. and Grefenstette, John J.},
  booktitle = {Machine Learning: Proceedings of the Seventh International Conference},
  doi = {10.1016/B978-1-55860-141-3.50027-4},
  editor = {Porter, Bruce W. and Mooney, Raymond J.},
  month = {June},
  openalex = {W2168464063},
  pages = {198--203},
  publisher = {Morgan Kaufmann},
  title = {Explanations of Empirically Derived Reactive Plans},
  year = {1990}
}

@inproceedings{hammond1990learning,
  address = {Austin, Texas, USA},
  author = {Hammond, Kristian J.},
  booktitle = {Machine Learning: Proceedings of the Seventh International Conference},
  doi = {10.1016/B978-1-55860-141-3.50028-6},
  editor = {Porter, Bruce W. and Mooney, Raymond J.},
  month = {June},
  openalex = {W1553039381},
  pages = {204--210},
  publisher = {Morgan Kaufmann},
  title = {Learning and Enforcement: Stabilizing environments to facilitate activity},
  year = {1990}
}

@inproceedings{hirsh1990incremental,
  address = {Austin, Texas, USA},
  author = {Hirsh, Haym},
  booktitle = {Machine Learning: Proceedings of the Seventh International Conference},
  doi = {10.1016/B978-1-55860-141-3.50043-2},
  editor = {Porter, Bruce W. and Mooney, Raymond J.},
  month = {June},
  openalex = {W1515379490},
  pages = {330--338},
  publisher = {Morgan Kaufmann},
  title = {Incremental Version-Space Merging: A General Framework for Concept Learning},
  year = {1990}
}

@inproceedings{hirsh1990learning,
  address = {Austin, Texas, USA},
  author = {Hirsh, Haym},
  booktitle = {Machine Learning: Proceedings of the Seventh International Conference},
  doi = {10.1016/B978-1-55860-141-3.50008-0},
  editor = {Porter, Bruce W. and Mooney, Raymond J.},
  month = {June},
  openalex = {W1569039131},
  pages = {32--39},
  publisher = {Morgan Kaufmann},
  title = {Learning from Data with Bounded Inconsistency},
  year = {1990}
}

@inproceedings{holder1990general,
  address = {Austin, Texas, USA},
  author = {Holder, Lawrence B.},
  booktitle = {Machine Learning: Proceedings of the Seventh International Conference},
  doi = {10.1016/B978-1-55860-141-3.50051-1},
  editor = {Porter, Bruce W. and Mooney, Raymond J.},
  month = {June},
  openalex = {W1572409563},
  pages = {402--410},
  publisher = {Morgan Kaufmann},
  title = {The General Utility Problem in Machine Learning},
  year = {1990}
}

@inproceedings{hume1990learning,
  address = {Austin, Texas, USA},
  author = {Hume, David},
  booktitle = {Machine Learning: Proceedings of the Seventh International Conference},
  doi = {10.1016/B978-1-55860-141-3.50017-1},
  editor = {Porter, Bruce W. and Mooney, Raymond J.},
  month = {June},
  openalex = {W1556670373},
  pages = {113--121},
  publisher = {Morgan Kaufmann},
  title = {Learning Procedures by Environment-Driven Constructive Induction},
  year = {1990}
}

@inproceedings{kadaba1990improving,
  address = {Austin, Texas, USA},
  author = {Kadaba, Nagesh and Nygard, Kendall E.},
  booktitle = {Machine Learning: Proceedings of the Seventh International Conference},
  doi = {10.1016/B978-1-55860-141-3.50020-1},
  editor = {Porter, Bruce W. and Mooney, Raymond J.},
  month = {June},
  openalex = {W1507267329},
  pages = {140--148},
  publisher = {Morgan Kaufmann},
  title = {Improving the Performance of Genetic Algorithms in Automated Discovery of Parameters},
  year = {1990}
}

@inproceedings{kadie1990conceptual,
  address = {Austin, Texas, USA},
  author = {Kadie, Carl Myers},
  booktitle = {Machine Learning: Proceedings of the Seventh International Conference},
  doi = {10.1016/B978-1-55860-141-3.50009-2},
  editor = {Porter, Bruce W. and Mooney, Raymond J.},
  month = {June},
  pages = {40--48},
  publisher = {Morgan Kaufmann},
  title = {Conceptual Set Covering: Improving Fit-And-Split Algorithms},
  year = {1990}
}

@inproceedings{kaelbling1990learning,
  address = {Austin, Texas, USA},
  author = {Kaelbling, Leslie Pack},
  booktitle = {Machine Learning: Proceedings of the Seventh International Conference},
  doi = {10.1016/B978-1-55860-141-3.50023-7},
  editor = {Porter, Bruce W. and Mooney, Raymond J.},
  month = {June},
  pages = {162--169},
  publisher = {Morgan Kaufmann},
  title = {Learning Functions in k-DNF from Reinforcement},
  year = {1990}
}

@inproceedings{ko1990learning,
  address = {Austin, Texas, USA},
  author = {Ko, Ker‚ÄêI and Marron, Assaf and Tzeng, Wen-Guey},
  booktitle = {Machine Learning: Proceedings of the Seventh International Conference},
  doi = {10.1016/B978-1-55860-141-3.50049-3},
  editor = {Porter, Bruce W. and Mooney, Raymond J.},
  month = {June},
  openalex = {W1509542583},
  pages = {384--391},
  publisher = {Morgan Kaufmann},
  title = {Learning String Patterns and Tree Patterns from Examples},
  year = {1990}
}

@inproceedings{kodratoff1990using,
  address = {Austin, Texas, USA},
  author = {Kodratoff, Yves},
  booktitle = {Machine Learning: Proceedings of the Seventh International Conference},
  doi = {10.1016/B978-1-55860-141-3.50039-0},
  editor = {Porter, Bruce W. and Mooney, Raymond J.},
  month = {June},
  openalex = {W1590124522},
  pages = {295--303},
  publisher = {Morgan Kaufmann},
  title = {Using Abductive Recovery of Failed Proofs for Problem Solving by Analogy},
  year = {1990}
}

@inproceedings{laird1990correcting,
  address = {Austin, Texas, USA},
  author = {Laird, John E. and Hucka, Michael and Yager, Eric S. and Tuck, Christopher M.},
  booktitle = {Machine Learning: Proceedings of the Seventh International Conference},
  doi = {10.1016/B978-1-55860-141-3.50032-8},
  editor = {Porter, Bruce W. and Mooney, Raymond J.},
  month = {June},
  openalex = {W1548603258},
  pages = {235--243},
  publisher = {Morgan Kaufmann},
  title = {Correcting and Extending Domain Knowledge using Outside Guidance},
  year = {1990}
}

@inproceedings{lehman1990general,
  address = {Austin, Texas, USA},
  author = {Lehman, Jill Fain},
  booktitle = {Machine Learning: Proceedings of the Seventh International Conference},
  doi = {10.1016/B978-1-55860-141-3.50047-X},
  editor = {Porter, Bruce W. and Mooney, Raymond J.},
  month = {June},
  openalex = {W183108079},
  pages = {368--376},
  publisher = {Morgan Kaufmann},
  title = {Adaptive Parsing: A General Method for Learning Idiosyncratic Grammars},
  year = {1990}
}

@inproceedings{lytinen1990comparison,
  address = {Austin, Texas, USA},
  author = {Lytinen, Steven L. and Moon, Carol E.},
  booktitle = {Machine Learning: Proceedings of the Seventh International Conference},
  doi = {10.1016/B978-1-55860-141-3.50048-1},
  editor = {Porter, Bruce W. and Mooney, Raymond J.},
  month = {June},
  pages = {377--383},
  publisher = {Morgan Kaufmann},
  title = {A Comparison of Learning Techniques in Second Language Learning},
  year = {1990}
}

@inproceedings{mccallum1990using,
  address = {Austin, Texas, USA},
  author = {McCallum, Andrew and Spackman, Kent A.},
  booktitle = {Machine Learning: Proceedings of the Seventh International Conference},
  doi = {10.1016/B978-1-55860-141-3.50021-3},
  editor = {Porter, Bruce W. and Mooney, Raymond J.},
  month = {June},
  openalex = {W1555894608},
  pages = {149--152},
  publisher = {Morgan Kaufmann},
  title = {Using Genetic Algorithms to Learn Disjunctive Rules from Examples},
  year = {1990}
}

@inproceedings{minton1990issues,
  address = {Austin, Texas, USA},
  author = {Minton, Steven},
  booktitle = {Machine Learning: Proceedings of the Seventh International Conference},
  doi = {10.1016/B978-1-55860-141-3.50040-7},
  editor = {Porter, Bruce W. and Mooney, Raymond J.},
  month = {June},
  openalex = {W1506034371},
  pages = {304--312},
  publisher = {Morgan Kaufmann},
  title = {Issues in the Design of Operator Composition Systems},
  year = {1990}
}

@inproceedings{moore1990acquisition,
  address = {Austin, Texas, USA},
  author = {Moore, Andrew W.},
  booktitle = {Machine Learning: Proceedings of the Seventh International Conference},
  doi = {10.1016/B978-1-55860-141-3.50033-0},
  editor = {Porter, Bruce W. and Mooney, Raymond J.},
  month = {June},
  openalex = {W1534468775},
  pages = {244--252},
  publisher = {Morgan Kaufmann},
  title = {Acquisition of Dynamic Control Knowledge for a Robotic Manipulator},
  year = {1990}
}

@inproceedings{nordhausen1990robust,
  address = {Austin, Texas, USA},
  author = {Nordhausen, Bernd and Langley, Pat},
  booktitle = {Machine Learning: Proceedings of the Seventh International Conference},
  doi = {10.1016/B978-1-55860-141-3.50052-3},
  editor = {Porter, Bruce W. and Mooney, Raymond J.},
  month = {June},
  openalex = {W1517700801},
  pages = {411--418},
  publisher = {Morgan Kaufmann},
  title = {A Robust Approach to Numeric Discovery},
  year = {1990}
}

@inproceedings{obradovic1990learning,
  address = {Austin, Texas, USA},
  author = {Obradoviƒá, Zoran and Parberry, Ian},
  booktitle = {Machine Learning: Proceedings of the Seventh International Conference},
  doi = {10.1016/B978-1-55860-141-3.50050-1},
  editor = {Porter, Bruce W. and Mooney, Raymond J.},
  month = {June},
  openalex = {W1598526211},
  pages = {392--399},
  publisher = {Morgan Kaufmann},
  title = {Learning with Discrete Multi-Valued Neurons},
  year = {1990}
}

@inproceedings{pazzani1990average,
  address = {Austin, Texas, USA},
  author = {Pazzani, Michael J. and Sarrett, Wendy},
  booktitle = {Machine Learning: Proceedings of the Seventh International Conference},
  doi = {10.1016/B978-1-55860-141-3.50044-4},
  editor = {Porter, Bruce W. and Mooney, Raymond J.},
  month = {June},
  openalex = {W4247930488},
  pages = {339--347},
  publisher = {Morgan Kaufmann},
  title = {A framework for average case analysis of conjunctive learning algorithms},
  year = {1990}
}

@inproceedings{ram1990incremental,
  address = {Austin, Texas, USA},
  author = {Ram, Ashwin},
  booktitle = {Machine Learning: Proceedings of the Seventh International Conference},
  doi = {10.1016/B978-1-55860-141-3.50041-9},
  editor = {Porter, Bruce W. and Mooney, Raymond J.},
  month = {June},
  openalex = {W43247909},
  pages = {313--320},
  publisher = {Morgan Kaufmann},
  title = {Incremental Learning of Explanation Patterns and their Indices},
  year = {1990}
}

@inproceedings{ramsey1990simulationassisted,
  address = {Austin, Texas, USA},
  author = {Ramsey, Connie Loggia and Schultz, Alan C. and Grefenstette, John J.},
  booktitle = {Machine Learning: Proceedings of the Seventh International Conference},
  doi = {10.1016/B978-1-55860-141-3.50029-8},
  editor = {Porter, Bruce W. and Mooney, Raymond J.},
  month = {June},
  openalex = {W1538358761},
  pages = {211--215},
  publisher = {Morgan Kaufmann},
  title = {Simulation-Assisted Learning by Competition: Effects of Noise Differences Between Training Model and Target Environment},
  year = {1990}
}

@inproceedings{rouveirol1990beyond,
  address = {Austin, Texas, USA},
  author = {Rouveirol, C√©line and Puget, Jean Fran√ßois},
  booktitle = {Machine Learning: Proceedings of the Seventh International Conference},
  doi = {10.1016/B978-1-55860-141-3.50018-3},
  editor = {Porter, Bruce W. and Mooney, Raymond J.},
  month = {June},
  openalex = {W1597847469},
  pages = {122--130},
  publisher = {Morgan Kaufmann},
  title = {Beyond Inversion of Resolution},
  year = {1990}
}

@inproceedings{sammut1990is,
  address = {Austin, Texas, USA},
  author = {Sammut, Claude and Cribb, James},
  booktitle = {Machine Learning: Proceedings of the Seventh International Conference},
  doi = {10.1016/B978-1-55860-141-3.50024-9},
  editor = {Porter, Bruce W. and Mooney, Raymond J.},
  month = {June},
  openalex = {W1555922520},
  pages = {170--178},
  publisher = {Morgan Kaufmann},
  title = {Is Learning Rate a Good Performance Criterion for Learning?},
  year = {1990}
}

@inproceedings{schoenauer1990incremental,
  address = {Austin, Texas, USA},
  author = {Schoenauer, Marc and S√©bag, Mich√®le},
  booktitle = {Machine Learning: Proceedings of the Seventh International Conference},
  doi = {10.1016/B978-1-55860-141-3.50010-9},
  editor = {Porter, Bruce W. and Mooney, Raymond J.},
  month = {June},
  openalex = {W1483710639},
  pages = {49--57},
  publisher = {Morgan Kaufmann},
  title = {Incremental Learning of Rules and Meta‚Äìrules},
  year = {1990}
}

@inproceedings{segen1990graph,
  address = {Austin, Texas, USA},
  author = {Segen, Jakub},
  booktitle = {Machine Learning: Proceedings of the Seventh International Conference},
  doi = {10.1016/B978-1-55860-141-3.50015-8},
  editor = {Porter, Bruce W. and Mooney, Raymond J.},
  month = {June},
  openalex = {W1549845211},
  pages = {93--101},
  publisher = {Morgan Kaufmann},
  title = {Graph Clustering and Model Learning by Data Compression},
  year = {1990}
}

@inproceedings{silver1990framework,
  address = {Austin, Texas, USA},
  author = {Silver, Bernard and Frawley, William and Iba, Glenn A. and Vittal, John and Bradford, Kelly},
  booktitle = {Machine Learning: Proceedings of the Seventh International Conference},
  doi = {10.1016/B978-1-55860-141-3.50045-6},
  editor = {Porter, Bruce W. and Mooney, Raymond J.},
  month = {June},
  openalex = {W1705631719},
  pages = {348--356},
  publisher = {Morgan Kaufmann},
  title = {ILS: A Framework for Multi-Paradigmatic Learning},
  year = {1990}
}

@inproceedings{sutton1990integrated,
  address = {Austin, Texas, USA},
  author = {Sutton, Richard S.},
  booktitle = {Machine Learning: Proceedings of the Seventh International Conference},
  doi = {10.1016/B978-1-55860-141-3.50030-4},
  editor = {Porter, Bruce W. and Mooney, Raymond J.},
  month = {June},
  openalex = {W1491843047},
  pages = {216--224},
  publisher = {Morgan Kaufmann},
  title = {Integrated Architectures for Learning, Planning, and Reacting Based on Approximating Dynamic Programming},
  year = {1990}
}

@inproceedings{thint1990feature,
  address = {Austin, Texas, USA},
  author = {Thint, Marcus and Wang, Paul P.},
  booktitle = {Machine Learning: Proceedings of the Seventh International Conference},
  doi = {10.1016/B978-1-55860-141-3.50034-1},
  editor = {Porter, Bruce W. and Mooney, Raymond J.},
  month = {June},
  openalex = {W1519605879},
  pages = {253--258},
  publisher = {Morgan Kaufmann},
  title = {Feature Extraction and Clustering of Tactile Impressions with Connectionist Models},
  year = {1990}
}

@inproceedings{utgoff1990incremental,
  address = {Austin, Texas, USA},
  author = {Utgoff, Paul E. and Brodley, Carla E.},
  booktitle = {Machine Learning: Proceedings of the Seventh International Conference},
  doi = {10.1016/B978-1-55860-141-3.50011-0},
  editor = {Porter, Bruce W. and Mooney, Raymond J.},
  month = {June},
  openalex = {W2113546432},
  pages = {58--65},
  publisher = {Morgan Kaufmann},
  title = {An Incremental Method for Finding Multivariate Splits for Decision Trees},
  year = {1990}
}

@inproceedings{valtorta1990more,
  address = {Austin, Texas, USA},
  author = {Valtorta, Marco},
  booktitle = {Machine Learning: Proceedings of the Seventh International Conference},
  doi = {10.1016/B978-1-55860-141-3.50053-5},
  editor = {Porter, Bruce W. and Mooney, Raymond J.},
  month = {June},
  openalex = {W1596702168},
  pages = {419--426},
  publisher = {Morgan Kaufmann},
  title = {More Results on the Complexity of Knowledge Base Refinement: Belief Networks},
  year = {1990}
}

@inproceedings{velde1990incremental,
  address = {Austin, Texas, USA},
  author = {Velde, Walter Van de},
  booktitle = {Machine Learning: Proceedings of the Seventh International Conference},
  doi = {10.1016/B978-1-55860-141-3.50012-2},
  editor = {Porter, Bruce W. and Mooney, Raymond J.},
  month = {June},
  openalex = {W1484569408},
  pages = {66--74},
  publisher = {Morgan Kaufmann},
  title = {Incremental Induction of Topologically Minimal Trees},
  year = {1990}
}

@inproceedings{whitehead1990active,
  address = {Austin, Texas, USA},
  author = {Whitehead, Steven D. and Ballard, Dana H.},
  booktitle = {Machine Learning: Proceedings of the Seventh International Conference},
  doi = {10.1016/B978-1-55860-141-3.50025-0},
  editor = {Porter, Bruce W. and Mooney, Raymond J.},
  month = {June},
  openalex = {W2061361125},
  pages = {179--188},
  publisher = {Morgan Kaufmann},
  title = {Active Perception and Reinforcement Learning},
  year = {1990}
}

@inproceedings{wu1990integrated,
  address = {Austin, Texas, USA},
  author = {Wu, Yihua and Wang, Shulin and Zhou, Qing},
  booktitle = {Machine Learning: Proceedings of the Seventh International Conference},
  doi = {10.1016/B978-1-55860-141-3.50046-8},
  editor = {Porter, Bruce W. and Mooney, Raymond J.},
  month = {June},
  openalex = {W1550706103},
  pages = {357--365},
  publisher = {Morgan Kaufmann},
  title = {An Integrated Framework of Inducing Rules From Examples},
  year = {1990}
}
