@inproceedings{aha1991incremental,
 address = {Northwestern University, Evanston, Illinois, USA},
 author = {Aha, David W.},
 booktitle = {Machine Learning: Proceedings of the Eighth International Workshop},
 doi = {10.1016/B978-1-55860-200-7.50027-1},
 editor = {Birnbaum, Lawrence and Collins, Gregg},
 month = {July},
 openalex = {W1503081133},
 pages = {117–121},
 publisher = {Morgan Kaufmann},
 title = {Incremental Constructive Induction: An Instance-Based Approach},
 year = {1991}
}

@inproceedings{allen1991probabilistic,
 address = {Northwestern University, Evanston, Illinois, USA},
 author = {Allen, John A. and Thompson, Kevin},
 booktitle = {Machine Learning: Proceedings of the Eighth International Workshop},
 doi = {10.1016/B978-1-55860-200-7.50077-5},
 editor = {Birnbaum, Lawrence and Collins, Gregg},
 month = {July},
 openalex = {W1520138473},
 pages = {375–379},
 publisher = {Morgan Kaufmann},
 title = {Probabilistic Concept Formation in Relational Domains},
 year = {1991}
}

@inproceedings{bain1991experiments,
 address = {Northwestern University, Evanston, Illinois, USA},
 author = {Bain, Michael},
 booktitle = {Machine Learning: Proceedings of the Eighth International Workshop},
 doi = {10.1016/B978-1-55860-200-7.50078-7},
 editor = {Birnbaum, Lawrence and Collins, Gregg},
 month = {July},
 openalex = {W1500719207},
 pages = {380–384},
 publisher = {Morgan Kaufmann},
 title = {Experiments in Non-Monotonic Learning},
 year = {1991}
}

@inproceedings{belyaev1991noiseresistant,
 address = {Northwestern University, Evanston, Illinois, USA},
 author = {Belyaev, Leonid V. and Falcone, Loretta P.},
 booktitle = {Machine Learning: Proceedings of the Eighth International Workshop},
 editor = {Birnbaum, Lawrence and Collins, Gregg},
 month = {July},
 openalex = {W152713031},
 pages = {581–585},
 publisher = {Morgan Kaufmann},
 title = {Noise-Resistant Classification},
 year = {1991}
}

@inproceedings{bennett1991comparing,
 address = {Northwestern University, Evanston, Illinois, USA},
 author = {Bennett, Scott W. and DeJong, Gerald},
 booktitle = {Machine Learning: Proceedings of the Eighth International Workshop},
 doi = {10.1016/B978-1-55860-200-7.50119-7},
 editor = {Birnbaum, Lawrence and Collins, Gregg},
 month = {July},
 openalex = {W193077568},
 pages = {586–590},
 publisher = {Morgan Kaufmann},
 title = {Comparing Stochastic Planning to the Acquisition of Increasingly Permissive Plans},
 year = {1991}
}

@inproceedings{berenji1991refinement,
 address = {Northwestern University, Evanston, Illinois, USA},
 author = {Berenji, Hamid R.},
 booktitle = {Machine Learning: Proceedings of the Eighth International Workshop},
 doi = {10.1016/B978-1-55860-200-7.50097-0},
 editor = {Birnbaum, Lawrence and Collins, Gregg},
 month = {July},
 openalex = {W1546185221},
 pages = {475–479},
 publisher = {Morgan Kaufmann},
 title = {Refinement of Approximate Reasoning-based Controllers by Reinforcement Learning},
 year = {1991}
}

@inproceedings{bhatia1991query,
 address = {Northwestern University, Evanston, Illinois, USA},
 author = {Bhatia, Sanjiv K. and Deogun, Jitender S. and Raghavan, Vijay V.},
 booktitle = {Machine Learning: Proceedings of the Eighth International Workshop},
 doi = {10.1016/B978-1-55860-200-7.50053-2},
 editor = {Birnbaum, Lawrence and Collins, Gregg},
 month = {July},
 openalex = {W1541858858},
 pages = {250–254},
 publisher = {Morgan Kaufmann},
 title = {Query Formulation Through Knowledge Acquisition},
 year = {1991}
}

@inproceedings{bhuyan1991probabilistic,
 address = {Northwestern University, Evanston, Illinois, USA},
 author = {Bhuyan, Jay N. and Raghavan, Vijay V.},
 booktitle = {Machine Learning: Proceedings of the Eighth International Workshop},
 doi = {10.1016/B978-1-55860-200-7.50051-9},
 editor = {Birnbaum, Lawrence and Collins, Gregg},
 month = {July},
 openalex = {W1549546223},
 pages = {240–244},
 publisher = {Morgan Kaufmann},
 title = {A Probabilistic Retrieval Scheme for Cluster-based Adaptive Information Retrieval},
 year = {1991}
}

@inproceedings{biswas1991conceptual,
 address = {Northwestern University, Evanston, Illinois, USA},
 author = {Biswas, Gautam and Weinberg, Jerry B. and Yang, Qian and Koller, Glenn R.},
 booktitle = {Machine Learning: Proceedings of the Eighth International Workshop},
 doi = {10.1016/B978-1-55860-200-7.50120-3},
 editor = {Birnbaum, Lawrence and Collins, Gregg},
 month = {July},
 pages = {591–595},
 publisher = {Morgan Kaufmann},
 title = {Conceptual Clustering and Exploratory Data Analysis},
 year = {1991}
}

@inproceedings{botta1991improving,
 address = {Northwestern University, Evanston, Illinois, USA},
 author = {Botta, Marco and Ravotto, S. and Saitta, Lorenza and Sperotto, S. B.},
 booktitle = {Machine Learning: Proceedings of the Eighth International Workshop},
 doi = {10.1016/B978-1-55860-200-7.50098-2},
 editor = {Birnbaum, Lawrence and Collins, Gregg},
 month = {July},
 openalex = {W1514536791},
 pages = {480–484},
 publisher = {Morgan Kaufmann},
 title = {Improving Learning Using Causality and Abduction},
 year = {1991}
}

@inproceedings{bratko1991learning,
 address = {Northwestern University, Evanston, Illinois, USA},
 author = {Bratko, Ivan and Muggleton, Stephen H. and Varsek, Alen},
 booktitle = {Machine Learning: Proceedings of the Eighth International Workshop},
 doi = {10.1016/B978-1-55860-200-7.50079-9},
 editor = {Birnbaum, Lawrence and Collins, Gregg},
 month = {July},
 openalex = {W2181250948},
 pages = {385–388},
 publisher = {Morgan Kaufmann},
 title = {Learning Qualitative Models of Dynamic Systems},
 year = {1991}
}

@inproceedings{brunk1991investigation,
 address = {Northwestern University, Evanston, Illinois, USA},
 author = {Brunk, Clifford and Pazzani, Michael J.},
 booktitle = {Machine Learning: Proceedings of the Eighth International Workshop},
 doi = {10.1016/B978-1-55860-200-7.50080-5},
 editor = {Birnbaum, Lawrence and Collins, Gregg},
 month = {July},
 openalex = {W1516432974},
 pages = {389–393},
 publisher = {Morgan Kaufmann},
 title = {An Investigation of Noise-Tolerant Relational Concept Learning Algorithms},
 year = {1991}
}

@inproceedings{cain1991ductor,
 address = {Northwestern University, Evanston, Illinois, USA},
 author = {Cain, Timothy},
 booktitle = {Machine Learning: Proceedings of the Eighth International Workshop},
 doi = {10.1016/B978-1-55860-200-7.50099-4},
 editor = {Birnbaum, Lawrence and Collins, Gregg},
 month = {July},
 pages = {485–489},
 publisher = {Morgan Kaufmann},
 title = {The DUCTOR: A Theory Revision System for Propositional Domains},
 year = {1991}
}

@inproceedings{callan1991transformational,
 address = {Northwestern University, Evanston, Illinois, USA},
 author = {Callan, James P. and Utgoff, Paul E.},
 booktitle = {Machine Learning: Proceedings of the Eighth International Workshop},
 doi = {10.1016/B978-1-55860-200-7.50028-3},
 editor = {Birnbaum, Lawrence and Collins, Gregg},
 month = {July},
 openalex = {W1592101770},
 pages = {122–126},
 publisher = {Morgan Kaufmann},
 title = {A Transformational Approach to Constructive Induction},
 year = {1991}
}

@inproceedings{catlett1991megainduction,
 address = {Northwestern University, Evanston, Illinois, USA},
 author = {Catlett, Jason},
 booktitle = {Machine Learning: Proceedings of the Eighth International Workshop},
 doi = {10.1016/B978-1-55860-200-7.50121-5},
 editor = {Birnbaum, Lawrence and Collins, Gregg},
 month = {July},
 pages = {596–599},
 publisher = {Morgan Kaufmann},
 title = {Megainduction: A Test Flight},
 year = {1991}
}

@inproceedings{cerbone1991knowledge,
 address = {Northwestern University, Evanston, Illinois, USA},
 author = {Cerbone, Giuseppe and Dietterich, Thomas G.},
 booktitle = {Machine Learning: Proceedings of the Eighth International Workshop},
 doi = {10.1016/B978-1-55860-200-7.50122-7},
 editor = {Birnbaum, Lawrence and Collins, Gregg},
 month = {July},
 openalex = {W4206245890},
 pages = {600–604},
 publisher = {Morgan Kaufmann},
 title = {Knowledge Compilation to Speed Up Numerical Optimization},
 year = {1991}
}

@inproceedings{chien1991machine,
 address = {Northwestern University, Evanston, Illinois, USA},
 author = {Chien, Steve A. and Whitehall, Bradley L. and Dietterich, Thomas G. and Doyle, Richard J. and Falkenhainer, Brian and Garrett, James and Lu, Stephen C. Y.},
 booktitle = {Machine Learning: Proceedings of the Eighth International Workshop},
 doi = {10.1016/B978-1-55860-200-7.50117-3},
 editor = {Birnbaum, Lawrence and Collins, Gregg},
 month = {July},
 openalex = {W1589370704},
 pages = {577–580},
 publisher = {Morgan Kaufmann},
 title = {Machine Learning in Engineering Automation},
 year = {1991}
}

@inproceedings{chien1991on,
 address = {Northwestern University, Evanston, Illinois, USA},
 author = {Chien, Steve A. and Gervasio, Melinda T. and DeJong, Gerald},
 booktitle = {Machine Learning: Proceedings of the Eighth International Workshop},
 doi = {10.1016/B978-1-55860-200-7.50060-X},
 editor = {Birnbaum, Lawrence and Collins, Gregg},
 month = {July},
 openalex = {W1600123159},
 pages = {288–292},
 publisher = {Morgan Kaufmann},
 title = {On Becoming Decreasingly Reactive: Learning to Deliberate Minimally},
 year = {1991}
}

@inproceedings{cobb1991learning,
 address = {Northwestern University, Evanston, Illinois, USA},
 author = {Cobb, Helen G. and Grefenstette, John J.},
 booktitle = {Machine Learning: Proceedings of the Eighth International Workshop},
 doi = {10.1016/B978-1-55860-200-7.50061-1},
 editor = {Birnbaum, Lawrence and Collins, Gregg},
 month = {July},
 openalex = {W1571567934},
 pages = {292–297},
 publisher = {Morgan Kaufmann},
 title = {Learning the Persistence of Actions in Reactive Control Rules},
 year = {1991}
}

@inproceedings{cohen1991generality,
 address = {Northwestern University, Evanston, Illinois, USA},
 author = {Cohen, William W.},
 booktitle = {Machine Learning: Proceedings of the Eighth International Workshop},
 doi = {10.1016/B978-1-55860-200-7.50100-8},
 editor = {Birnbaum, Lawrence and Collins, Gregg},
 month = {July},
 openalex = {W1527331934},
 pages = {490–494},
 publisher = {Morgan Kaufmann},
 title = {The Generality of Overgenerality},
 year = {1991}
}

@inproceedings{craw1991flexibility,
 address = {Northwestern University, Evanston, Illinois, USA},
 author = {Craw, Susan and Sleeman, Derek H.},
 booktitle = {Machine Learning: Proceedings of the Eighth International Workshop},
 doi = {10.1016/B978-1-55860-200-7.50010-6},
 editor = {Birnbaum, Lawrence and Collins, Gregg},
 month = {July},
 openalex = {W1496138403},
 pages = {28–32},
 publisher = {Morgan Kaufmann},
 title = {The Flexibility of Speculative Refinement},
 year = {1991}
}

@inproceedings{crawford1991classification,
 address = {Northwestern University, Evanston, Illinois, USA},
 author = {Crawford, Stuart L. and Fung, Robert M. and Appelbaum, Lee A. and Tong, Richard M.},
 booktitle = {Machine Learning: Proceedings of the Eighth International Workshop},
 doi = {10.1016/B978-1-55860-200-7.50052-0},
 editor = {Birnbaum, Lawrence and Collins, Gregg},
 month = {July},
 openalex = {W1542991075},
 pages = {245–249},
 publisher = {Morgan Kaufmann},
 title = {Classification Trees for Information Retrieval},
 year = {1991}
}

@inproceedings{day1991learning,
 address = {Northwestern University, Evanston, Illinois, USA},
 author = {Day, David S.},
 booktitle = {Machine Learning: Proceedings of the Eighth International Workshop},
 doi = {10.1016/B978-1-55860-200-7.50029-5},
 editor = {Birnbaum, Lawrence and Collins, Gregg},
 month = {July},
 pages = {127–131},
 publisher = {Morgan Kaufmann},
 title = {Learning Variable Descriptors for Applying Heuristics Across CSP Problems},
 year = {1991}
}

@inproceedings{desjardins1991probabilistic,
 address = {Northwestern University, Evanston, Illinois, USA},
 author = {desJardins, Marie},
 booktitle = {Machine Learning: Proceedings of the Eighth International Workshop},
 doi = {10.1016/B978-1-55860-200-7.50101-X},
 editor = {Birnbaum, Lawrence and Collins, Gregg},
 month = {July},
 openalex = {W1575540378},
 pages = {495–499},
 publisher = {Morgan Kaufmann},
 title = {Probabilistic Evaluating of Bias for Learning Systems},
 year = {1991}
}

@inproceedings{drastal1991informed,
 address = {Northwestern University, Evanston, Illinois, USA},
 author = {Drastal, George},
 booktitle = {Machine Learning: Proceedings of the Eighth International Workshop},
 doi = {10.1016/B978-1-55860-200-7.50030-1},
 editor = {Birnbaum, Lawrence and Collins, Gregg},
 month = {July},
 openalex = {W1582362495},
 pages = {132–136},
 publisher = {Morgan Kaufmann},
 title = {Informed Pruning in Constructive Induction},
 year = {1991}
}

@inproceedings{dzeroski1991learning,
 address = {Northwestern University, Evanston, Illinois, USA},
 author = {Dzeroski, Saso and Lavrac, Nada},
 booktitle = {Machine Learning: Proceedings of the Eighth International Workshop},
 doi = {10.1016/B978-1-55860-200-7.50082-9},
 editor = {Birnbaum, Lawrence and Collins, Gregg},
 month = {July},
 openalex = {W1601947177},
 pages = {399–402},
 publisher = {Morgan Kaufmann},
 title = {Learning Relations from Noisy Examples: An Empirical Comparison of LINUS and FOIL},
 year = {1991}
}

@inproceedings{fawcett1991hybrid,
 address = {Northwestern University, Evanston, Illinois, USA},
 author = {Fawcett, Tom and Utgoff, Paul E.},
 booktitle = {Machine Learning: Proceedings of the Eighth International Workshop},
 doi = {10.1016/B978-1-55860-200-7.50031-3},
 editor = {Birnbaum, Lawrence and Collins, Gregg},
 month = {July},
 openalex = {W1514485303},
 pages = {137–141},
 publisher = {Morgan Kaufmann},
 title = {A Hybrid Method for Feature Generation},
 year = {1991}
}

@inproceedings{feldman1991incremental,
 address = {Northwestern University, Evanston, Illinois, USA},
 author = {Feldman, Ronen and Segre, Alberto M. and Koppel, Moshe},
 booktitle = {Machine Learning: Proceedings of the Eighth International Workshop},
 doi = {10.1016/B978-1-55860-200-7.50102-1},
 editor = {Birnbaum, Lawrence and Collins, Gregg},
 month = {July},
 openalex = {W1562770917},
 pages = {500–504},
 publisher = {Morgan Kaufmann},
 title = {Incremental Refinement of Approximate Domain Theories},
 year = {1991}
}

@inproceedings{feng1991inducing,
 address = {Northwestern University, Evanston, Illinois, USA},
 author = {Feng, C.},
 booktitle = {Machine Learning: Proceedings of the Eighth International Workshop},
 doi = {10.1016/B978-1-55860-200-7.50083-0},
 editor = {Birnbaum, Lawrence and Collins, Gregg},
 month = {July},
 openalex = {W1511463640},
 pages = {403–406},
 publisher = {Morgan Kaufmann},
 title = {Inducing Temporal Fault Diagnostic Rules from a Qualitative Model},
 year = {1991}
}

@inproceedings{fisher1991combining,
 address = {Northwestern University, Evanston, Illinois, USA},
 author = {Fisher, Douglas H. and Yoo, Jungsoon P.},
 booktitle = {Machine Learning: Proceedings of the Eighth International Workshop},
 doi = {10.1016/B978-1-55860-200-7.50013-1},
 editor = {Birnbaum, Lawrence and Collins, Gregg},
 month = {July},
 pages = {46–50},
 publisher = {Morgan Kaufmann},
 title = {Combining Evidence of Deep and Surface Similarity},
 year = {1991}
}

@inproceedings{gick1991importance,
 address = {Northwestern University, Evanston, Illinois, USA},
 author = {Gick, Mary and Matwin, Stan},
 booktitle = {Machine Learning: Proceedings of the Eighth International Workshop},
 doi = {10.1016/B978-1-55860-200-7.50014-3},
 editor = {Birnbaum, Lawrence and Collins, Gregg},
 month = {July},
 pages = {51–54},
 publisher = {Morgan Kaufmann},
 title = {The Importance of Causal Structure and Facts in Evaluating Explanations},
 year = {1991}
}

@inproceedings{giordana1991abstracting,
 address = {Northwestern University, Evanston, Illinois, USA},
 author = {Giordana, Attilio and Saitta, Lorenza and Roverso, Davide},
 booktitle = {Machine Learning: Proceedings of the Eighth International Workshop},
 doi = {10.1016/B978-1-55860-200-7.50032-5},
 editor = {Birnbaum, Lawrence and Collins, Gregg},
 month = {July},
 openalex = {W1583993194},
 pages = {142–146},
 publisher = {Morgan Kaufmann},
 title = {Abstracting Concepts with Inverse Resolution},
 year = {1991}
}

@inproceedings{goel1991model,
 address = {Northwestern University, Evanston, Illinois, USA},
 author = {Goel, Ashok K.},
 booktitle = {Machine Learning: Proceedings of the Eighth International Workshop},
 doi = {10.1016/B978-1-55860-200-7.50123-9},
 editor = {Birnbaum, Lawrence and Collins, Gregg},
 month = {July},
 openalex = {W1486861730},
 pages = {605–609},
 publisher = {Morgan Kaufmann},
 title = {Model Revision: A Theory of Incremental Model Learning},
 year = {1991}
}

@inproceedings{goker1991incremental,
 address = {Northwestern University, Evanston, Illinois, USA},
 author = {Goker, A. and McCluskey, Thomas Leo},
 booktitle = {Machine Learning: Proceedings of the Eighth International Workshop},
 doi = {10.1016/B978-1-55860-200-7.50054-4},
 editor = {Birnbaum, Lawrence and Collins, Gregg},
 month = {July},
 pages = {255–259},
 publisher = {Morgan Kaufmann},
 title = {Incremental Learning in a Probalistic Information Retrieval System},
 year = {1991}
}

@inproceedings{gordon1991enhancer,
 address = {Northwestern University, Evanston, Illinois, USA},
 author = {Gordon, Diana F.},
 booktitle = {Machine Learning: Proceedings of the Eighth International Workshop},
 doi = {10.1016/B978-1-55860-200-7.50103-3},
 editor = {Birnbaum, Lawrence and Collins, Gregg},
 month = {July},
 openalex = {W1600264246},
 pages = {505–508},
 publisher = {Morgan Kaufmann},
 title = {An Enhancer for Reactive Plans},
 year = {1991}
}

@inproceedings{gratch1991hybrid,
 address = {Northwestern University, Evanston, Illinois, USA},
 author = {Gratch, Jonathan and DeJong, Gerald},
 booktitle = {Machine Learning: Proceedings of the Eighth International Workshop},
 doi = {10.1016/B978-1-55860-200-7.50104-5},
 editor = {Birnbaum, Lawrence and Collins, Gregg},
 month = {July},
 openalex = {W166006739},
 pages = {509–513},
 publisher = {Morgan Kaufmann},
 title = {A Hybrid Approach to Guaranteed Effective Control Strategies},
 year = {1991}
}

@inproceedings{gruber1991design,
 address = {Northwestern University, Evanston, Illinois, USA},
 author = {Gruber, Thomas R. and Baudin, Catherine and Boose, John H. and Webber, Jay},
 booktitle = {Machine Learning: Proceedings of the Eighth International Workshop},
 doi = {10.1016/B978-1-55860-200-7.50006-4},
 editor = {Birnbaum, Lawrence and Collins, Gregg},
 month = {July},
 openalex = {W1846475858},
 pages = {3–12},
 publisher = {Morgan Kaufmann},
 title = {Design Rationale Capture as Knowledge Acquisition},
 year = {1991}
}

@inproceedings{gunsch1991opportunistic,
 address = {Northwestern University, Evanston, Illinois, USA},
 author = {Gunsch, Gregg H. and Rendell, Larry A.},
 booktitle = {Machine Learning: Proceedings of the Eighth International Workshop},
 doi = {10.1016/B978-1-55860-200-7.50033-7},
 editor = {Birnbaum, Lawrence and Collins, Gregg},
 month = {July},
 openalex = {W1520887062},
 pages = {147–152},
 publisher = {Morgan Kaufmann},
 title = {Opportunistic Constructive Induction},
 year = {1991}
}

@inproceedings{hamakawa1991revision,
 address = {Northwestern University, Evanston, Illinois, USA},
 author = {Hamakawa, Rei},
 booktitle = {Machine Learning: Proceedings of the Eighth International Workshop},
 doi = {10.1016/B978-1-55860-200-7.50105-7},
 editor = {Birnbaum, Lawrence and Collins, Gregg},
 month = {July},
 openalex = {W155217781},
 pages = {514–518},
 publisher = {Morgan Kaufmann},
 title = {Revision Cost for Theory Refinement},
 year = {1991}
}

@inproceedings{hastings1991learning,
 address = {Northwestern University, Evanston, Illinois, USA},
 author = {Hastings, Peter M. and Lytinen, Steven L. and Lindsay, Robert K.},
 booktitle = {Machine Learning: Proceedings of the Eighth International Workshop},
 editor = {Birnbaum, Lawrence and Collins, Gregg},
 month = {July},
 openalex = {W2486201518},
 pages = {55–59},
 publisher = {Morgan Kaufmann},
 title = {Learning Words From Context},
 year = {1991}
}

@inproceedings{herrmann1991learning,
 address = {Northwestern University, Evanston, Illinois, USA},
 author = {Herrmann, Jürgen},
 booktitle = {Machine Learning: Proceedings of the Eighth International Workshop},
 doi = {10.1016/B978-1-55860-200-7.50124-0},
 editor = {Birnbaum, Lawrence and Collins, Gregg},
 month = {July},
 openalex = {W1490324990},
 pages = {610–614},
 publisher = {Morgan Kaufmann},
 title = {Learning Analytical Knowledge About VLSI-Design from Observation},
 year = {1991}
}

@inproceedings{hiraki1991learning,
 address = {Northwestern University, Evanston, Illinois, USA},
 author = {Hiraki, Kazuo and Gennari, John H. and Yamamoto, Yoshinobu and Anzai, Yuichiro},
 booktitle = {Machine Learning: Proceedings of the Eighth International Workshop},
 doi = {10.1016/B978-1-55860-200-7.50084-2},
 editor = {Birnbaum, Lawrence and Collins, Gregg},
 month = {July},
 openalex = {W1564672918},
 pages = {407–411},
 publisher = {Morgan Kaufmann},
 title = {Learning Spatial Relations from Images},
 year = {1991}
}

@inproceedings{hsu1991learning,
 address = {Northwestern University, Evanston, Illinois, USA},
 author = {Hsu, Goang-Tay and Simmons, Reid G.},
 booktitle = {Machine Learning: Proceedings of the Eighth International Workshop},
 doi = {10.1016/B978-1-55860-200-7.50063-5},
 editor = {Birnbaum, Lawrence and Collins, Gregg},
 month = {July},
 pages = {303–307},
 publisher = {Morgan Kaufmann},
 title = {Learning Football Evaluation for a Walking Robot},
 year = {1991}
}

@inproceedings{humme1991using,
 address = {Northwestern University, Evanston, Illinois, USA},
 author = {Humme, David and Sammut, Claude},
 booktitle = {Machine Learning: Proceedings of the Eighth International Workshop},
 doi = {10.1016/B978-1-55860-200-7.50085-4},
 editor = {Birnbaum, Lawrence and Collins, Gregg},
 month = {July},
 openalex = {W1481042511},
 pages = {412–416},
 publisher = {Morgan Kaufmann},
 title = {Using Inverse Resolution to Learn Relations from Experiments},
 year = {1991}
}

@inproceedings{iba1991modeling,
 address = {Northwestern University, Evanston, Illinois, USA},
 author = {Iba, Wayne},
 booktitle = {Machine Learning: Proceedings of the Eighth International Workshop},
 doi = {10.1016/B978-1-55860-200-7.50016-7},
 editor = {Birnbaum, Lawrence and Collins, Gregg},
 month = {July},
 openalex = {W1567884015},
 pages = {60–64},
 publisher = {Morgan Kaufmann},
 title = {Modeling the Acquisition and Improvement of Motor Skills},
 year = {1991}
}

@inproceedings{jones1991knowledge,
 address = {Northwestern University, Evanston, Illinois, USA},
 author = {Jones, Eric K.},
 booktitle = {Machine Learning: Proceedings of the Eighth International Workshop},
 doi = {10.1016/B978-1-55860-200-7.50008-8},
 editor = {Birnbaum, Lawrence and Collins, Gregg},
 month = {July},
 openalex = {W1607227861},
 pages = {18–22},
 publisher = {Morgan Kaufmann},
 title = {Knowledge Refinement Using a High Level, Non-Technical Vocabulary},
 year = {1991}
}

@inproceedings{jordan1991internal,
 address = {Northwestern University, Evanston, Illinois, USA},
 author = {Jordan, Michael I. and Rumelhart, David E.},
 booktitle = {Machine Learning: Proceedings of the Eighth International Workshop},
 doi = {10.1016/B978-1-55860-200-7.50018-0},
 editor = {Birnbaum, Lawrence and Collins, Gregg},
 month = {July},
 openalex = {W1572982372},
 pages = {70–74},
 publisher = {Morgan Kaufmann},
 title = {Internal World Models and Supervised Learning},
 year = {1991}
}

@inproceedings{jr1991learning,
 address = {Northwestern University, Evanston, Illinois, USA},
 author = {Page, C. David Jr. and Frisch, Alan M.},
 booktitle = {Machine Learning: Proceedings of the Eighth International Workshop},
 doi = {10.1016/B978-1-55860-200-7.50088-X},
 editor = {Birnbaum, Lawrence and Collins, Gregg},
 month = {July},
 pages = {427–431},
 publisher = {Morgan Kaufmann},
 title = {Learning Constrained Atoms},
 year = {1991}
}

@inproceedings{kadie1991continuous,
 address = {Northwestern University, Evanston, Illinois, USA},
 author = {Kadie, Carl Myers},
 booktitle = {Machine Learning: Proceedings of the Eighth International Workshop},
 doi = {10.1016/B978-1-55860-200-7.50125-2},
 editor = {Birnbaum, Lawrence and Collins, Gregg},
 month = {July},
 pages = {615–619},
 publisher = {Morgan Kaufmann},
 title = {Continuous Conceptual Set Covering: Learning Robot Operators From Examples},
 year = {1991}
}

@inproceedings{kadie1991quantifying,
 address = {Northwestern University, Evanston, Illinois, USA},
 author = {Kadie, Carl Myers},
 booktitle = {Machine Learning: Proceedings of the Eighth International Workshop},
 doi = {10.1016/B978-1-55860-200-7.50034-9},
 editor = {Birnbaum, Lawrence and Collins, Gregg},
 month = {July},
 pages = {153–157},
 publisher = {Morgan Kaufmann},
 title = {Quantifying the Value of Constructive Induction, Knowledge, and Noise Filtering on Inductive Learning},
 year = {1991}
}

@inproceedings{kazman1991babel,
 address = {Northwestern University, Evanston, Illinois, USA},
 author = {Kazman, Rick},
 booktitle = {Machine Learning: Proceedings of the Eighth International Workshop},
 doi = {10.1016/B978-1-55860-200-7.50019-2},
 editor = {Birnbaum, Lawrence and Collins, Gregg},
 month = {July},
 openalex = {W2483469430},
 pages = {75–79},
 publisher = {Morgan Kaufmann},
 title = {Babel: A Psychologically Plausible Cross-Linguistic Model of Lexical and Syntactic Acquisition},
 year = {1991}
}

@inproceedings{kedar1991blind,
 address = {Northwestern University, Evanston, Illinois, USA},
 author = {Kedar, Smadar and Bresina, John L. and Dent, C. Lisa},
 booktitle = {Machine Learning: Proceedings of the Eighth International Workshop},
 doi = {10.1016/B978-1-55860-200-7.50064-7},
 editor = {Birnbaum, Lawrence and Collins, Gregg},
 month = {July},
 pages = {308–312},
 publisher = {Morgan Kaufmann},
 title = {The Blind Leading the Blind: Mutual Refinement of Approximate Theories},
 year = {1991}
}

@inproceedings{kijsirikul1991efficient,
 address = {Northwestern University, Evanston, Illinois, USA},
 author = {Kijsirikul, Boonserm and Numao, Masayuki and Shimura, Masamichi},
 booktitle = {Machine Learning: Proceedings of the Eighth International Workshop},
 doi = {10.1016/B978-1-55860-200-7.50086-6},
 editor = {Birnbaum, Lawrence and Collins, Gregg},
 month = {July},
 pages = {417–421},
 publisher = {Morgan Kaufmann},
 title = {Efficient Learning of Logic Programs with Non-determinant, Non-discriminating Literals},
 year = {1991}
}

@inproceedings{kokar1991learning,
 address = {Northwestern University, Evanston, Illinois, USA},
 author = {Kokar, Mieczyslaw M. and Reveliotis, Spyros A.},
 booktitle = {Machine Learning: Proceedings of the Eighth International Workshop},
 doi = {10.1016/B978-1-55860-200-7.50065-9},
 editor = {Birnbaum, Lawrence and Collins, Gregg},
 month = {July},
 openalex = {W1486928410},
 pages = {313–317},
 publisher = {Morgan Kaufmann},
 title = {Learning to Select a Model in a Changing World},
 year = {1991}
}

@inproceedings{kowalczyk1991discovering,
 address = {Northwestern University, Evanston, Illinois, USA},
 author = {Kowalczyk, Adam and Ferrá, Herman L. and Gardiner, Ken},
 booktitle = {Machine Learning: Proceedings of the Eighth International Workshop},
 doi = {10.1016/B978-1-55860-200-7.50035-0},
 editor = {Birnbaum, Lawrence and Collins, Gregg},
 month = {July},
 openalex = {W1943215242},
 pages = {158–162},
 publisher = {Morgan Kaufmann},
 title = {Discovering Production Rules with Higher Order Neural Networks},
 year = {1991}
}

@inproceedings{krulwich1991learning,
 address = {Northwestern University, Evanston, Illinois, USA},
 author = {Krulwich, Bruce},
 booktitle = {Machine Learning: Proceedings of the Eighth International Workshop},
 doi = {10.1016/B978-1-55860-200-7.50066-0},
 editor = {Birnbaum, Lawrence and Collins, Gregg},
 month = {July},
 openalex = {W1582169338},
 pages = {318–322},
 publisher = {Morgan Kaufmann},
 title = {Learning from Deliberated Reactivity},
 year = {1991}
}

@inproceedings{kwok1991query,
 address = {Northwestern University, Evanston, Illinois, USA},
 author = {Kwok, K. L.},
 booktitle = {Machine Learning: Proceedings of the Eighth International Workshop},
 doi = {10.1016/B978-1-55860-200-7.50055-6},
 editor = {Birnbaum, Lawrence and Collins, Gregg},
 month = {July},
 openalex = {W163505893},
 pages = {260–264},
 publisher = {Morgan Kaufmann},
 title = {Query Learning Using an ANN with Adaptive Architecture},
 year = {1991}
}

@inproceedings{langley1991acquisition,
 address = {Northwestern University, Evanston, Illinois, USA},
 author = {Langley, Pat and Allen, John A.},
 booktitle = {Machine Learning: Proceedings of the Eighth International Workshop},
 doi = {10.1016/B978-1-55860-200-7.50020-9},
 editor = {Birnbaum, Lawrence and Collins, Gregg},
 month = {July},
 openalex = {W1606754314},
 pages = {80–84},
 publisher = {Morgan Kaufmann},
 title = {The Acquisition of Human Planning Expertise},
 year = {1991}
}

@inproceedings{leckie1991learning,
 address = {Northwestern University, Evanston, Illinois, USA},
 author = {Leckie, Christopher and Zukerman, Ingrid},
 booktitle = {Machine Learning: Proceedings of the Eighth International Workshop},
 doi = {10.1016/B978-1-55860-200-7.50087-8},
 editor = {Birnbaum, Lawrence and Collins, Gregg},
 month = {July},
 openalex = {W1482096194},
 pages = {422–426},
 publisher = {Morgan Kaufmann},
 title = {Learning Search Control Rules for Planning: An Inductive Approach},
 year = {1991}
}

@inproceedings{leng1991constructive,
 address = {Northwestern University, Evanston, Illinois, USA},
 author = {Leng, Bing and Buchanan, Bruce G.},
 booktitle = {Machine Learning: Proceedings of the Eighth International Workshop},
 doi = {10.1016/B978-1-55860-200-7.50036-2},
 editor = {Birnbaum, Lawrence and Collins, Gregg},
 month = {July},
 openalex = {W134199235},
 pages = {163–167},
 publisher = {Morgan Kaufmann},
 title = {Constructive Induction on Symbolic Features},
 year = {1991}
}

@inproceedings{levinson1991adaptive,
 address = {Northwestern University, Evanston, Illinois, USA},
 author = {Levinson, Robert and Snyder, Richard},
 booktitle = {Machine Learning: Proceedings of the Eighth International Workshop},
 doi = {10.1016/B978-1-55860-200-7.50021-0},
 editor = {Birnbaum, Lawrence and Collins, Gregg},
 month = {July},
 openalex = {W185996291},
 pages = {85–89},
 publisher = {Morgan Kaufmann},
 title = {Adaptive Pattern-Oriented Chess},
 year = {1991}
}

@inproceedings{lewis1991learning,
 address = {Northwestern University, Evanston, Illinois, USA},
 author = {Lewis, David D.},
 booktitle = {Machine Learning: Proceedings of the Eighth International Workshop},
 doi = {10.1016/B978-1-55860-200-7.50050-7},
 editor = {Birnbaum, Lawrence and Collins, Gregg},
 month = {July},
 openalex = {W1546368270},
 pages = {235–239},
 publisher = {Morgan Kaufmann},
 title = {Learning in Intelligent Information Retrieval},
 year = {1991}
}

@inproceedings{lin1991selfimprovement,
 address = {Northwestern University, Evanston, Illinois, USA},
 author = {Lin, Long Ji},
 booktitle = {Machine Learning: Proceedings of the Eighth International Workshop},
 doi = {10.1016/B978-1-55860-200-7.50067-2},
 editor = {Birnbaum, Lawrence and Collins, Gregg},
 month = {July},
 openalex = {W2141559645},
 pages = {323–327},
 publisher = {Morgan Kaufmann},
 title = {Self-improvement Based on Reinforcement Learning, Planning and Teaching},
 year = {1991}
}

@inproceedings{ling1991comparison,
 address = {Northwestern University, Evanston, Illinois, USA},
 author = {Ling, Xiaofeng and Narayan, Malur Aji},
 booktitle = {Machine Learning: Proceedings of the Eighth International Workshop},
 doi = {10.1016/B978-1-55860-200-7.50037-4},
 editor = {Birnbaum, Lawrence and Collins, Gregg},
 month = {July},
 openalex = {W2291572554},
 pages = {168–172},
 publisher = {Morgan Kaufmann},
 title = {Comparison of Methods Based on Inverse Resolution},
 year = {1991}
}

@inproceedings{ling1991revision,
 address = {Northwestern University, Evanston, Illinois, USA},
 author = {Ling, Xiaofeng and Valtorta, Marco},
 booktitle = {Machine Learning: Proceedings of the Eighth International Workshop},
 doi = {10.1016/B978-1-55860-200-7.50106-9},
 editor = {Birnbaum, Lawrence and Collins, Gregg},
 month = {July},
 openalex = {W1605469844},
 pages = {519–523},
 publisher = {Morgan Kaufmann},
 title = {Revision of Reduced Theories},
 year = {1991}
}

@inproceedings{ma1991improving,
 address = {Northwestern University, Evanston, Illinois, USA},
 author = {Ma, Yong and Wilkins, David C.},
 booktitle = {Machine Learning: Proceedings of the Eighth International Workshop},
 doi = {10.1016/B978-1-55860-200-7.50009-0},
 editor = {Birnbaum, Lawrence and Collins, Gregg},
 month = {July},
 pages = {23–27},
 publisher = {Morgan Kaufmann},
 title = {Improving the Performance of Inconsistent Knowledge Bases via Combined Optimization Method},
 year = {1991}
}

@inproceedings{maclin1991refining,
 address = {Northwestern University, Evanston, Illinois, USA},
 author = {Maclin, Richard and Shavlik, Jude W.},
 booktitle = {Machine Learning: Proceedings of the Eighth International Workshop},
 doi = {10.1016/B978-1-55860-200-7.50107-0},
 editor = {Birnbaum, Lawrence and Collins, Gregg},
 month = {July},
 openalex = {W1524499639},
 pages = {524–528},
 publisher = {Morgan Kaufmann},
 title = {Refining Domain Theories Expressed as Finite-State Automata},
 year = {1991}
}

@inproceedings{mahadevan1991scaling,
 address = {Northwestern University, Evanston, Illinois, USA},
 author = {Mahadevan, Sridhar and Connell, Jonathan},
 booktitle = {Machine Learning: Proceedings of the Eighth International Workshop},
 doi = {10.1016/B978-1-55860-200-7.50068-4},
 editor = {Birnbaum, Lawrence and Collins, Gregg},
 month = {July},
 openalex = {W1588388339},
 pages = {328–332},
 publisher = {Morgan Kaufmann},
 title = {Scaling Reinforcement Learning to Robotics by Exploiting the Subsumption Architecture},
 year = {1991}
}

@inproceedings{martin1991knowledge,
 address = {Northwestern University, Evanston, Illinois, USA},
 author = {Martín, Mario and Sangüesa, Ramon and Cortés, Ulises},
 booktitle = {Machine Learning: Proceedings of the Eighth International Workshop},
 doi = {10.1016/B978-1-55860-200-7.50133-1},
 editor = {Birnbaum, Lawrence and Collins, Gregg},
 month = {July},
 openalex = {W1560056735},
 pages = {657–661},
 publisher = {Morgan Kaufmann},
 title = {Knowledge Acquisition Combining Analytical and Empirical Techniques},
 year = {1991}
}

@inproceedings{martin1991variability,
 address = {Northwestern University, Evanston, Illinois, USA},
 author = {Martin, Joel D. and Billman, Dorrit},
 booktitle = {Machine Learning: Proceedings of the Eighth International Workshop},
 doi = {10.1016/B978-1-55860-200-7.50022-2},
 editor = {Birnbaum, Lawrence and Collins, Gregg},
 month = {July},
 openalex = {W1578197013},
 pages = {90–94},
 publisher = {Morgan Kaufmann},
 title = {Variability Bias and Category Learning},
 year = {1991}
}

@inproceedings{matheus1991need,
 address = {Northwestern University, Evanston, Illinois, USA},
 author = {Matheus, Christopher J.},
 booktitle = {Machine Learning: Proceedings of the Eighth International Workshop},
 doi = {10.1016/B978-1-55860-200-7.50038-6},
 editor = {Birnbaum, Lawrence and Collins, Gregg},
 month = {July},
 openalex = {W1507627349},
 pages = {173–177},
 publisher = {Morgan Kaufmann},
 title = {The Need for Constructive Induction},
 year = {1991}
}

@inproceedings{maza1991prototype,
 address = {Northwestern University, Evanston, Illinois, USA},
 author = {Maza, Michael de la},
 booktitle = {Machine Learning: Proceedings of the Eighth International Workshop},
 doi = {10.1016/B978-1-55860-200-7.50012-X},
 editor = {Birnbaum, Lawrence and Collins, Gregg},
 month = {July},
 openalex = {W1480119110},
 pages = {41–45},
 publisher = {Morgan Kaufmann},
 title = {A Prototype Based Symbolic Concept Learning System},
 year = {1991}
}

@inproceedings{millan1991learning,
 address = {Northwestern University, Evanston, Illinois, USA},
 author = {Millán, José del R. and Torras, Carme},
 booktitle = {Machine Learning: Proceedings of the Eighth International Workshop},
 doi = {10.1016/B978-1-55860-200-7.50062-3},
 editor = {Birnbaum, Lawrence and Collins, Gregg},
 month = {July},
 openalex = {W1591260266},
 pages = {298–302},
 publisher = {Morgan Kaufmann},
 title = {Learning to Avoid Obstacles Through Reinforcement},
 year = {1991}
}

@inproceedings{miller1991constraintmotivated,
 address = {Northwestern University, Evanston, Illinois, USA},
 author = {Miller, Craig S. and Laird, John E.},
 booktitle = {Machine Learning: Proceedings of the Eighth International Workshop},
 doi = {10.1016/B978-1-55860-200-7.50023-4},
 editor = {Birnbaum, Lawrence and Collins, Gregg},
 month = {July},
 openalex = {W1570998919},
 pages = {95–99},
 publisher = {Morgan Kaufmann},
 title = {A Constraint-Motivated Model of Lexical Acquisition},
 year = {1991}
}

@inproceedings{mooney1991constructive,
 address = {Northwestern University, Evanston, Illinois, USA},
 author = {Mooney, Raymond J. and Ourston, Dirk},
 booktitle = {Machine Learning: Proceedings of the Eighth International Workshop},
 doi = {10.1016/B978-1-55860-200-7.50039-8},
 editor = {Birnbaum, Lawrence and Collins, Gregg},
 month = {July},
 openalex = {W2116475482},
 pages = {178–182},
 publisher = {Morgan Kaufmann},
 title = {Constructive Induction in Theory Refinement},
 year = {1991}
}

@inproceedings{moore1991variable,
 address = {Northwestern University, Evanston, Illinois, USA},
 author = {Moore, Andrew W.},
 booktitle = {Machine Learning: Proceedings of the Eighth International Workshop},
 doi = {10.1016/B978-1-55860-200-7.50069-6},
 editor = {Birnbaum, Lawrence and Collins, Gregg},
 month = {July},
 openalex = {W111328409},
 pages = {333–337},
 publisher = {Morgan Kaufmann},
 title = {Variable Resolution Dynamic Programming},
 year = {1991}
}

@inproceedings{murphy1991constructive,
 address = {Northwestern University, Evanston, Illinois, USA},
 author = {Murphy, Patrick M. and Pazzani, Michael J.},
 booktitle = {Machine Learning: Proceedings of the Eighth International Workshop},
 doi = {10.1016/B978-1-55860-200-7.50040-4},
 editor = {Birnbaum, Lawrence and Collins, Gregg},
 month = {July},
 openalex = {W2483799180},
 pages = {183–187},
 publisher = {Morgan Kaufmann},
 title = {Constructive Induction of M-of-N Terms},
 year = {1991}
}

@inproceedings{nedellec1991smallest,
 address = {Northwestern University, Evanston, Illinois, USA},
 author = {Nedellec, Claire},
 booktitle = {Machine Learning: Proceedings of the Eighth International Workshop},
 doi = {10.1016/B978-1-55860-200-7.50108-2},
 editor = {Birnbaum, Lawrence and Collins, Gregg},
 month = {July},
 openalex = {W1585820810},
 pages = {529–533},
 publisher = {Morgan Kaufmann},
 title = {A Smallest Generalization Step Strategy},
 year = {1991}
}

@inproceedings{nicholl1991computer,
 address = {Northwestern University, Evanston, Illinois, USA},
 author = {Nicholl, Sheldon and Wilkins, David C.},
 booktitle = {Machine Learning: Proceedings of the Eighth International Workshop},
 doi = {10.1016/B978-1-55860-200-7.50024-6},
 editor = {Birnbaum, Lawrence and Collins, Gregg},
 month = {July},
 openalex = {W138926786},
 pages = {100–104},
 publisher = {Morgan Kaufmann},
 title = {Computer Modelling of Acquisition Orders in Child Language},
 year = {1991}
}

@inproceedings{oliveira1991learning,
 address = {Northwestern University, Evanston, Illinois, USA},
 author = {Oliveira, Arlindo L. and Sangiovanni-Vincentelli, Alberto L.},
 booktitle = {Machine Learning: Proceedings of the Eighth International Workshop},
 doi = {10.1016/B978-1-55860-200-7.50042-8},
 editor = {Birnbaum, Lawrence and Collins, Gregg},
 month = {July},
 openalex = {W169484411},
 pages = {193–197},
 publisher = {Morgan Kaufmann},
 title = {Learning Concepts by Synthesizing Minimal Threshold Gate Networks},
 year = {1991}
}

@inproceedings{ororke1991machine,
 address = {Northwestern University, Evanston, Illinois, USA},
 author = {O'Rorke, Paul and Morris, Steven and Amirfathi, Michael and Bond, William E. and Clair, Daniel C. St.},
 booktitle = {Machine Learning: Proceedings of the Eighth International Workshop},
 doi = {10.1016/B978-1-55860-200-7.50126-4},
 editor = {Birnbaum, Lawrence and Collins, Gregg},
 month = {July},
 openalex = {W1510570387},
 pages = {620–624},
 publisher = {Morgan Kaufmann},
 title = {Machine Learning for Nondestructive Evaluation},
 year = {1991}
}

@inproceedings{ourston1991improving,
 address = {Northwestern University, Evanston, Illinois, USA},
 author = {Ourston, Dirk and Mooney, Raymond J.},
 booktitle = {Machine Learning: Proceedings of the Eighth International Workshop},
 doi = {10.1016/B978-1-55860-200-7.50109-4},
 editor = {Birnbaum, Lawrence and Collins, Gregg},
 month = {July},
 openalex = {W2097384492},
 pages = {534–538},
 publisher = {Morgan Kaufmann},
 title = {Improving Shared Rules in Multiple Category Domain Theories},
 year = {1991}
}

@inproceedings{pachowicz1991improving,
 address = {Northwestern University, Evanston, Illinois, USA},
 author = {Pachowicz, Peter and Bala, Jerzy W.},
 booktitle = {Machine Learning: Proceedings of the Eighth International Workshop},
 doi = {10.1016/B978-1-55860-200-7.50127-6},
 editor = {Birnbaum, Lawrence and Collins, Gregg},
 month = {July},
 openalex = {W32353546},
 pages = {625–629},
 publisher = {Morgan Kaufmann},
 title = {Improving Recognition Effectiveness of Noisy Texture Concepts},
 year = {1991}
}

@inproceedings{pazzani1991knowledgeintensive,
 address = {Northwestern University, Evanston, Illinois, USA},
 author = {Pazzani, Michael J. and Brunk, Clifford and Silverstein, Glenn},
 booktitle = {Machine Learning: Proceedings of the Eighth International Workshop},
 doi = {10.1016/B978-1-55860-200-7.50089-1},
 editor = {Birnbaum, Lawrence and Collins, Gregg},
 month = {July},
 openalex = {W1496189887},
 pages = {432–436},
 publisher = {Morgan Kaufmann},
 title = {A Knowledge-intensive Approach to Learning Relational Concepts},
 year = {1991}
}

@inproceedings{pierce1991learning,
 address = {Northwestern University, Evanston, Illinois, USA},
 author = {Pierce, David R.},
 booktitle = {Machine Learning: Proceedings of the Eighth International Workshop},
 doi = {10.1016/B978-1-55860-200-7.50070-2},
 editor = {Birnbaum, Lawrence and Collins, Gregg},
 month = {July},
 openalex = {W1567903305},
 pages = {338–342},
 publisher = {Morgan Kaufmann},
 title = {Learning a Set of Primitive Actions with an Uninterpreted Sensorimotor Apparatus},
 year = {1991}
}

@inproceedings{qian1991consistent,
 address = {Northwestern University, Evanston, Illinois, USA},
 author = {Qian, Zhaogang and Irani, Keki B.},
 booktitle = {Machine Learning: Proceedings of the Eighth International Workshop},
 doi = {10.1016/B978-1-55860-200-7.50090-8},
 editor = {Birnbaum, Lawrence and Collins, Gregg},
 month = {July},
 openalex = {W1504395174},
 pages = {437–441},
 publisher = {Morgan Kaufmann},
 title = {The Consistent Concept Axiom},
 year = {1991}
}

@inproceedings{quinlan1991determinate,
 address = {Northwestern University, Evanston, Illinois, USA},
 author = {Quinlan, J. Ross},
 booktitle = {Machine Learning: Proceedings of the Eighth International Workshop},
 doi = {10.1016/B978-1-55860-200-7.50091-X},
 editor = {Birnbaum, Lawrence and Collins, Gregg},
 month = {July},
 pages = {442–446},
 publisher = {Morgan Kaufmann},
 title = {Determinate Literals in Inductive Logic Programming},
 year = {1991}
}

@inproceedings{r1991computational,
 address = {Northwestern University, Evanston, Illinois, USA},
 author = {R, and Jones, olph M. and VanLehn, Kurt},
 booktitle = {Machine Learning: Proceedings of the Eighth International Workshop},
 doi = {10.1016/B978-1-55860-200-7.50017-9},
 editor = {Birnbaum, Lawrence and Collins, Gregg},
 month = {July},
 openalex = {W1582712431},
 pages = {65–69},
 publisher = {Morgan Kaufmann},
 title = {A Computational Model of Acquisition for Children's Addition Strategies},
 year = {1991}
}

@inproceedings{raedt1991integrity,
 address = {Northwestern University, Evanston, Illinois, USA},
 author = {Raedt, Luc De and Bruynooghe, Maurice and Martens, Bern},
 booktitle = {Machine Learning: Proceedings of the Eighth International Workshop},
 doi = {10.1016/B978-1-55860-200-7.50081-7},
 editor = {Birnbaum, Lawrence and Collins, Gregg},
 month = {July},
 openalex = {W1488573245},
 pages = {394–398},
 publisher = {Morgan Kaufmann},
 title = {Integrity Constraints and Interactive Concept-Learning},
 year = {1991}
}

@inproceedings{ram1991goalbased,
 address = {Northwestern University, Evanston, Illinois, USA},
 author = {Ram, Ashwin and Hunter, Lawrence},
 booktitle = {Machine Learning: Proceedings of the Eighth International Workshop},
 doi = {10.1016/B978-1-55860-200-7.50056-8},
 editor = {Birnbaum, Lawrence and Collins, Gregg},
 month = {July},
 openalex = {W1602918461},
 pages = {265–269},
 publisher = {Morgan Kaufmann},
 title = {A Goal-Based Approach to Intelligent Information Retrieval},
 year = {1991}
}

@inproceedings{rao1991knowledgebased,
 address = {Northwestern University, Evanston, Illinois, USA},
 author = {Rao, R. Bharat and Lu, Stephen C. Y. and Stepp, Robert E.},
 booktitle = {Machine Learning: Proceedings of the Eighth International Workshop},
 doi = {10.1016/B978-1-55860-200-7.50128-8},
 editor = {Birnbaum, Lawrence and Collins, Gregg},
 month = {July},
 openalex = {W1596936340},
 pages = {630–634},
 publisher = {Morgan Kaufmann},
 title = {Knowledge-Based Equation Discovery in Engineering Domains},
 year = {1991}
}

@inproceedings{reich1991design,
 address = {Northwestern University, Evanston, Illinois, USA},
 author = {Reich, Yoram},
 booktitle = {Machine Learning: Proceedings of the Eighth International Workshop},
 doi = {10.1016/B978-1-55860-200-7.50129-X},
 editor = {Birnbaum, Lawrence and Collins, Gregg},
 month = {July},
 openalex = {W1605553158},
 pages = {635–639},
 publisher = {Morgan Kaufmann},
 title = {Design Integrated Learning Systems for Engineering Design},
 year = {1991}
}

@inproceedings{richards1991firstorder,
 address = {Northwestern University, Evanston, Illinois, USA},
 author = {Richards, Bradley L. and Mooney, Raymond J.},
 booktitle = {Machine Learning: Proceedings of the Eighth International Workshop},
 doi = {10.1016/B978-1-55860-200-7.50092-1},
 editor = {Birnbaum, Lawrence and Collins, Gregg},
 month = {July},
 openalex = {W2099908047},
 pages = {447–451},
 publisher = {Morgan Kaufmann},
 title = {First-Order Theory Revision},
 year = {1991}
}

@inproceedings{ring1991incremental,
 address = {Northwestern University, Evanston, Illinois, USA},
 author = {Ring, Mark B.},
 booktitle = {Machine Learning: Proceedings of the Eighth International Workshop},
 doi = {10.1016/B978-1-55860-200-7.50071-4},
 editor = {Birnbaum, Lawrence and Collins, Gregg},
 month = {July},
 pages = {343–347},
 publisher = {Morgan Kaufmann},
 title = {Incremental Development of Complex Behaviors},
 year = {1991}
}

@inproceedings{rouveirol1991completeness,
 address = {Northwestern University, Evanston, Illinois, USA},
 author = {Rouveirol, Céline},
 booktitle = {Machine Learning: Proceedings of the Eighth International Workshop},
 doi = {10.1016/B978-1-55860-200-7.50093-3},
 editor = {Birnbaum, Lawrence and Collins, Gregg},
 month = {July},
 openalex = {W1536794365},
 pages = {452–456},
 publisher = {Morgan Kaufmann},
 title = {Completeness for Inductive Procedures},
 year = {1991}
}

@inproceedings{saxena1991on,
 address = {Northwestern University, Evanston, Illinois, USA},
 author = {Saxena, Sharad},
 booktitle = {Machine Learning: Proceedings of the Eighth International Workshop},
 doi = {10.1016/B978-1-55860-200-7.50043-X},
 editor = {Birnbaum, Lawrence and Collins, Gregg},
 month = {July},
 openalex = {W1574200486},
 pages = {198–202},
 publisher = {Morgan Kaufmann},
 title = {On the Effect of Instance Representation on Generalization},
 year = {1991}
}

@inproceedings{schlimmer1991database,
 address = {Northwestern University, Evanston, Illinois, USA},
 author = {Schlimmer, Jeffrey C.},
 booktitle = {Machine Learning: Proceedings of the Eighth International Workshop},
 doi = {10.1016/B978-1-55860-200-7.50130-6},
 editor = {Birnbaum, Lawrence and Collins, Gregg},
 month = {July},
 openalex = {W1519423139},
 pages = {640–644},
 publisher = {Morgan Kaufmann},
 title = {Database Consistency via Inductive Learning},
 year = {1991}
}

@inproceedings{shen1991discovering,
 address = {Northwestern University, Evanston, Illinois, USA},
 author = {Shen, Wei-Min},
 booktitle = {Machine Learning: Proceedings of the Eighth International Workshop},
 doi = {10.1016/B978-1-55860-200-7.50110-0},
 editor = {Birnbaum, Lawrence and Collins, Gregg},
 month = {July},
 openalex = {W1607165314},
 pages = {539–543},
 publisher = {Morgan Kaufmann},
 title = {Discovering Regularities from Large Knowledge Bases},
 year = {1991}
}

@inproceedings{shultz1991simulating,
 address = {Northwestern University, Evanston, Illinois, USA},
 author = {Shultz, Thomas R.},
 booktitle = {Machine Learning: Proceedings of the Eighth International Workshop},
 doi = {10.1016/B978-1-55860-200-7.50025-8},
 editor = {Birnbaum, Lawrence and Collins, Gregg},
 month = {July},
 openalex = {W1603860079},
 pages = {105–109},
 publisher = {Morgan Kaufmann},
 title = {Simulating Stages of Human Cognitive Development With Connectionist Models},
 year = {1991}
}

@inproceedings{silverstein1991relational,
 address = {Northwestern University, Evanston, Illinois, USA},
 author = {Silverstein, Glenn and Pazzani, Michael J.},
 booktitle = {Machine Learning: Proceedings of the Eighth International Workshop},
 doi = {10.1016/B978-1-55860-200-7.50044-1},
 editor = {Birnbaum, Lawrence and Collins, Gregg},
 month = {July},
 openalex = {W172927600},
 pages = {203–207},
 publisher = {Morgan Kaufmann},
 title = {Relational Clichés: Constraining Induction During Relational Learning},
 year = {1991}
}

@inproceedings{singh1991transfer,
 address = {Northwestern University, Evanston, Illinois, USA},
 author = {Singh, Satinder P.},
 booktitle = {Machine Learning: Proceedings of the Eighth International Workshop},
 doi = {10.1016/B978-1-55860-200-7.50072-6},
 editor = {Birnbaum, Lawrence and Collins, Gregg},
 month = {July},
 openalex = {W1538393421},
 pages = {348–352},
 publisher = {Morgan Kaufmann},
 title = {Transfer of Learning Across Compositions of Sequential Tasks},
 year = {1991}
}

@inproceedings{sutton1991learning,
 address = {Northwestern University, Evanston, Illinois, USA},
 author = {Sutton, Richard S. and Matheus, Christopher J.},
 booktitle = {Machine Learning: Proceedings of the Eighth International Workshop},
 doi = {10.1016/B978-1-55860-200-7.50045-3},
 editor = {Birnbaum, Lawrence and Collins, Gregg},
 month = {July},
 openalex = {W1643156611},
 pages = {208–212},
 publisher = {Morgan Kaufmann},
 title = {Learning Polynomial Functions by Feature Construction},
 year = {1991}
}

@inproceedings{sutton1991planning,
 address = {Northwestern University, Evanston, Illinois, USA},
 author = {Sutton, Richard S.},
 booktitle = {Machine Learning: Proceedings of the Eighth International Workshop},
 doi = {10.1016/B978-1-55860-200-7.50073-8},
 editor = {Birnbaum, Lawrence and Collins, Gregg},
 month = {July},
 openalex = {W1595634327},
 pages = {353–357},
 publisher = {Morgan Kaufmann},
 title = {Planning by Incremental Dynamic Programming},
 year = {1991}
}

@inproceedings{tadepalli1991learning,
 address = {Northwestern University, Evanston, Illinois, USA},
 author = {Tadepalli, Prasad},
 booktitle = {Machine Learning: Proceedings of the Eighth International Workshop},
 doi = {10.1016/B978-1-55860-200-7.50111-2},
 editor = {Birnbaum, Lawrence and Collins, Gregg},
 month = {July},
 openalex = {W2483044648},
 pages = {544–548},
 publisher = {Morgan Kaufmann},
 title = {Learning with Incrutable Theories},
 year = {1991}
}

@inproceedings{tan1991learning,
 address = {Northwestern University, Evanston, Illinois, USA},
 author = {Tan, Ming},
 booktitle = {Machine Learning: Proceedings of the Eighth International Workshop},
 doi = {10.1016/B978-1-55860-200-7.50074-X},
 editor = {Birnbaum, Lawrence and Collins, Gregg},
 month = {July},
 openalex = {W1565134770},
 pages = {358–362},
 publisher = {Morgan Kaufmann},
 title = {Learning a Cost-Sensitive Internal Representation for Reinforcement Learning},
 year = {1991}
}

@inproceedings{tcheng1991aims,
 address = {Northwestern University, Evanston, Illinois, USA},
 author = {Tcheng, David K. and Lambert, Bruce L. and Lu, Stephen C. Y. and Rendell, Larry A.},
 booktitle = {Machine Learning: Proceedings of the Eighth International Workshop},
 doi = {10.1016/B978-1-55860-200-7.50131-8},
 editor = {Birnbaum, Lawrence and Collins, Gregg},
 month = {July},
 openalex = {W1557235066},
 pages = {645–649},
 publisher = {Morgan Kaufmann},
 title = {AIMS: An Adaptive Interactive Modeling System for Supporting Engineering Decision Making},
 year = {1991}
}

@inproceedings{tecuci1991method,
 address = {Northwestern University, Evanston, Illinois, USA},
 author = {Tecuci, Gheorghe and Michalski, Ryszard S.},
 booktitle = {Machine Learning: Proceedings of the Eighth International Workshop},
 doi = {10.1016/B978-1-55860-200-7.50112-4},
 editor = {Birnbaum, Lawrence and Collins, Gregg},
 month = {July},
 openalex = {W1581581017},
 pages = {549–553},
 publisher = {Morgan Kaufmann},
 title = {A Method for Multistrategy Task-Adaptive Learning Based on Plausible Justifications},
 year = {1991}
}

@inproceedings{thompson1991machine,
 address = {Northwestern University, Evanston, Illinois, USA},
 author = {Thompson, Paul},
 booktitle = {Machine Learning: Proceedings of the Eighth International Workshop},
 doi = {10.1016/B978-1-55860-200-7.50057-X},
 editor = {Birnbaum, Lawrence and Collins, Gregg},
 month = {July},
 openalex = {W1521609394},
 pages = {270–274},
 publisher = {Morgan Kaufmann},
 title = {Machine Learning in the Combination of Expert Opinion Approach to IR},
 year = {1991}
}

@inproceedings{thompson1991using,
 address = {Northwestern University, Evanston, Illinois, USA},
 author = {Thompson, Kevin and Langley, Pat and Iba, Wayne},
 booktitle = {Machine Learning: Proceedings of the Eighth International Workshop},
 doi = {10.1016/B978-1-55860-200-7.50113-6},
 editor = {Birnbaum, Lawrence and Collins, Gregg},
 month = {July},
 openalex = {W1511321067},
 pages = {554–558},
 publisher = {Morgan Kaufmann},
 title = {Using Background Knowledge in Concept Formation},
 year = {1991}
}

@inproceedings{towell1991constructive,
 address = {Northwestern University, Evanston, Illinois, USA},
 author = {Towell, Geoffrey G. and Craven, Mark W. and Shavlik, Jude W.},
 booktitle = {Machine Learning: Proceedings of the Eighth International Workshop},
 doi = {10.1016/B978-1-55860-200-7.50046-5},
 editor = {Birnbaum, Lawrence and Collins, Gregg},
 month = {July},
 openalex = {W1481761282},
 pages = {213–217},
 publisher = {Morgan Kaufmann},
 title = {Constructive Induction in Knowledge-Based Neural Networks},
 year = {1991}
}

@inproceedings{vanlehn1991learning,
 address = {Northwestern University, Evanston, Illinois, USA},
 author = {VanLehn, Kurt and R, and Jones, olph M.},
 booktitle = {Machine Learning: Proceedings of the Eighth International Workshop},
 doi = {10.1016/B978-1-55860-200-7.50026-0},
 editor = {Birnbaum, Lawrence and Collins, Gregg},
 month = {July},
 openalex = {W1542397441},
 pages = {110–114},
 publisher = {Morgan Kaufmann},
 title = {Learning Physics Via Explanation-Based Learning of Correctness and Analogical Search Control},
 year = {1991}
}

@inproceedings{walczak1991predicting,
 address = {Northwestern University, Evanston, Illinois, USA},
 author = {Walczak, Steven},
 booktitle = {Machine Learning: Proceedings of the Eighth International Workshop},
 doi = {10.1016/B978-1-55860-200-7.50058-1},
 editor = {Birnbaum, Lawrence and Collins, Gregg},
 month = {July},
 openalex = {W1480190076},
 pages = {275–279},
 publisher = {Morgan Kaufmann},
 title = {Predicting Actions from Induction on Past Performance},
 year = {1991}
}

@inproceedings{watanabe1991decision,
 address = {Northwestern University, Evanston, Illinois, USA},
 author = {Watanabe, Larry and Yerramareddy, Sudhakar},
 booktitle = {Machine Learning: Proceedings of the Eighth International Workshop},
 doi = {10.1016/B978-1-55860-200-7.50132-X},
 editor = {Birnbaum, Lawrence and Collins, Gregg},
 month = {July},
 openalex = {W82338118},
 pages = {650–654},
 publisher = {Morgan Kaufmann},
 title = {Decision Tree Induction of 3-D Manufacturing Features},
 year = {1991}
}

@inproceedings{watanabe1991feature,
 address = {Northwestern University, Evanston, Illinois, USA},
 author = {Watanabe, Larry and Rendell, Larry A.},
 booktitle = {Machine Learning: Proceedings of the Eighth International Workshop},
 doi = {10.1016/B978-1-55860-200-7.50047-7},
 editor = {Birnbaum, Lawrence and Collins, Gregg},
 month = {July},
 openalex = {W1479940732},
 pages = {218–222},
 publisher = {Morgan Kaufmann},
 title = {Feature Construction in Structural Decision Trees},
 year = {1991}
}

@inproceedings{weintraub1991generating,
 address = {Northwestern University, Evanston, Illinois, USA},
 author = {Weintraub, Michael A. and Byl, Tom},
 booktitle = {Machine Learning: Proceedings of the Eighth International Workshop},
 doi = {10.1016/B978-1-55860-200-7.50011-8},
 editor = {Birnbaum, Lawrence and Collins, Gregg},
 month = {July},
 openalex = {W1593558096},
 pages = {33–37},
 publisher = {Morgan Kaufmann},
 title = {Generating Error Candidates for Assigning Blame in a Knowledge Base},
 year = {1991}
}

@inproceedings{whitehall1991study,
 address = {Northwestern University, Evanston, Illinois, USA},
 author = {Whitehall, Bradley L. and Lu, Stephen C. Y.},
 booktitle = {Machine Learning: Proceedings of the Eighth International Workshop},
 doi = {10.1016/B978-1-55860-200-7.50114-8},
 editor = {Birnbaum, Lawrence and Collins, Gregg},
 month = {July},
 openalex = {W1521285431},
 pages = {559–563},
 publisher = {Morgan Kaufmann},
 title = {A Study of How Domain Knowledge Improves Knowledge-Based Learning Systems},
 year = {1991}
}

@inproceedings{whitehead1991complexity,
 address = {Northwestern University, Evanston, Illinois, USA},
 author = {Whitehead, Steven D.},
 booktitle = {Machine Learning: Proceedings of the Eighth International Workshop},
 doi = {10.1016/B978-1-55860-200-7.50075-1},
 editor = {Birnbaum, Lawrence and Collins, Gregg},
 month = {July},
 openalex = {W1586504939},
 pages = {363–367},
 publisher = {Morgan Kaufmann},
 title = {Complexity and Cooperation in Q-Learning},
 year = {1991}
}

@inproceedings{wirth1991constraints,
 address = {Northwestern University, Evanston, Illinois, USA},
 author = {Wirth, Rüdiger and O'Rorke, Paul},
 booktitle = {Machine Learning: Proceedings of the Eighth International Workshop},
 doi = {10.1016/B978-1-55860-200-7.50094-5},
 editor = {Birnbaum, Lawrence and Collins, Gregg},
 month = {July},
 openalex = {W1576534629},
 pages = {457–461},
 publisher = {Morgan Kaufmann},
 title = {Constraints on Predicate Invention},
 year = {1991}
}

@inproceedings{wisniewski1991is,
 address = {Northwestern University, Evanston, Illinois, USA},
 author = {Wisniewski, Edward J. and Medin, Douglas L.},
 booktitle = {Machine Learning: Proceedings of the Eighth International Workshop},
 doi = {10.1016/B978-1-55860-200-7.50115-X},
 editor = {Birnbaum, Lawrence and Collins, Gregg},
 month = {July},
 pages = {564–568},
 publisher = {Morgan Kaufmann},
 title = {Is it a Pocket or a Purse? Tighly Coupled Theory and Data Driven Learning},
 year = {1991}
}

@inproceedings{wixson1991scaling,
 address = {Northwestern University, Evanston, Illinois, USA},
 author = {Wixson, Lambert E.},
 booktitle = {Machine Learning: Proceedings of the Eighth International Workshop},
 doi = {10.1016/B978-1-55860-200-7.50076-3},
 editor = {Birnbaum, Lawrence and Collins, Gregg},
 month = {July},
 openalex = {W1603565927},
 pages = {368–372},
 publisher = {Morgan Kaufmann},
 title = {Scaling Reinforcement Learning Techniques via Modularity},
 year = {1991}
}

@inproceedings{wogulis1991revising,
 address = {Northwestern University, Evanston, Illinois, USA},
 author = {Wogulis, James},
 booktitle = {Machine Learning: Proceedings of the Eighth International Workshop},
 doi = {10.1016/B978-1-55860-200-7.50095-7},
 editor = {Birnbaum, Lawrence and Collins, Gregg},
 month = {July},
 openalex = {W1588048289},
 pages = {462–466},
 publisher = {Morgan Kaufmann},
 title = {Revising Relational Domain Theories},
 year = {1991}
}

@inproceedings{yamanishi1991learning,
 address = {Northwestern University, Evanston, Illinois, USA},
 author = {Yamanishi, Kenji and Konagaya, Akihiko},
 booktitle = {Machine Learning: Proceedings of the Eighth International Workshop},
 doi = {10.1016/B978-1-55860-200-7.50096-9},
 editor = {Birnbaum, Lawrence and Collins, Gregg},
 month = {July},
 openalex = {W1584744970},
 pages = {467–471},
 publisher = {Morgan Kaufmann},
 title = {Learning Stochastic Motifs from Genetic Sequences},
 year = {1991}
}

@inproceedings{yang1991fringe,
 address = {Northwestern University, Evanston, Illinois, USA},
 author = {Yang, Der-Shung and Rendell, Larry A. and Blix, Gunnar},
 booktitle = {Machine Learning: Proceedings of the Eighth International Workshop},
 doi = {10.1016/B978-1-55860-200-7.50048-9},
 editor = {Birnbaum, Lawrence and Collins, Gregg},
 month = {July},
 openalex = {W1603253675},
 pages = {223–227},
 publisher = {Morgan Kaufmann},
 title = {Fringe-Like Feature Construction: A Comparative Study and a Unifying Scheme},
 year = {1991}
}

@inproceedings{yeung1991neural,
 address = {Northwestern University, Evanston, Illinois, USA},
 author = {Yeung, Dit-Yan},
 booktitle = {Machine Learning: Proceedings of the Eighth International Workshop},
 doi = {10.1016/B978-1-55860-200-7.50049-0},
 editor = {Birnbaum, Lawrence and Collins, Gregg},
 month = {July},
 openalex = {W1482651362},
 pages = {228–232},
 publisher = {Morgan Kaufmann},
 title = {A Neural Network Approach to Constructive Induction},
 year = {1991}
}

@inproceedings{yol1991domainindependent,
 address = {Northwestern University, Evanston, Illinois, USA},
 author = {Yol, and Gil, a},
 booktitle = {Machine Learning: Proceedings of the Eighth International Workshop},
 doi = {10.1016/B978-1-55860-200-7.50007-6},
 editor = {Birnbaum, Lawrence and Collins, Gregg},
 month = {July},
 openalex = {W146193169},
 pages = {13–17},
 publisher = {Morgan Kaufmann},
 title = {A Domain-Independent Framework for Effective Experimentation in Planning},
 year = {1991}
}

@inproceedings{yoo1991identifying,
 address = {Northwestern University, Evanston, Illinois, USA},
 author = {Yoo, Jungsoon P. and Fisher, Douglas H.},
 booktitle = {Machine Learning: Proceedings of the Eighth International Workshop},
 doi = {10.1016/B978-1-55860-200-7.50116-1},
 editor = {Birnbaum, Lawrence and Collins, Gregg},
 month = {July},
 pages = {569–573},
 publisher = {Morgan Kaufmann},
 title = {Identifying Cost Effective Boundaries of Operationality},
 year = {1991}
}
