@inproceedings{aha1992generalizing,
  address =      {Aberdeen, Scotland, UK},
  author =       {Aha, David W.},
  booktitle =    {Machine Learning: Proceedings of the Ninth
                  International Workshop},
  doi =          {10.1016/B978-1-55860-247-2.50006-1},
  editor =       {Sleeman, Derek H. and Edwards, Peter},
  month =        {July},
  pages =        {1--10},
  publisher =    {Morgan Kaufmann},
  title =        {Generalizing from Case studies: A Case Study},
  year =         1992
}

@inproceedings{almuallim1992on,
  address =      {Aberdeen, Scotland, UK},
  author =       {Almuallim, Hussein and Dietterich, Thomas G.},
  booktitle =    {Machine Learning: Proceedings of the Ninth
                  International Workshop},
  doi =          {10.1016/B978-1-55860-247-2.50007-3},
  editor =       {Sleeman, Derek H. and Edwards, Peter},
  month =        {July},
  pages =        {11--19},
  publisher =    {Morgan Kaufmann},
  title =        {On Learning More Concepts},
  year =         1992
}

@inproceedings{bala1992principal,
  address =      {Aberdeen, Scotland, UK},
  author =       {Bala, Jerzy W. and Michalski, Ryszard S. and Wnek,
                  Janusz},
  booktitle =    {Machine Learning: Proceedings of the Ninth
                  International Workshop},
  doi =          {10.1016/B978-1-55860-247-2.50008-5},
  editor =       {Sleeman, Derek H. and Edwards, Peter},
  month =        {July},
  pages =        {20--29},
  publisher =    {Morgan Kaufmann},
  title =        {The Principal Axes Method for Constructive
                  Induction},
  year =         1992
}

@inproceedings{bhatnagar1992learning,
  address =      {Aberdeen, Scotland, UK},
  author =       {Bhatnagar, Neeraj},
  booktitle =    {Machine Learning: Proceedings of the Ninth
                  International Workshop},
  doi =          {10.1016/B978-1-55860-247-2.50010-3},
  editor =       {Sleeman, Derek H. and Edwards, Peter},
  month =        {July},
  pages =        {37--42},
  publisher =    {Morgan Kaufmann},
  title =        {Learning by Incomplete Explanation-Based Learning},
  year =         1992
}

@inproceedings{carpineto1992trading,
  address =      {Aberdeen, Scotland, UK},
  author =       {Carpineto, Claudio},
  booktitle =    {Machine Learning: Proceedings of the Ninth
                  International Workshop},
  doi =          {10.1016/B978-1-55860-247-2.50011-5},
  editor =       {Sleeman, Derek H. and Edwards, Peter},
  month =        {July},
  pages =        {43--48},
  publisher =    {Morgan Kaufmann},
  title =        {Trading Off Consistency and Efficiency in
                  version-Space Induction},
  year =         1992
}

@inproceedings{catlett1992peepholing,
  address =      {Aberdeen, Scotland, UK},
  author =       {Catlett, Jason},
  booktitle =    {Machine Learning: Proceedings of the Ninth
                  International Workshop},
  doi =          {10.1016/B978-1-55860-247-2.50012-7},
  editor =       {Sleeman, Derek H. and Edwards, Peter},
  month =        {July},
  pages =        {49--54},
  publisher =    {Morgan Kaufmann},
  title =        {Peepholing: Choosing Attributes Efficiently for
                  Megainduction},
  year =         1992
}

@inproceedings{chen1992improving,
  address =      {Aberdeen, Scotland, UK},
  author =       {Chen, Pang C.},
  booktitle =    {Machine Learning: Proceedings of the Ninth
                  International Workshop},
  doi =          {10.1016/B978-1-55860-247-2.50013-9},
  editor =       {Sleeman, Derek H. and Edwards, Peter},
  month =        {July},
  pages =        {55--61},
  publisher =    {Morgan Kaufmann},
  title =        {Improving Path Planning with Learning},
  year =         1992
}

@inproceedings{cheng1992right,
  address =      {Aberdeen, Scotland, UK},
  author =       {Cheng, Peter C.-H. and Simon, Herbert A.},
  booktitle =    {Machine Learning: Proceedings of the Ninth
                  International Workshop},
  doi =          {10.1016/B978-1-55860-247-2.50014-0},
  editor =       {Sleeman, Derek H. and Edwards, Peter},
  month =        {July},
  pages =        {62--71},
  publisher =    {Morgan Kaufmann},
  title =        {The Right Representation for Discovery: Finding the
                  Conservation of Momentum},
  year =         1992
}

@inproceedings{christiansen1992learning,
  address =      {Aberdeen, Scotland, UK},
  author =       {Christiansen, Alan D.},
  booktitle =    {Machine Learning: Proceedings of the Ninth
                  International Workshop},
  doi =          {10.1016/B978-1-55860-247-2.50015-2},
  editor =       {Sleeman, Derek H. and Edwards, Peter},
  month =        {July},
  pages =        {72--81},
  publisher =    {Morgan Kaufmann},
  title =        {Learning to Predict in Uncertain Continuous Tasks},
  year =         1992
}

@inproceedings{clark1992lazy,
  address =      {Aberdeen, Scotland, UK},
  author =       {Clark, Peter and Holte, Robert C.},
  booktitle =    {Machine Learning: Proceedings of the Ninth
                  International Workshop},
  doi =          {10.1016/B978-1-55860-247-2.50016-4},
  editor =       {Sleeman, Derek H. and Edwards, Peter},
  month =        {July},
  pages =        {82--91},
  publisher =    {Morgan Kaufmann},
  title =        {Lazy Partial Evaluation: An Integration of
                  Explanation-Based Generalization and Partial
                  Evaluation},
  year =         1992
}

@inproceedings{clouse1992teaching,
  address =      {Aberdeen, Scotland, UK},
  author =       {Clouse, Jeffery A. and Utgoff, Paul E.},
  booktitle =    {Machine Learning: Proceedings of the Ninth
                  International Workshop},
  doi =          {10.1016/B978-1-55860-247-2.50017-6},
  editor =       {Sleeman, Derek H. and Edwards, Peter},
  month =        {July},
  pages =        {92--110},
  publisher =    {Morgan Kaufmann},
  title =        {A Teaching Method for Reinforcement Learning},
  year =         1992
}

@inproceedings{conklin1992spatial,
  address =      {Aberdeen, Scotland, UK},
  author =       {Conklin, Darrell and Glasgow, Janice I.},
  booktitle =    {Machine Learning: Proceedings of the Ninth
                  International Workshop},
  doi =          {10.1016/B978-1-55860-247-2.50019-X},
  editor =       {Sleeman, Derek H. and Edwards, Peter},
  month =        {July},
  pages =        {111--116},
  publisher =    {Morgan Kaufmann},
  title =        {Spatial Analogy and Subsumption},
  year =         1992
}

@inproceedings{converse1992learning,
  address =      {Aberdeen, Scotland, UK},
  author =       {Converse, Timothy M. and Hammond, Kristian J.},
  booktitle =    {Machine Learning: Proceedings of the Ninth
                  International Workshop},
  doi =          {10.1016/B978-1-55860-247-2.50020-6},
  editor =       {Sleeman, Derek H. and Edwards, Peter},
  month =        {July},
  pages =        {117--122},
  publisher =    {Morgan Kaufmann},
  title =        {Learning to Satisfy Conjunctive Goals},
  year =         1992
}

@inproceedings{cox1992multistrategy,
  address =      {Aberdeen, Scotland, UK},
  author =       {Cox, Michael T. and Ram, Ashwin},
  booktitle =    {Machine Learning: Proceedings of the Ninth
                  International Workshop},
  doi =          {10.1016/B978-1-55860-247-2.50021-8},
  editor =       {Sleeman, Derek H. and Edwards, Peter},
  month =        {July},
  pages =        {123--128},
  publisher =    {Morgan Kaufmann},
  title =        {Multistrategy Learning with Introspective
                  Meta-Explanations},
  year =         1992
}

@inproceedings{etzioni1992asymptotic,
  address =      {Aberdeen, Scotland, UK},
  author =       {Etzioni, Oren},
  booktitle =    {Machine Learning: Proceedings of the Ninth
                  International Workshop},
  doi =          {10.1016/B978-1-55860-247-2.50022-X},
  editor =       {Sleeman, Derek H. and Edwards, Peter},
  month =        {July},
  pages =        {129--136},
  publisher =    {Morgan Kaufmann},
  title =        {An Asymptotic Analysis of Speedup Learning},
  year =         1992
}

@inproceedings{etzioni1992why,
  address =      {Aberdeen, Scotland, UK},
  author =       {Etzioni, Oren and Minton, Steven},
  booktitle =    {Machine Learning: Proceedings of the Ninth
                  International Workshop},
  doi =          {10.1016/B978-1-55860-247-2.50023-1},
  editor =       {Sleeman, Derek H. and Edwards, Peter},
  month =        {July},
  pages =        {137--143},
  publisher =    {Morgan Kaufmann},
  title =        {Why EBL Produces Overly-Specific Knowledge: A
                  Critique of the PRODIGY Approaches},
  year =         1992
}

@inproceedings{fawcett1992automatic,
  address =      {Aberdeen, Scotland, UK},
  author =       {Fawcett, Tom and Utgoff, Paul E.},
  booktitle =    {Machine Learning: Proceedings of the Ninth
                  International Workshop},
  doi =          {10.1016/B978-1-55860-247-2.50024-3},
  editor =       {Sleeman, Derek H. and Edwards, Peter},
  month =        {July},
  pages =        {144--153},
  publisher =    {Morgan Kaufmann},
  title =        {Automatic Feature Generation for Problem Solving
                  Systems},
  year =         1992
}

@inproceedings{feng1992towards,
  address =      {Aberdeen, Scotland, UK},
  author =       {Feng, Cao and Muggleton, Stephen H.},
  booktitle =    {Machine Learning: Proceedings of the Ninth
                  International Workshop},
  doi =          {10.1016/B978-1-55860-247-2.50025-5},
  editor =       {Sleeman, Derek H. and Edwards, Peter},
  month =        {July},
  pages =        {154--162},
  publisher =    {Morgan Kaufmann},
  title =        {Towards Inductive Generalization in Higher Order
                  Logic},
  year =         1992
}

@inproceedings{fisher1992ordering,
  address =      {Aberdeen, Scotland, UK},
  author =       {Fisher, Douglas H. and Xu, Ling and Zard, Nazih},
  booktitle =    {Machine Learning: Proceedings of the Ninth
                  International Workshop},
  doi =          {10.1016/B978-1-55860-247-2.50026-7},
  editor =       {Sleeman, Derek H. and Edwards, Peter},
  month =        {July},
  pages =        {162--168},
  publisher =    {Morgan Kaufmann},
  title =        {Ordering Effects in Clustering},
  year =         1992
}

@inproceedings{giordana1992learning,
  address =      {Aberdeen, Scotland, UK},
  author =       {Giordana, Attilio and Sale, Claudio},
  booktitle =    {Machine Learning: Proceedings of the Ninth
                  International Workshop},
  doi =          {10.1016/B978-1-55860-247-2.50027-9},
  editor =       {Sleeman, Derek H. and Edwards, Peter},
  month =        {July},
  pages =        {169--178},
  publisher =    {Morgan Kaufmann},
  title =        {Learning Structured Concepts Using Genetic
                  Algorithms},
  year =         1992
}

@inproceedings{gratch1992analysis,
  address =      {Aberdeen, Scotland, UK},
  author =       {Gratch, Jonathan and DeJong, Gerald},
  booktitle =    {Machine Learning: Proceedings of the Ninth
                  International Workshop},
  doi =          {10.1016/B978-1-55860-247-2.50028-0},
  editor =       {Sleeman, Derek H. and Edwards, Peter},
  month =        {July},
  pages =        {179--188},
  publisher =    {Morgan Kaufmann},
  title =        {An Analysis of Learning to Plan as a Search Problem},
  year =         1992
}

@inproceedings{grefenstette1992approach,
  address =      {Aberdeen, Scotland, UK},
  author =       {Grefenstette, John J. and Ramsey, Connie Loggia},
  booktitle =    {Machine Learning: Proceedings of the Ninth
                  International Workshop},
  doi =          {10.1016/B978-1-55860-247-2.50029-2},
  editor =       {Sleeman, Derek H. and Edwards, Peter},
  month =        {July},
  pages =        {189--195},
  publisher =    {Morgan Kaufmann},
  title =        {An Approach to Anytime Learning},
  year =         1992
}

@inproceedings{hickey1992artificial,
  address =      {Aberdeen, Scotland, UK},
  author =       {Hickey, Ray J.},
  booktitle =    {Machine Learning: Proceedings of the Ninth
                  International Workshop},
  doi =          {10.1016/B978-1-55860-247-2.50030-9},
  editor =       {Sleeman, Derek H. and Edwards, Peter},
  month =        {July},
  pages =        {196--205},
  publisher =    {Morgan Kaufmann},
  title =        {Artificial Universes - Towards a Systematic Approach
                  to Evaluation Algorithms which Learn from Examples},
  year =         1992
}

@inproceedings{hirschberg1992average,
  address =      {Aberdeen, Scotland, UK},
  author =       {Hirschberg, Daniel S. and Pazzani, Michael J.},
  booktitle =    {Machine Learning: Proceedings of the Ninth
                  International Workshop},
  doi =          {10.1016/B978-1-55860-247-2.50031-0},
  editor =       {Sleeman, Derek H. and Edwards, Peter},
  month =        {July},
  pages =        {206--211},
  publisher =    {Morgan Kaufmann},
  title =        {Average Case Analysis of Learning kappa-CNF
                  Concepts},
  year =         1992
}

@inproceedings{hogger1992mentle,
  address =      {Aberdeen, Scotland, UK},
  author =       {Hogger, Elizabeth I. and Broda, Krysia},
  booktitle =    {Machine Learning: Proceedings of the Ninth
                  International Workshop},
  doi =          {10.1016/B978-1-55860-247-2.50032-2},
  editor =       {Sleeman, Derek H. and Edwards, Peter},
  month =        {July},
  pages =        {212--217},
  publisher =    {Morgan Kaufmann},
  title =        {The MENTLE Approach to Learning Heuristics for the
                  Control of Logic Programs},
  year =         1992
}

@inproceedings{holder1992fuzzy,
  address =      {Aberdeen, Scotland, UK},
  author =       {Holder, Lawrence B. and Cook, Diane J. and Bunke,
                  Horst},
  booktitle =    {Machine Learning: Proceedings of the Ninth
                  International Workshop},
  doi =          {10.1016/B978-1-55860-247-2.50033-4},
  editor =       {Sleeman, Derek H. and Edwards, Peter},
  month =        {July},
  pages =        {218--223},
  publisher =    {Morgan Kaufmann},
  title =        {Fuzzy Substructure Discovery},
  year =         1992
}

@inproceedings{hunter1992efficient,
  address =      {Aberdeen, Scotland, UK},
  author =       {Hunter, Lawrence and Harris, Nomi L. and States,
                  David J.},
  booktitle =    {Machine Learning: Proceedings of the Ninth
                  International Workshop},
  doi =          {10.1016/B978-1-55860-247-2.50034-6},
  editor =       {Sleeman, Derek H. and Edwards, Peter},
  month =        {July},
  pages =        {224--232},
  publisher =    {Morgan Kaufmann},
  title =        {Efficient Classification of Massive, Unsegmented
                  Datastreams},
  year =         1992
}

@inproceedings{iba1992induction,
  address =      {Aberdeen, Scotland, UK},
  author =       {Iba, Wayne and Langley, Pat},
  booktitle =    {Machine Learning: Proceedings of the Ninth
                  International Workshop},
  doi =          {10.1016/B978-1-55860-247-2.50035-8},
  editor =       {Sleeman, Derek H. and Edwards, Peter},
  month =        {July},
  pages =        {233--240},
  publisher =    {Morgan Kaufmann},
  title =        {Induction of One-Level Decision Trees},
  year =         1992
}

@inproceedings{janikow1992combining,
  address =      {Aberdeen, Scotland, UK},
  author =       {Janikow, Cezary Z.},
  booktitle =    {Machine Learning: Proceedings of the Ninth
                  International Workshop},
  doi =          {10.1016/B978-1-55860-247-2.50036-X},
  editor =       {Sleeman, Derek H. and Edwards, Peter},
  month =        {July},
  pages =        {241--248},
  publisher =    {Morgan Kaufmann},
  title =        {Combining Competition and Cooperation in Supervised
                  Inductive Learning},
  year =         1992
}

@inproceedings{kira1992practical,
  address =      {Aberdeen, Scotland, UK},
  author =       {Kira, Kenji and Rendell, Larry A.},
  booktitle =    {Machine Learning: Proceedings of the Ninth
                  International Workshop},
  doi =          {10.1016/B978-1-55860-247-2.50037-1},
  editor =       {Sleeman, Derek H. and Edwards, Peter},
  month =        {July},
  pages =        {249--256},
  publisher =    {Morgan Kaufmann},
  title =        {A Practical Approach to Feature Selection},
  year =         1992
}

@inproceedings{kononenko1992learning,
  address =      {Aberdeen, Scotland, UK},
  author =       {Kononenko, Igor and Kovacic, Matevz},
  booktitle =    {Machine Learning: Proceedings of the Ninth
                  International Workshop},
  doi =          {10.1016/B978-1-55860-247-2.50038-3},
  editor =       {Sleeman, Derek H. and Edwards, Peter},
  month =        {July},
  pages =        {257--262},
  publisher =    {Morgan Kaufmann},
  title =        {Learning as Optimization: Stochastic Generation of
                  Multiple Knowledge},
  year =         1992
}

@inproceedings{laird1992dynamic,
  address =      {Aberdeen, Scotland, UK},
  author =       {Laird, Philip},
  booktitle =    {Machine Learning: Proceedings of the Ninth
                  International Workshop},
  doi =          {10.1016/B978-1-55860-247-2.50039-5},
  editor =       {Sleeman, Derek H. and Edwards, Peter},
  month =        {July},
  pages =        {263--272},
  publisher =    {Morgan Kaufmann},
  title =        {Dynamic Optimization},
  year =         1992
}

@inproceedings{lapointe1992subunification,
  address =      {Aberdeen, Scotland, UK},
  author =       {Lapointe, Stephane and Matwin, Stan},
  booktitle =    {Machine Learning: Proceedings of the Ninth
                  International Workshop},
  doi =          {10.1016/B978-1-55860-247-2.50040-1},
  editor =       {Sleeman, Derek H. and Edwards, Peter},
  month =        {July},
  pages =        {273--281},
  publisher =    {Morgan Kaufmann},
  title =        {Sub-unification: A Tool for Efficient Induction of
                  Recursive Programs},
  year =         1992
}

@inproceedings{liu1992augmenting,
  address =      {Aberdeen, Scotland, UK},
  author =       {Liu, Rey-Long and Soo, Von-Wun},
  booktitle =    {Machine Learning: Proceedings of the Ninth
                  International Workshop},
  doi =          {10.1016/B978-1-55860-247-2.50041-3},
  editor =       {Sleeman, Derek H. and Edwards, Peter},
  month =        {July},
  pages =        {282--289},
  publisher =    {Morgan Kaufmann},
  title =        {Augmenting and Efficiently Utilizing Domain Theory
                  in Explanation-Based Natural Language Acquisition},
  year =         1992
}

@inproceedings{mahadevan1992enhancing,
  address =      {Aberdeen, Scotland, UK},
  author =       {Mahadevan, Sridhar},
  booktitle =    {Machine Learning: Proceedings of the Ninth
                  International Workshop},
  doi =          {10.1016/B978-1-55860-247-2.50042-5},
  editor =       {Sleeman, Derek H. and Edwards, Peter},
  month =        {July},
  pages =        {290--299},
  publisher =    {Morgan Kaufmann},
  title =        {Enhancing Transfer in Reinforcement Learning by
                  Building Stochastic Models of Robot Actions},
  year =         1992
}

@inproceedings{mao1992thought,
  address =      {Aberdeen, Scotland, UK},
  author =       {Mao, Chengjiang},
  booktitle =    {Machine Learning: Proceedings of the Ninth
                  International Workshop},
  doi =          {10.1016/B978-1-55860-247-2.50043-7},
  editor =       {Sleeman, Derek H. and Edwards, Peter},
  month =        {July},
  pages =        {300--309},
  publisher =    {Morgan Kaufmann},
  title =        {THOUGHT: An Integrated Learning System for Acquiring
                  Knowledge Structure},
  year =         1992
}

@inproceedings{markov1992approach,
  address =      {Aberdeen, Scotland, UK},
  author =       {Markov, Zdravko},
  booktitle =    {Machine Learning: Proceedings of the Ninth
                  International Workshop},
  doi =          {10.1016/B978-1-55860-247-2.50044-9},
  editor =       {Sleeman, Derek H. and Edwards, Peter},
  month =        {July},
  pages =        {310--315},
  publisher =    {Morgan Kaufmann},
  title =        {An Approach to Concept Learning Based on Term
                  Generalization},
  year =         1992
}

@inproceedings{mccallum1992using,
  address =      {Aberdeen, Scotland, UK},
  author =       {McCallum, R. Andrew},
  booktitle =    {Machine Learning: Proceedings of the Ninth
                  International Workshop},
  doi =          {10.1016/B978-1-55860-247-2.50045-0},
  editor =       {Sleeman, Derek H. and Edwards, Peter},
  month =        {July},
  pages =        {316--321},
  publisher =    {Morgan Kaufmann},
  title =        {Using Transitional Proximity for Faster
                  Reinforcement Learning},
  year =         1992
}

@inproceedings{merckt1992nfdt,
  address =      {Aberdeen, Scotland, UK},
  author =       {Merckt, Thierry Van de},
  booktitle =    {Machine Learning: Proceedings of the Ninth
                  International Workshop},
  doi =          {10.1016/B978-1-55860-247-2.50046-2},
  editor =       {Sleeman, Derek H. and Edwards, Peter},
  month =        {July},
  pages =        {322--331},
  publisher =    {Morgan Kaufmann},
  title =        {NFDT: A System that Learns Flexible Concepts Based
                  on Decision Trees for Numerical Attributes},
  year =         1992
}

@inproceedings{moulet1992symbolic,
  address =      {Aberdeen, Scotland, UK},
  author =       {Moulet, Marjorie},
  booktitle =    {Machine Learning: Proceedings of the Ninth
                  International Workshop},
  doi =          {10.1016/B978-1-55860-247-2.50047-4},
  editor =       {Sleeman, Derek H. and Edwards, Peter},
  month =        {July},
  pages =        {332--337},
  publisher =    {Morgan Kaufmann},
  title =        {A Symbolic Algorithm for Computing Coefficients'
                  Accuracy in Regression},
  year =         1992
}

@inproceedings{niquil1992guiding,
  address =      {Aberdeen, Scotland, UK},
  author =       {Niquil, Yves},
  booktitle =    {Machine Learning: Proceedings of the Ninth
                  International Workshop},
  doi =          {10.1016/B978-1-55860-247-2.50049-8},
  editor =       {Sleeman, Derek H. and Edwards, Peter},
  month =        {July},
  pages =        {348--354},
  publisher =    {Morgan Kaufmann},
  title =        {Guiding Example Acquisition by Generating Scenarios},
  year =         1992
}

@inproceedings{oliveira1992constructive,
  address =      {Aberdeen, Scotland, UK},
  author =       {Oliveira, Arlindo L. and Sangiovanni-Vincentelli,
                  Alberto L.},
  booktitle =    {Machine Learning: Proceedings of the Ninth
                  International Workshop},
  doi =          {10.1016/B978-1-55860-247-2.50050-4},
  editor =       {Sleeman, Derek H. and Edwards, Peter},
  month =        {July},
  pages =        {355--360},
  publisher =    {Morgan Kaufmann},
  title =        {Constructive Induction Using a Non-Greedy Strategy
                  for Feature Selection},
  year =         1992
}

@inproceedings{omlin1992training,
  address =      {Aberdeen, Scotland, UK},
  author =       {Omlin, Christian W. and Giles, C. Lee},
  booktitle =    {Machine Learning: Proceedings of the Ninth
                  International Workshop},
  doi =          {10.1016/B978-1-55860-247-2.50051-6},
  editor =       {Sleeman, Derek H. and Edwards, Peter},
  month =        {July},
  pages =        {361--366},
  publisher =    {Morgan Kaufmann},
  title =        {Training Second-Order Recurrent Neural Networks
                  using Hints},
  year =         1992
}

@inproceedings{perez1992dynamic,
  address =      {Aberdeen, Scotland, UK},
  author =       {Pérez, M. Alicia and Etzioni, Oren},
  booktitle =    {Machine Learning: Proceedings of the Ninth
                  International Workshop},
  doi =          {10.1016/B978-1-55860-247-2.50052-8},
  editor =       {Sleeman, Derek H. and Edwards, Peter},
  month =        {July},
  pages =        {367--372},
  publisher =    {Morgan Kaufmann},
  title =        {DYNAMIC: A New Role for Training Problems in EBL},
  year =         1992
}

@inproceedings{radiya1992framework,
  address =      {Aberdeen, Scotland, UK},
  author =       {Radiya, Ashvin and Zytkow, Jan M.},
  booktitle =    {Machine Learning: Proceedings of the Ninth
                  International Workshop},
  doi =          {10.1016/B978-1-55860-247-2.50053-X},
  editor =       {Sleeman, Derek H. and Edwards, Peter},
  month =        {July},
  pages =        {373--378},
  publisher =    {Morgan Kaufmann},
  title =        {A Framework for Discovering Discrete Event Models},
  year =         1992
}

@inproceedings{ruby1992learning,
  address =      {Aberdeen, Scotland, UK},
  author =       {Ruby, David and Kibler, Dennis F.},
  booktitle =    {Machine Learning: Proceedings of the Ninth
                  International Workshop},
  doi =          {10.1016/B978-1-55860-247-2.50054-1},
  editor =       {Sleeman, Derek H. and Edwards, Peter},
  month =        {July},
  pages =        {379--384},
  publisher =    {Morgan Kaufmann},
  title =        {Learning Episodes for Optimization},
  year =         1992
}

@inproceedings{sammut1992learning,
  address =      {Aberdeen, Scotland, UK},
  author =       {Sammut, Claude and Hurst, Scott and Kedzier, Dana
                  and Michie, Donald},
  booktitle =    {Machine Learning: Proceedings of the Ninth
                  International Workshop},
  doi =          {10.1016/B978-1-55860-247-2.50055-3},
  editor =       {Sleeman, Derek H. and Edwards, Peter},
  month =        {July},
  pages =        {385--393},
  publisher =    {Morgan Kaufmann},
  title =        {Learning to Fly},
  year =         1992
}

@inproceedings{schaffer1992deconstructing,
  address =      {Aberdeen, Scotland, UK},
  author =       {Schaffer, Cullen},
  booktitle =    {Machine Learning: Proceedings of the Ninth
                  International Workshop},
  doi =          {10.1016/B978-1-55860-247-2.50056-5},
  editor =       {Sleeman, Derek H. and Edwards, Peter},
  month =        {July},
  pages =        {394--399},
  publisher =    {Morgan Kaufmann},
  title =        {Deconstructing the Digit Recognition Problem},
  year =         1992
}

@inproceedings{segre1992on,
  address =      {Aberdeen, Scotland, UK},
  author =       {Segre, Alberto Maria},
  booktitle =    {Machine Learning: Proceedings of the Ninth
                  International Workshop},
  doi =          {10.1016/B978-1-55860-247-2.50057-7},
  editor =       {Sleeman, Derek H. and Edwards, Peter},
  month =        {July},
  pages =        {400--405},
  publisher =    {Morgan Kaufmann},
  title =        {On Combining Multiple Speedup Techniques},
  year =         1992
}

@inproceedings{singh1992scaling,
  address =      {Aberdeen, Scotland, UK},
  author =       {Singh, Satinder P.},
  booktitle =    {Machine Learning: Proceedings of the Ninth
                  International Workshop},
  doi =          {10.1016/B978-1-55860-247-2.50058-9},
  editor =       {Sleeman, Derek H. and Edwards, Peter},
  month =        {July},
  pages =        {406--415},
  publisher =    {Morgan Kaufmann},
  title =        {Scaling Reinforcement Learning Algorithms by
                  Learning Variable Temporal Resolution Models},
  year =         1992
}

@inproceedings{smyth1992detecting,
  address =      {Aberdeen, Scotland, UK},
  author =       {Smyth, Padhraic and Mellstrom, Jeff},
  booktitle =    {Machine Learning: Proceedings of the Ninth
                  International Workshop},
  doi =          {10.1016/B978-1-55860-247-2.50059-0},
  editor =       {Sleeman, Derek H. and Edwards, Peter},
  month =        {July},
  pages =        {416--425},
  publisher =    {Morgan Kaufmann},
  title =        {Detecting Novel Classes with Applications to Fault
                  Diagnosis},
  year =         1992
}

@inproceedings{subramanian1992measuring,
  address =      {Aberdeen, Scotland, UK},
  author =       {Subramanian, Devika and Hunter, Scott B.},
  booktitle =    {Machine Learning: Proceedings of the Ninth
                  International Workshop},
  doi =          {10.1016/B978-1-55860-247-2.50060-7},
  editor =       {Sleeman, Derek H. and Edwards, Peter},
  month =        {July},
  pages =        {426--425},
  publisher =    {Morgan Kaufmann},
  title =        {Measuring Utility and the Design of Provably Good
                  EBL Algorithms},
  year =         1992
}

@inproceedings{tangkitvanich1992refining,
  address =      {Aberdeen, Scotland, UK},
  author =       {Tangkitvanich, Somkiat and Shimura, Masamichi},
  booktitle =    {Machine Learning: Proceedings of the Ninth
                  International Workshop},
  doi =          {10.1016/B978-1-55860-247-2.50061-9},
  editor =       {Sleeman, Derek H. and Edwards, Peter},
  month =        {July},
  pages =        {436--444},
  publisher =    {Morgan Kaufmann},
  title =        {Refining a Relational Theory with Multiple Faults in
                  the Concept and Subconcepts},
  year =         1992
}

@inproceedings{tecuci1992cooperation,
  address =      {Aberdeen, Scotland, UK},
  author =       {Tecuci, Gheorghe},
  booktitle =    {Machine Learning: Proceedings of the Ninth
                  International Workshop},
  doi =          {10.1016/B978-1-55860-247-2.50062-0},
  editor =       {Sleeman, Derek H. and Edwards, Peter},
  month =        {July},
  pages =        {445--450},
  publisher =    {Morgan Kaufmann},
  title =        {Cooperation in Knowledge Base Refinement},
  year =         1992
}

@inproceedings{tesauro1992temporal,
  address =      {Aberdeen, Scotland, UK},
  author =       {Tesauro, Gerald},
  booktitle =    {Machine Learning: Proceedings of the Ninth
                  International Workshop},
  doi =          {10.1016/B978-1-55860-247-2.50063-2},
  editor =       {Sleeman, Derek H. and Edwards, Peter},
  month =        {July},
  pages =        {451--457},
  publisher =    {Morgan Kaufmann},
  title =        {Temporal Difference Learning of Backgammon Strategy},
  year =         1992
}

@inproceedings{venturini1992agil,
  address =      {Aberdeen, Scotland, UK},
  author =       {Venturini, Gilles},
  booktitle =    {Machine Learning: Proceedings of the Ninth
                  International Workshop},
  doi =          {10.1016/B978-1-55860-247-2.50064-4},
  editor =       {Sleeman, Derek H. and Edwards, Peter},
  month =        {July},
  pages =        {458--463},
  publisher =    {Morgan Kaufmann},
  title =        {AGIL: Solving the Exploration Versus Exploration
                  Dilemma in a Single Classifier System Applied to
                  Simulated Robotics},
  year =         1992
}

@inproceedings{weinberg1992conceptual,
  address =      {Aberdeen, Scotland, UK},
  author =       {Weinberg, Jerry B. and Biswas, Gautam and Koller,
                  Glenn R.},
  booktitle =    {Machine Learning: Proceedings of the Ninth
                  International Workshop},
  doi =          {10.1016/B978-1-55860-247-2.50065-6},
  editor =       {Sleeman, Derek H. and Edwards, Peter},
  month =        {July},
  pages =        {464--469},
  publisher =    {Morgan Kaufmann},
  title =        {Conceptual Clustering with Systematic Missing
                  Values},
  year =         1992
}

@inproceedings{zhang1992selecting,
  address =      {Aberdeen, Scotland, UK},
  author =       {Zhang, Jianping},
  booktitle =    {Machine Learning: Proceedings of the Ninth
                  International Workshop},
  doi =          {10.1016/B978-1-55860-247-2.50066-8},
  editor =       {Sleeman, Derek H. and Edwards, Peter},
  month =        {July},
  pages =        {470--479},
  publisher =    {Morgan Kaufmann},
  title =        {Selecting Typical Instances in Instance-Based
                  Learning},
  year =         1992
}

@inproceedings{zytkow1992first,
  address =      {Aberdeen, Scotland, UK},
  author =       {Zytkow, Jan M. and Zhu, Jieming and Zembowicz,
                  Robert},
  booktitle =    {Machine Learning: Proceedings of the Ninth
                  International Workshop},
  doi =          {10.1016/B978-1-55860-247-2.50067-X},
  editor =       {Sleeman, Derek H. and Edwards, Peter},
  month =        {July},
  pages =        {480--485},
  publisher =    {Morgan Kaufmann},
  title =        {The First Phase of Real-World Discovery: Determining
                  Repeatability and Error of Experiments},
  year =         1992
}
