@inproceedings{baluja1993evolution,
 address = {Amherst, Massachusetts, USA},
 author = {Baluja, Shumeet},
 booktitle = {Machine Learning: Proceedings of the Tenth International Conference},
 doi = {10.1016/B978-1-55860-307-3.50007-1},
 editor = {Utgoff, Paul E.},
 month = {June},
 pages = {1--8},
 publisher = {Morgan Kaufmann},
 title = {The Evolution of Gennetic Algorithms: Towards Massive Parallelism},
 year = {1993}
}

@inproceedings{brodley1993automatic,
 address = {Amherst, Massachusetts, USA},
 author = {Brodley, Carla E.},
 booktitle = {Machine Learning: Proceedings of the Tenth International Conference},
 doi = {10.1016/B978-1-55860-307-3.50009-5},
 editor = {Utgoff, Paul E.},
 month = {June},
 pages = {17--24},
 publisher = {Morgan Kaufmann},
 title = {Automatic Algorith/Model Class Selection},
 year = {1993}
}

@inproceedings{brézellec1993elena,
 address = {Amherst, Massachusetts, USA},
 author = {Brézellec, Pierre and Soldano, Henry},
 booktitle = {Machine Learning: Proceedings of the Tenth International Conference},
 doi = {10.1016/B978-1-55860-307-3.50008-3},
 editor = {Utgoff, Paul E.},
 month = {June},
 pages = {9--16},
 publisher = {Morgan Kaufmann},
 title = {ÉLÉNA: A Bottom-Up Learning Method},
 year = {1993}
}

@inproceedings{cardie1993using,
 address = {Amherst, Massachusetts, USA},
 author = {Cardie, Claire},
 booktitle = {Machine Learning: Proceedings of the Tenth International Conference},
 doi = {10.1016/B978-1-55860-307-3.50010-1},
 editor = {Utgoff, Paul E.},
 month = {June},
 pages = {25--32},
 publisher = {Morgan Kaufmann},
 title = {Using Decision Trees to Improve Case-Based Learning},
 year = {1993}
}

@inproceedings{carpineto1993galois,
 address = {Amherst, Massachusetts, USA},
 author = {Carpineto, Claudio and Romano, Giovanni},
 booktitle = {Machine Learning: Proceedings of the Tenth International Conference},
 doi = {10.1016/B978-1-55860-307-3.50011-3},
 editor = {Utgoff, Paul E.},
 month = {June},
 pages = {33--40},
 publisher = {Morgan Kaufmann},
 title = {GALOIS: An Order-Theoretic Approach to Conceptual Clustering},
 year = {1993}
}

@inproceedings{caruana1993multitask,
 address = {Amherst, Massachusetts, USA},
 author = {Caruana, Rich},
 booktitle = {Machine Learning: Proceedings of the Tenth International Conference},
 doi = {10.1016/B978-1-55860-307-3.50012-5},
 editor = {Utgoff, Paul E.},
 month = {June},
 pages = {41--48},
 publisher = {Morgan Kaufmann},
 title = {Multitask Learning: A Knowledge-Based Source of Inductive Bias},
 year = {1993}
}

@inproceedings{clark1993using,
 address = {Amherst, Massachusetts, USA},
 author = {Clark, Peter and Matwin, Stan},
 booktitle = {Machine Learning: Proceedings of the Tenth International Conference},
 doi = {10.1016/B978-1-55860-307-3.50013-7},
 editor = {Utgoff, Paul E.},
 month = {June},
 pages = {49--56},
 publisher = {Morgan Kaufmann},
 title = {Using Qualitative Models to Guide Inductive Learning},
 year = {1993}
}

@inproceedings{cohen1993automating,
 address = {Amherst, Massachusetts, USA},
 author = {Cohen, Paul R. and Carlson, Adam and Ballesteros, Lisa and Amant, Adam St.},
 booktitle = {Machine Learning: Proceedings of the Tenth International Conference},
 doi = {10.1016/B978-1-55860-307-3.50014-9},
 editor = {Utgoff, Paul E.},
 month = {June},
 pages = {57--64},
 publisher = {Morgan Kaufmann},
 title = {Automating Path Analysis for Building Causal Models from Data},
 year = {1993}
}

@inproceedings{connolly1993constructing,
 address = {Amherst, Massachusetts, USA},
 author = {Connolly, Dennis},
 booktitle = {Machine Learning: Proceedings of the Tenth International Conference},
 doi = {10.1016/B978-1-55860-307-3.50015-0},
 editor = {Utgoff, Paul E.},
 month = {June},
 pages = {65--72},
 publisher = {Morgan Kaufmann},
 title = {Constructing Hidden Variables in Bayesian Networks via Conceptual Clustering},
 year = {1993}
}

@inproceedings{craven1993learning,
 address = {Amherst, Massachusetts, USA},
 author = {Craven, Mark W. and Shavlik, Jude W.},
 booktitle = {Machine Learning: Proceedings of the Tenth International Conference},
 doi = {10.1016/B978-1-55860-307-3.50016-2},
 editor = {Utgoff, Paul E.},
 month = {June},
 pages = {73--80},
 publisher = {Morgan Kaufmann},
 title = {Learning Symbolic Rules Using Artificial Neural Networks},
 year = {1993}
}

@inproceedings{danyluk1993small,
 address = {Amherst, Massachusetts, USA},
 author = {Danyluk, Andrea Pohoreckyj and Provost, Foster J.},
 booktitle = {Machine Learning: Proceedings of the Tenth International Conference},
 doi = {10.1016/B978-1-55860-307-3.50017-4},
 editor = {Utgoff, Paul E.},
 month = {June},
 pages = {81--88},
 publisher = {Morgan Kaufmann},
 title = {Small Disjuncts in Action: Learning to Diagnose Errors in the Local Loop of the Telephone Network},
 year = {1993}
}

@inproceedings{datta1993concept,
 address = {Amherst, Massachusetts, USA},
 author = {Datta, Piew and Kibler, Dennis F.},
 booktitle = {Machine Learning: Proceedings of the Tenth International Conference},
 doi = {10.1016/B978-1-55860-307-3.50018-6},
 editor = {Utgoff, Paul E.},
 month = {June},
 pages = {89--96},
 publisher = {Morgan Kaufmann},
 title = {Concept Sharing: A Means to Improve Multi-Concept Learning},
 year = {1993}
}

@inproceedings{dzeroski1993discovering,
 address = {Amherst, Massachusetts, USA},
 author = {Dzeroski, Saso and Todorovski, Ljupco},
 booktitle = {Machine Learning: Proceedings of the Tenth International Conference},
 doi = {10.1016/B978-1-55860-307-3.50019-8},
 editor = {Utgoff, Paul E.},
 month = {June},
 pages = {97--103},
 publisher = {Morgan Kaufmann},
 title = {Discovering Dynamics},
 year = {1993}
}

@inproceedings{ellman1993synthesis,
 address = {Amherst, Massachusetts, USA},
 author = {Ellman, Thomas},
 booktitle = {Machine Learning: Proceedings of the Tenth International Conference},
 doi = {10.1016/B978-1-55860-307-3.50020-4},
 editor = {Utgoff, Paul E.},
 month = {June},
 pages = {104--111},
 publisher = {Morgan Kaufmann},
 title = {Synthesis of Abstraction Hierarchies for Constraint Satisfaction by Clustering Approximately Equivalent Objects},
 year = {1993}
}

@inproceedings{fayyad1993skicat,
 address = {Amherst, Massachusetts, USA},
 author = {Fayyad, Usama M. and Weir, Nicholas and Djorgovski, S. George},
 booktitle = {Machine Learning: Proceedings of the Tenth International Conference},
 doi = {10.1016/B978-1-55860-307-3.50021-6},
 editor = {Utgoff, Paul E.},
 month = {June},
 pages = {112--119},
 publisher = {Morgan Kaufmann},
 title = {SKICAT: A Machine Learning System for Automated Cataloging of Large Scale Sky Surveys},
 year = {1993}
}

@inproceedings{frazier1993learning,
 address = {Amherst, Massachusetts, USA},
 author = {Frazier, Michael and Pitt, Leonard},
 booktitle = {Machine Learning: Proceedings of the Tenth International Conference},
 doi = {10.1016/B978-1-55860-307-3.50022-8},
 editor = {Utgoff, Paul E.},
 month = {June},
 pages = {120--127},
 publisher = {Morgan Kaufmann},
 title = {Learning From Entailment: An Application to Propositional Horn Sentences},
 year = {1993}
}

@inproceedings{gratch1993learning,
 address = {Amherst, Massachusetts, USA},
 author = {Gratch, Jonathan and Chien, Steve A. and DeJong, Gerald},
 booktitle = {Machine Learning: Proceedings of the Tenth International Conference},
 doi = {10.1016/B978-1-55860-307-3.50024-1},
 editor = {Utgoff, Paul E.},
 month = {June},
 pages = {135--142},
 publisher = {Morgan Kaufmann},
 title = {Learning Search Control Knowledge for Deep Space Network Scheduling},
 year = {1993}
}

@inproceedings{huffman1993learning,
 address = {Amherst, Massachusetts, USA},
 author = {Huffman, Scott B. and Laird, John E.},
 booktitle = {Machine Learning: Proceedings of the Tenth International Conference},
 doi = {10.1016/B978-1-55860-307-3.50025-3},
 editor = {Utgoff, Paul E.},
 month = {June},
 pages = {143--150},
 publisher = {Morgan Kaufmann},
 title = {Learning Procedures from Interactive Natural Language Instructions},
 year = {1993}
}

@inproceedings{idestamalmquist1993generalization,
 address = {Amherst, Massachusetts, USA},
 author = {Idestam-Almquist, Peter},
 booktitle = {Machine Learning: Proceedings of the Tenth International Conference},
 doi = {10.1016/B978-1-55860-307-3.50026-5},
 editor = {Utgoff, Paul E.},
 month = {June},
 pages = {151--158},
 publisher = {Morgan Kaufmann},
 title = {Generalization under Implication by Recursive Anti-unification},
 year = {1993}
}

@inproceedings{jordan1993supervised,
 address = {Amherst, Massachusetts, USA},
 author = {Jordan, Michael I. and Jacobs, Robert A.},
 booktitle = {Machine Learning: Proceedings of the Tenth International Conference},
 doi = {10.1016/B978-1-55860-307-3.50027-7},
 editor = {Utgoff, Paul E.},
 month = {June},
 pages = {159--166},
 publisher = {Morgan Kaufmann},
 title = {Supervised Learning and Divide-and-Conquer: A Statistical Approach},
 year = {1993}
}

@inproceedings{kaelbling1993hierarchical,
 address = {Amherst, Massachusetts, USA},
 author = {Kaelbling, Leslie Pack},
 booktitle = {Machine Learning: Proceedings of the Tenth International Conference},
 doi = {10.1016/B978-1-55860-307-3.50028-9},
 editor = {Utgoff, Paul E.},
 month = {June},
 pages = {167--173},
 publisher = {Morgan Kaufmann},
 title = {Hierarchical Learning in Stochastic Domains: Preliminary Results},
 year = {1993}
}

@inproceedings{kim1993constraining,
 address = {Amherst, Massachusetts, USA},
 author = {Kim, Jihie and Rosenbloom, Paul S.},
 booktitle = {Machine Learning: Proceedings of the Tenth International Conference},
 doi = {10.1016/B978-1-55860-307-3.50029-0},
 editor = {Utgoff, Paul E.},
 month = {June},
 pages = {174--181},
 publisher = {Morgan Kaufmann},
 title = {Constraining Learning with Search Control},
 year = {1993}
}

@inproceedings{lin1993scaling,
 address = {Amherst, Massachusetts, USA},
 author = {Lin, Long Ji},
 booktitle = {Machine Learning: Proceedings of the Tenth International Conference},
 doi = {10.1016/B978-1-55860-307-3.50030-7},
 editor = {Utgoff, Paul E.},
 month = {June},
 pages = {182--189},
 publisher = {Morgan Kaufmann},
 title = {Scaling Up Reinforcement Learning for Robot Control},
 year = {1993}
}

@inproceedings{mccallum1993overcoming,
 address = {Amherst, Massachusetts, USA},
 author = {McCallum, R. Andrew},
 booktitle = {Machine Learning: Proceedings of the Tenth International Conference},
 doi = {10.1016/B978-1-55860-307-3.50031-9},
 editor = {Utgoff, Paul E.},
 month = {June},
 pages = {190--196},
 publisher = {Morgan Kaufmann},
 title = {Overcoming Incomplete Perception with Utile Distinction Memory},
 year = {1993}
}

@inproceedings{mitchell1993explanation,
 address = {Amherst, Massachusetts, USA},
 author = {Mitchell, Tom M. and Thrun, Sebastian},
 booktitle = {Machine Learning: Proceedings of the Tenth International Conference},
 doi = {10.1016/B978-1-55860-307-3.50032-0},
 editor = {Utgoff, Paul E.},
 month = {June},
 pages = {197--204},
 publisher = {Morgan Kaufmann},
 title = {Explanation Based Learning: A Comparison of Symbolic and Neural Network Approaches},
 year = {1993}
}

@inproceedings{mladenic1993combinatorial,
 address = {Amherst, Massachusetts, USA},
 author = {Mladenic, Dunja},
 booktitle = {Machine Learning: Proceedings of the Tenth International Conference},
 doi = {10.1016/B978-1-55860-307-3.50033-2},
 editor = {Utgoff, Paul E.},
 month = {June},
 pages = {205--211},
 publisher = {Morgan Kaufmann},
 title = {Combinatorial Optimization in Inductive Concept Learning},
 year = {1993}
}

@inproceedings{musick1993decision,
 address = {Amherst, Massachusetts, USA},
 author = {Musick, Ron and Catlett, Jason and Russell, Stuart},
 booktitle = {Machine Learning: Proceedings of the Tenth International Conference},
 doi = {10.1016/B978-1-55860-307-3.50034-4},
 editor = {Utgoff, Paul E.},
 month = {June},
 pages = {212--219},
 publisher = {Morgan Kaufmann},
 title = {Decision Theoretic Subsampling for Induction on Large Databases},
 year = {1993}
}

@inproceedings{norton1993learning,
 address = {Amherst, Massachusetts, USA},
 author = {Norton, Steven W. and Hirsh, Haym},
 booktitle = {Machine Learning: Proceedings of the Tenth International Conference},
 doi = {10.1016/B978-1-55860-307-3.50035-6},
 editor = {Utgoff, Paul E.},
 month = {June},
 pages = {220--227},
 publisher = {Morgan Kaufmann},
 title = {Learning DNF Via Probabilistic Evidence Combination},
 year = {1993}
}

@inproceedings{o'rorke1993explaining,
 address = {Amherst, Massachusetts, USA},
 author = {O'Rorke, Paul and Fattah, Yousri El and Elliott, Margaret},
 booktitle = {Machine Learning: Proceedings of the Tenth International Conference},
 doi = {10.1016/B978-1-55860-307-3.50036-8},
 editor = {Utgoff, Paul E.},
 month = {June},
 pages = {228--235},
 publisher = {Morgan Kaufmann},
 title = {Explaining and Generalizing Diagnostic Decisions},
 year = {1993}
}

@inproceedings{quinlan1993combining,
 address = {Amherst, Massachusetts, USA},
 author = {Quinlan, J. Ross},
 booktitle = {Machine Learning: Proceedings of the Tenth International Conference},
 doi = {10.1016/B978-1-55860-307-3.50037-X},
 editor = {Utgoff, Paul E.},
 month = {June},
 pages = {236--243},
 publisher = {Morgan Kaufmann},
 title = {Combining Instance-Based and Model-Based Learning},
 year = {1993}
}

@inproceedings{ragavan1993lookahead,
 address = {Amherst, Massachusetts, USA},
 author = {Ragavan, Harish and Rendell, Larry A.},
 booktitle = {Machine Learning: Proceedings of the Tenth International Conference},
 doi = {10.1016/B978-1-55860-307-3.50039-3},
 editor = {Utgoff, Paul E.},
 month = {June},
 pages = {252--259},
 publisher = {Morgan Kaufmann},
 title = {Lookahead Feature Construction for Learning Hard Concepts},
 year = {1993}
}

@inproceedings{rao1993data,
 address = {Amherst, Massachusetts, USA},
 author = {Rao, R. Bharat and Voigt, Thomas B. and Fermanian, Thomas W.},
 booktitle = {Machine Learning: Proceedings of the Tenth International Conference},
 doi = {10.1016/B978-1-55860-307-3.50038-1},
 editor = {Utgoff, Paul E.},
 month = {June},
 pages = {244--251},
 publisher = {Morgan Kaufmann},
 title = {Data Mining of Subjective Agricultural Data},
 year = {1993}
}

@inproceedings{renders1993adaptive,
 address = {Amherst, Massachusetts, USA},
 author = {Renders, Jean-Michel and Bersini, Hugues and Saerens, Marco},
 booktitle = {Machine Learning: Proceedings of the Tenth International Conference},
 doi = {10.1016/B978-1-55860-307-3.50040-X},
 editor = {Utgoff, Paul E.},
 month = {June},
 pages = {260--267},
 publisher = {Morgan Kaufmann},
 title = {Adaptive NeuroControl: How Black Box and Simple can it be},
 year = {1993}
}

@inproceedings{rymon1993setree,
 address = {Amherst, Massachusetts, USA},
 author = {Rymon, Ron},
 booktitle = {Machine Learning: Proceedings of the Tenth International Conference},
 doi = {10.1016/B978-1-55860-307-3.50041-1},
 editor = {Utgoff, Paul E.},
 month = {June},
 pages = {268--275},
 publisher = {Morgan Kaufmann},
 title = {An SE-tree based Characterization of the Induction Problem},
 year = {1993}
}

@inproceedings{salganicoff1993densityadaptive,
 address = {Amherst, Massachusetts, USA},
 author = {Salganicoff, Marcos},
 booktitle = {Machine Learning: Proceedings of the Tenth International Conference},
 doi = {10.1016/B978-1-55860-307-3.50042-3},
 editor = {Utgoff, Paul E.},
 month = {June},
 pages = {276--283},
 publisher = {Morgan Kaufmann},
 title = {Density-Adaptive Learning and Forgetting},
 year = {1993}
}

@inproceedings{schlimmer1993efficiently,
 address = {Amherst, Massachusetts, USA},
 author = {Schlimmer, Jeffrey C.},
 booktitle = {Machine Learning: Proceedings of the Tenth International Conference},
 doi = {10.1016/B978-1-55860-307-3.50043-5},
 editor = {Utgoff, Paul E.},
 month = {June},
 pages = {284--290},
 publisher = {Morgan Kaufmann},
 title = {Efficiently Inducing Determinations: A Complete and Systematic Search Algorithm that Uses Optimal Pruning},
 year = {1993}
}

@inproceedings{schwalb1993compiling,
 address = {Amherst, Massachusetts, USA},
 author = {Schwalb, Eddie},
 booktitle = {Machine Learning: Proceedings of the Tenth International Conference},
 doi = {10.1016/B978-1-55860-307-3.50044-7},
 editor = {Utgoff, Paul E.},
 month = {June},
 pages = {291--297},
 publisher = {Morgan Kaufmann},
 title = {Compiling Bayesian Networks into Neural Networks},
 year = {1993}
}

@inproceedings{schwartz1993atm,
 address = {Amherst, Massachusetts, USA},
 author = {Schwartz, Daniel B.},
 booktitle = {Machine Learning: Proceedings of the Tenth International Conference},
 doi = {10.1016/B978-1-55860-307-3.50046-0},
 editor = {Utgoff, Paul E.},
 month = {June},
 pages = {306--313},
 publisher = {Morgan Kaufmann},
 title = {ATM Scheduling with Queuing Dely Predictions},
 year = {1993}
}

@inproceedings{schwartz1993reinforcement,
 address = {Amherst, Massachusetts, USA},
 author = {Schwartz, Anton},
 booktitle = {Machine Learning: Proceedings of the Tenth International Conference},
 doi = {10.1016/B978-1-55860-307-3.50045-9},
 editor = {Utgoff, Paul E.},
 month = {June},
 pages = {298--305},
 publisher = {Morgan Kaufmann},
 title = {A Reinforcement Learning Method for Maximizing Undiscounted Rewards},
 year = {1993}
}

@inproceedings{sutton1993online,
 address = {Amherst, Massachusetts, USA},
 author = {Sutton, Richard S. and Whitehead, Steven D.},
 booktitle = {Machine Learning: Proceedings of the Tenth International Conference},
 doi = {10.1016/B978-1-55860-307-3.50047-2},
 editor = {Utgoff, Paul E.},
 month = {June},
 pages = {314--321},
 publisher = {Morgan Kaufmann},
 title = {Online Learning with Random Representations},
 year = {1993}
}

@inproceedings{tadepalli1993learning,
 address = {Amherst, Massachusetts, USA},
 author = {Tadepalli, Prasad},
 booktitle = {Machine Learning: Proceedings of the Tenth International Conference},
 doi = {10.1016/B978-1-55860-307-3.50048-4},
 editor = {Utgoff, Paul E.},
 month = {June},
 pages = {322--329},
 publisher = {Morgan Kaufmann},
 title = {Learning from Queries and Examples with Tree-structured Bias},
 year = {1993}
}

@inproceedings{tan1993multiagent,
 address = {Amherst, Massachusetts, USA},
 author = {Tan, Ming},
 booktitle = {Machine Learning: Proceedings of the Tenth International Conference},
 doi = {10.1016/B978-1-55860-307-3.50049-6},
 editor = {Utgoff, Paul E.},
 month = {June},
 pages = {330--337},
 publisher = {Morgan Kaufmann},
 title = {Multi-Agent Reinforcement Learning: Independent versus Cooperative Agents},
 year = {1993}
}

@inproceedings{vanlehn1993better,
 address = {Amherst, Massachusetts, USA},
 author = {VanLehn, Kurt and R,  and Jones, olph M.},
 booktitle = {Machine Learning: Proceedings of the Tenth International Conference},
 doi = {10.1016/B978-1-55860-307-3.50050-2},
 editor = {Utgoff, Paul E.},
 month = {June},
 pages = {338--345},
 publisher = {Morgan Kaufmann},
 title = {Better Learners Use Analogical Problem Solving Sparingly},
 year = {1993}
}

@inproceedings{yol1993efficient,
 address = {Amherst, Massachusetts, USA},
 author = {Yol,  and Gil, a},
 booktitle = {Machine Learning: Proceedings of the Tenth International Conference},
 doi = {10.1016/B978-1-55860-307-3.50023-X},
 editor = {Utgoff, Paul E.},
 month = {June},
 pages = {128--134},
 publisher = {Morgan Kaufmann},
 title = {Efficient Domain-Independent Experimentation},
 year = {1993}
}
