@inproceedings{abe1994new,
  address = {New Brunswick, New Jersey, USA},
  author = {Abe, Naoki and Mamitsuka, Hiroshi},
  booktitle = {Machine Learning: Proceedings of the Eleventh International Conference},
  doi = {10.1016/B978-1-55860-335-6.50009-X},
  editor = {Cohen, William W. and Hirsh, Haym},
  month = {July},
  openalex = {W1573448432},
  pages = {3–11},
  publisher = {Morgan Kaufmann},
  title = {A New Method for Predicting Protein Secondary Structures Based on Stochastic Tree Grammars},
  year = {1994}
}

@inproceedings{aha1994learning,
  address = {New Brunswick, New Jersey, USA},
  author = {Aha, David W. and Lapointe, Stéphane and Ling, Charles X. and Matwin, Stan},
  booktitle = {Machine Learning: Proceedings of the Eleventh International Conference},
  doi = {10.1016/B978-1-55860-335-6.50010-6},
  editor = {Cohen, William W. and Hirsh, Haym},
  month = {July},
  openalex = {W1489316167},
  pages = {12–18},
  publisher = {Morgan Kaufmann},
  title = {Learning Recursive Relations with Randomly Selected Small Training Sets},
  year = {1994}
}

@inproceedings{asker1994improving,
  address = {New Brunswick, New Jersey, USA},
  author = {Asker, Lars},
  booktitle = {Machine Learning: Proceedings of the Eleventh International Conference},
  doi = {10.1016/B978-1-55860-335-6.50011-8},
  editor = {Cohen, William W. and Hirsh, Haym},
  month = {July},
  openalex = {W1513043698},
  pages = {19–27},
  publisher = {Morgan Kaufmann},
  title = {Improving Accuracy of Incorrect Domain Theories},
  year = {1994}
}

@inproceedings{caruana1994greedy,
  address = {New Brunswick, New Jersey, USA},
  author = {Caruana, Rich and Freitag, Dayne},
  booktitle = {Machine Learning: Proceedings of the Eleventh International Conference},
  doi = {10.1016/B978-1-55860-335-6.50012-0},
  editor = {Cohen, William W. and Hirsh, Haym},
  month = {July},
  openalex = {W1553244859},
  pages = {28–36},
  publisher = {Morgan Kaufmann},
  title = {Greedy Attribute Selection},
  year = {1994}
}

@inproceedings{craven1994using,
  address = {New Brunswick, New Jersey, USA},
  author = {Craven, Mark W. and Shavlik, Jude W.},
  booktitle = {Machine Learning: Proceedings of the Eleventh International Conference},
  doi = {10.1016/B978-1-55860-335-6.50013-1},
  editor = {Cohen, William W. and Hirsh, Haym},
  month = {July},
  openalex = {W1547466200},
  pages = {37–45},
  publisher = {Morgan Kaufmann},
  title = {Using Sampling and Queries to Extract Rules from Trained Neural Networks},
  year = {1994}
}

@inproceedings{drucker1994boosting,
  address = {New Brunswick, New Jersey, USA},
  author = {Drucker, Harris and Cortes, Corinna and Jackel, Lawrence D. and LeCun, Yann and Vapnik, Vladimir},
  booktitle = {Machine Learning: Proceedings of the Eleventh International Conference},
  doi = {10.1016/B978-1-55860-335-6.50015-5},
  editor = {Cohen, William W. and Hirsh, Haym},
  month = {July},
  openalex = {W1494780677},
  pages = {53–61},
  publisher = {Morgan Kaufmann},
  title = {Boosting and Other Machine Learning Algorithms},
  year = {1994}
}

@inproceedings{elomaa1994in,
  address = {New Brunswick, New Jersey, USA},
  author = {Elomaa, Tapio},
  booktitle = {Machine Learning: Proceedings of the Eleventh International Conference},
  doi = {10.1016/B978-1-55860-335-6.50016-7},
  editor = {Cohen, William W. and Hirsh, Haym},
  month = {July},
  openalex = {W1543415913},
  pages = {62–69},
  publisher = {Morgan Kaufmann},
  title = {In Defense of C4.5: Notes in Learning One-Level Decision Trees},
  year = {1994}
}

@inproceedings{fern1994frequencies,
  address = {New Brunswick, New Jersey, USA},
  author = {Fern, M. and Pereira, O. C. N.},
  booktitle = {Machine Learning: Proceedings of the Eleventh International Conference},
  doi = {10.1016/B978-1-55860-335-6.50053-2},
  editor = {Cohen, William W. and Hirsh, Haym},
  month = {July},
  pages = {380},
  publisher = {Morgan Kaufmann},
  title = {Frequencies vs. Biases: Machine Learning Problems in Natural Language Processing},
  year = {1994}
}

@inproceedings{fuernkranz1994incremental,
  address = {New Brunswick, New Jersey, USA},
  author = {Fü rnkranz, Johannes and Widmer, Gerhard},
  booktitle = {Machine Learning: Proceedings of the Eleventh International Conference},
  doi = {10.1016/B978-1-55860-335-6.50017-9},
  editor = {Cohen, William W. and Hirsh, Haym},
  month = {July},
  openalex = {W2111746072},
  pages = {70–77},
  publisher = {Morgan Kaufmann},
  title = {Incremental Reduced Error Pruning},
  year = {1994}
}

@inproceedings{gervasio1994incremental,
  address = {New Brunswick, New Jersey, USA},
  author = {Gervasio, Melinda T. and DeJong, Gerald},
  booktitle = {Machine Learning: Proceedings of the Eleventh International Conference},
  doi = {10.1016/B978-1-55860-335-6.50018-0},
  editor = {Cohen, William W. and Hirsh, Haym},
  month = {July},
  openalex = {W1602654873},
  pages = {78–86},
  publisher = {Morgan Kaufmann},
  title = {An Incremental Learning Approach for Completable Planning},
  year = {1994}
}

@inproceedings{giordana1994learning,
  address = {New Brunswick, New Jersey, USA},
  author = {Giordana, Attilio and Saitta, Lorenza and Zini, Floriano},
  booktitle = {Machine Learning: Proceedings of the Eleventh International Conference},
  doi = {10.1016/B978-1-55860-335-6.50020-9},
  editor = {Cohen, William W. and Hirsh, Haym},
  month = {July},
  openalex = {W1590733741},
  pages = {96–104},
  publisher = {Morgan Kaufmann},
  title = {Learning Disjunctive Concepts by Means of Genetic Algorithms},
  year = {1994}
}

@inproceedings{heger1994consideration,
  address = {New Brunswick, New Jersey, USA},
  author = {Heger, Matthias},
  booktitle = {Machine Learning: Proceedings of the Eleventh International Conference},
  doi = {10.1016/B978-1-55860-335-6.50021-0},
  editor = {Cohen, William W. and Hirsh, Haym},
  month = {July},
  openalex = {W134786152},
  pages = {105–111},
  publisher = {Morgan Kaufmann},
  title = {Consideration of Risk in Reinforcement Learning},
  year = {1994}
}

@inproceedings{hsu1994rule,
  address = {New Brunswick, New Jersey, USA},
  author = {Hsu, Chun-Nan and Knoblock, Craig A.},
  booktitle = {Machine Learning: Proceedings of the Eleventh International Conference},
  doi = {10.1016/B978-1-55860-335-6.50022-2},
  editor = {Cohen, William W. and Hirsh, Haym},
  month = {July},
  openalex = {W1559549152},
  pages = {112–120},
  publisher = {Morgan Kaufmann},
  title = {Rule Induction for Semantic Query Optimization},
  year = {1994}
}

@inproceedings{john1994irrelevant,
  address = {New Brunswick, New Jersey, USA},
  author = {John, George H. and Kohavi, Ron and Pfleger, Karl},
  booktitle = {Machine Learning: Proceedings of the Eleventh International Conference},
  doi = {10.1016/B978-1-55860-335-6.50023-4},
  editor = {Cohen, William W. and Hirsh, Haym},
  month = {July},
  openalex = {W1619226191},
  pages = {121–129},
  publisher = {Morgan Kaufmann},
  title = {Irrelevant Features and the Subset Selection Problem},
  year = {1994}
}

@inproceedings{jordan1994statistical,
  address = {New Brunswick, New Jersey, USA},
  author = {Jordan, Michael I.},
  booktitle = {Machine Learning: Proceedings of the Eleventh International Conference},
  doi = {10.1016/B978-1-55860-335-6.50051-9},
  editor = {Cohen, William W. and Hirsh, Haym},
  month = {July},
  openalex = {W2075450508},
  pages = {363–370},
  publisher = {Morgan Kaufmann},
  title = {A Statistical Approach to Decision Tree Modeling},
  year = {1994}
}

@inproceedings{kietz1994efficient,
  address = {New Brunswick, New Jersey, USA},
  author = {Kietz, Jörg-Uwe and Lübbe, Marcus},
  booktitle = {Machine Learning: Proceedings of the Eleventh International Conference},
  doi = {10.1016/B978-1-55860-335-6.50024-6},
  editor = {Cohen, William W. and Hirsh, Haym},
  month = {July},
  openalex = {W1528097745},
  pages = {130–138},
  publisher = {Morgan Kaufmann},
  title = {An Efficient Subsumption Algorithm for Inductive Logic Programming},
  year = {1994}
}

@inproceedings{koppel1994getting,
  address = {New Brunswick, New Jersey, USA},
  author = {Koppel, Moshe and Segre, Alberto Maria and Feldman, Ronen},
  booktitle = {Machine Learning: Proceedings of the Eleventh International Conference},
  doi = {10.1016/B978-1-55860-335-6.50025-8},
  editor = {Cohen, William W. and Hirsh, Haym},
  month = {July},
  pages = {139–147},
  publisher = {Morgan Kaufmann},
  title = {Getting the Most from Flawed Theories},
  year = {1994}
}

@inproceedings{lewis1994heterogeneous,
  address = {New Brunswick, New Jersey, USA},
  author = {Lewis, David D. and Catlett, Jason},
  booktitle = {Machine Learning: Proceedings of the Eleventh International Conference},
  doi = {10.1016/B978-1-55860-335-6.50026-0},
  editor = {Cohen, William W. and Hirsh, Haym},
  month = {July},
  openalex = {W1513874326},
  pages = {148–156},
  publisher = {Morgan Kaufmann},
  title = {Heterogeneous Uncertainty Sampling for Supervised Learning},
  year = {1994}
}

@inproceedings{littman1994markov,
  address = {New Brunswick, New Jersey, USA},
  author = {Littman, Michael L.},
  booktitle = {Machine Learning: Proceedings of the Eleventh International Conference},
  doi = {10.1016/B978-1-55860-335-6.50027-1},
  editor = {Cohen, William W. and Hirsh, Haym},
  month = {July},
  openalex = {W1542941925},
  pages = {157–163},
  publisher = {Morgan Kaufmann},
  title = {Markov Games as a Framework for Multi-Agent Reinforcement Learning},
  year = {1994}
}

@inproceedings{mahadevan1994to,
  address = {New Brunswick, New Jersey, USA},
  author = {Mahadevan, Sridhar},
  booktitle = {Machine Learning: Proceedings of the Eleventh International Conference},
  doi = {10.1016/B978-1-55860-335-6.50028-3},
  editor = {Cohen, William W. and Hirsh, Haym},
  month = {July},
  openalex = {W1605318140},
  pages = {164–172},
  publisher = {Morgan Kaufmann},
  title = {To Discount or Not to Discount in Reinforcement Learning: A Case Study Comparing R Learning and Q Learning},
  year = {1994}
}

@inproceedings{mahoney1994comparing,
  address = {New Brunswick, New Jersey, USA},
  author = {Mahoney, J. Jeffrey and Mooney, Raymond J.},
  booktitle = {Machine Learning: Proceedings of the Eleventh International Conference},
  doi = {10.1016/B978-1-55860-335-6.50029-5},
  editor = {Cohen, William W. and Hirsh, Haym},
  month = {July},
  openalex = {W2153755418},
  pages = {173–180},
  publisher = {Morgan Kaufmann},
  title = {Comparing Methods for Refining Certainty-Factor Rule-Bases},
  year = {1994}
}

@inproceedings{mataric1994reward,
  address = {New Brunswick, New Jersey, USA},
  author = {Mataric, Maja J.},
  booktitle = {Machine Learning: Proceedings of the Eleventh International Conference},
  doi = {10.1016/B978-1-55860-335-6.50030-1},
  editor = {Cohen, William W. and Hirsh, Haym},
  month = {July},
  openalex = {W2198041288},
  pages = {181–189},
  publisher = {Morgan Kaufmann},
  title = {Reward Functions for Accelerated Learning},
  year = {1994}
}

@inproceedings{moore1994efficient,
  address = {New Brunswick, New Jersey, USA},
  author = {Moore, Andrew W. and Lee, Mary S.},
  booktitle = {Machine Learning: Proceedings of the Eleventh International Conference},
  doi = {10.1016/B978-1-55860-335-6.50031-3},
  editor = {Cohen, William W. and Hirsh, Haym},
  month = {July},
  openalex = {W1533544838},
  pages = {190–198},
  publisher = {Morgan Kaufmann},
  title = {Efficient Algorithms for Minimizing Cross Validation Error},
  year = {1994}
}

@inproceedings{muggleton1994bayesian,
  address = {New Brunswick, New Jersey, USA},
  author = {Muggleton, Stephen H.},
  booktitle = {Machine Learning: Proceedings of the Eleventh International Conference},
  doi = {10.1016/B978-1-55860-335-6.50052-0},
  editor = {Cohen, William W. and Hirsh, Haym},
  month = {July},
  openalex = {W1965254321},
  pages = {371–379},
  publisher = {Morgan Kaufmann},
  title = {Bayesian Inductive Logic Programming},
  year = {1994}
}

@inproceedings{murphy1994revision,
  address = {New Brunswick, New Jersey, USA},
  author = {Murphy, Patrick M. and Pazzani, Michael J.},
  booktitle = {Machine Learning: Proceedings of the Eleventh International Conference},
  doi = {10.1016/B978-1-55860-335-6.50032-5},
  editor = {Cohen, William W. and Hirsh, Haym},
  month = {July},
  openalex = {W1621412241},
  pages = {199–207},
  publisher = {Morgan Kaufmann},
  title = {Revision of Production System Rule-Bases},
  year = {1994}
}

@inproceedings{opitz1994using,
  address = {New Brunswick, New Jersey, USA},
  author = {Opitz, David W. and Shavlik, Jude W.},
  booktitle = {Machine Learning: Proceedings of the Eleventh International Conference},
  doi = {10.1016/B978-1-55860-335-6.50033-7},
  editor = {Cohen, William W. and Hirsh, Haym},
  month = {July},
  openalex = {W1480227029},
  pages = {208–216},
  publisher = {Morgan Kaufmann},
  title = {Using Genetic Search to Refine Knowledge-based Neural Networks},
  year = {1994}
}

@inproceedings{pazzani1994reducing,
  address = {New Brunswick, New Jersey, USA},
  author = {Pazzani, Michael J. and Merz, Christopher J. and Murphy, Patrick M. and Ali, Kamal M. and Hume, Timothy and Brunk, Clifford},
  booktitle = {Machine Learning: Proceedings of the Eleventh International Conference},
  doi = {10.1016/B978-1-55860-335-6.50034-9},
  editor = {Cohen, William W. and Hirsh, Haym},
  month = {July},
  openalex = {W1595468493},
  pages = {217–225},
  publisher = {Morgan Kaufmann},
  title = {Reducing Misclassification Costs},
  year = {1994}
}

@inproceedings{peng1994incremental,
  address = {New Brunswick, New Jersey, USA},
  author = {Peng, Jing and Williams, Ronald J.},
  booktitle = {Machine Learning: Proceedings of the Eleventh International Conference},
  doi = {10.1016/B978-1-55860-335-6.50035-0},
  editor = {Cohen, William W. and Hirsh, Haym},
  month = {July},
  openalex = {W2610686804},
  pages = {226–232},
  publisher = {Morgan Kaufmann},
  title = {Incremental Multi-Step Q-Learning},
  year = {1994}
}

@inproceedings{quinlan1994minimum,
  address = {New Brunswick, New Jersey, USA},
  author = {Quinlan, J. Ross},
  booktitle = {Machine Learning: Proceedings of the Eleventh International Conference},
  doi = {10.1016/B978-1-55860-335-6.50036-2},
  editor = {Cohen, William W. and Hirsh, Haym},
  month = {July},
  pages = {233–241},
  publisher = {Morgan Kaufmann},
  title = {The Minimum Description Length Principle and Categorical Theories},
  year = {1994}
}

@inproceedings{rachlin1994towards,
  address = {New Brunswick, New Jersey, USA},
  author = {Rachlin, John and Kasif, Simon and Salzberg, Steven and Aha, David W.},
  booktitle = {Machine Learning: Proceedings of the Eleventh International Conference},
  doi = {10.1016/B978-1-55860-335-6.50037-4},
  editor = {Cohen, William W. and Hirsh, Haym},
  month = {July},
  openalex = {W1554487294},
  pages = {242–250},
  publisher = {Morgan Kaufmann},
  title = {Towards a Better Understanding of Memory-based Reasoning Systems},
  year = {1994}
}

@inproceedings{rosca1994hierarchical,
  address = {New Brunswick, New Jersey, USA},
  author = {Rosca, Justinian P. and Ballard, Dana H.},
  booktitle = {Machine Learning: Proceedings of the Eleventh International Conference},
  doi = {10.1016/B978-1-55860-335-6.50038-6},
  editor = {Cohen, William W. and Hirsh, Haym},
  month = {July},
  openalex = {W1519324360},
  pages = {251–258},
  publisher = {Morgan Kaufmann},
  title = {Hierarchical Self-Organization in Genetic Programming},
  year = {1994}
}

@inproceedings{schaffer1994conservation,
  address = {New Brunswick, New Jersey, USA},
  author = {Schaffer, Cullen},
  booktitle = {Machine Learning: Proceedings of the Eleventh International Conference},
  doi = {10.1016/B978-1-55860-335-6.50039-8},
  editor = {Cohen, William W. and Hirsh, Haym},
  month = {July},
  openalex = {W2107844279},
  pages = {259–265},
  publisher = {Morgan Kaufmann},
  title = {A Conservation Law for Generalization Performance},
  year = {1994}
}

@inproceedings{schapire1994on,
  address = {New Brunswick, New Jersey, USA},
  author = {Schapire, Robert E. and Warmuth, Manfred K.},
  booktitle = {Machine Learning: Proceedings of the Eleventh International Conference},
  doi = {10.1016/B978-1-55860-335-6.50040-4},
  editor = {Cohen, William W. and Hirsh, Haym},
  month = {July},
  openalex = {W1976578332},
  pages = {266–274},
  publisher = {Morgan Kaufmann},
  title = {On the Worst-Case Analysis of Temporal-Difference Learning Algorithms},
  year = {1994}
}

@inproceedings{sebag1994constraintbased,
  address = {New Brunswick, New Jersey, USA},
  author = {Sebag, Michèle},
  booktitle = {Machine Learning: Proceedings of the Eleventh International Conference},
  doi = {10.1016/B978-1-55860-335-6.50041-6},
  editor = {Cohen, William W. and Hirsh, Haym},
  month = {July},
  openalex = {W1510303370},
  pages = {275–283},
  publisher = {Morgan Kaufmann},
  title = {A Constraint-based Induction Algorithm in FOL},
  year = {1994}
}

@inproceedings{singh1994learning,
  address = {New Brunswick, New Jersey, USA},
  author = {Singh, Satinder P. and Jaakkola, Tommi S. and Jordan, Michael I.},
  booktitle = {Machine Learning: Proceedings of the Eleventh International Conference},
  doi = {10.1016/B978-1-55860-335-6.50042-8},
  editor = {Cohen, William W. and Hirsh, Haym},
  month = {July},
  openalex = {W1541084404},
  pages = {284–292},
  publisher = {Morgan Kaufmann},
  title = {Learning Without State-Estimation in Partially Observable Markovian Decision Processes},
  year = {1994}
}

@inproceedings{skalak1994prototype,
  address = {New Brunswick, New Jersey, USA},
  author = {Skalak, David B.},
  booktitle = {Machine Learning: Proceedings of the Eleventh International Conference},
  doi = {10.1016/B978-1-55860-335-6.50043-0},
  editor = {Cohen, William W. and Hirsh, Haym},
  month = {July},
  openalex = {W1571061365},
  pages = {293–301},
  publisher = {Morgan Kaufmann},
  title = {Prototype and Feature Selection by Sampling and Random Mutation Hill Climbing Algorithms},
  year = {1994}
}

@inproceedings{tchoumatchenko1994bayesian,
  address = {New Brunswick, New Jersey, USA},
  author = {Tchoumatchenko, Irina and Ganascia, Jean-Gabriel},
  booktitle = {Machine Learning: Proceedings of the Eleventh International Conference},
  doi = {10.1016/B978-1-55860-335-6.50044-1},
  editor = {Cohen, William W. and Hirsh, Haym},
  month = {July},
  openalex = {W1520833703},
  pages = {302–308},
  publisher = {Morgan Kaufmann},
  title = {A Bayesian Framework to Integrate Symbolic and Neural Learning},
  year = {1994}
}

@inproceedings{tham1994modular,
  address = {New Brunswick, New Jersey, USA},
  author = {Tham, Chen-Khong and Prager, Richard W.},
  booktitle = {Machine Learning: Proceedings of the Eleventh International Conference},
  doi = {10.1016/B978-1-55860-335-6.50045-3},
  editor = {Cohen, William W. and Hirsh, Haym},
  month = {July},
  openalex = {W1531886263},
  pages = {309–317},
  publisher = {Morgan Kaufmann},
  title = {A Modular Q-Learning Architecture for Manipulator Task Decomposition},
  year = {1994}
}

@inproceedings{utgoff1994improved,
  address = {New Brunswick, New Jersey, USA},
  author = {Utgoff, Paul E.},
  booktitle = {Machine Learning: Proceedings of the Eleventh International Conference},
  doi = {10.1016/B978-1-55860-335-6.50046-5},
  editor = {Cohen, William W. and Hirsh, Haym},
  month = {July},
  openalex = {W2160245746},
  pages = {318–325},
  publisher = {Morgan Kaufmann},
  title = {An Improved Algorithm for Incremental Induction of Decision Trees},
  year = {1994}
}

@inproceedings{valdesperez1994powerful,
  address = {New Brunswick, New Jersey, USA},
  author = {Valdés-Pérez, Raúl E. and Pérez, Aurora},
  booktitle = {Machine Learning: Proceedings of the Eleventh International Conference},
  doi = {10.1016/B978-1-55860-335-6.50047-7},
  editor = {Cohen, William W. and Hirsh, Haym},
  month = {July},
  pages = {326–334},
  publisher = {Morgan Kaufmann},
  title = {A Powerful Heuristic for the Discovery of Complex Patterned Behaviour},
  year = {1994}
}

@inproceedings{weiss1994small,
  address = {New Brunswick, New Jersey, USA},
  author = {Weiss, Sholom M. and Indurkhya, Nitin},
  booktitle = {Machine Learning: Proceedings of the Eleventh International Conference},
  doi = {10.1016/B978-1-55860-335-6.50048-9},
  editor = {Cohen, William W. and Hirsh, Haym},
  month = {July},
  openalex = {W1510399134},
  pages = {335–342},
  publisher = {Morgan Kaufmann},
  title = {Small Sample Decision Tree Pruning},
  year = {1994}
}

@inproceedings{yol1994learning,
  address = {New Brunswick, New Jersey, USA},
  author = {Yol, and Gil, a},
  booktitle = {Machine Learning: Proceedings of the Eleventh International Conference},
  doi = {10.1016/B978-1-55860-335-6.50019-2},
  editor = {Cohen, William W. and Hirsh, Haym},
  month = {July},
  openalex = {W1552549180},
  pages = {87–95},
  publisher = {Morgan Kaufmann},
  title = {Learning by Experimentation: Incremental Refinement of Incomplete Planning Domains},
  year = {1994}
}

@inproceedings{zelle1994combining,
  address = {New Brunswick, New Jersey, USA},
  author = {Zelle, John M. and Mooney, Raymond J. and Konvisser, Joshua B.},
  booktitle = {Machine Learning: Proceedings of the Eleventh International Conference},
  doi = {10.1016/B978-1-55860-335-6.50049-0},
  editor = {Cohen, William W. and Hirsh, Haym},
  month = {July},
  openalex = {W1877678056},
  pages = {343–351},
  publisher = {Morgan Kaufmann},
  title = {Combining Top-Down and Bottom-Up Techniques in Inductive Logic Programming},
  year = {1994}
}

@inproceedings{zucker1994selective,
  address = {New Brunswick, New Jersey, USA},
  author = {Zucker, Jean-Daniel and Ganascia, Jean-Gabriel},
  booktitle = {Machine Learning: Proceedings of the Eleventh International Conference},
  doi = {10.1016/B978-1-55860-335-6.50050-7},
  editor = {Cohen, William W. and Hirsh, Haym},
  month = {July},
  openalex = {W1700909},
  pages = {352–360},
  publisher = {Morgan Kaufmann},
  title = {Selective Reformulation of Examples in Concept Learning},
  year = {1994}
}
