@inproceedings{abe1995online,
  address =      {Tahoe City, California, USA},
  author =       {Abe, Naoki and Li, Hang and Nakamura, Atsuyoshi},
  booktitle =    {Machine Learning: Proceedings of the Twelfth
                  International Conference},
  doi =          {10.1016/B978-1-55860-377-6.50010-4},
  editor =       {Arm, and Prieditis, and Russell, Stuart},
  month =        {July},
  pages =        {3--11},
  publisher =    {Morgan Kaufmann},
  title =        {On-line Learning of Binary Lexical Relations Using
                  Two-dimensional Weighted Majority Algorithms},
  year =         1995
}

@inproceedings{almuallim1995on,
  address =      {Tahoe City, California, USA},
  author =       {Almuallim, Hussein and Akiba, Yasuhiro and Kaneda,
                  Shigeo},
  booktitle =    {Machine Learning: Proceedings of the Twelfth
                  International Conference},
  doi =          {10.1016/B978-1-55860-377-6.50011-6},
  editor =       {Arm, and Prieditis, and Russell, Stuart},
  month =        {July},
  pages =        {12--20},
  publisher =    {Morgan Kaufmann},
  title =        {On Handling Tree-Structured Attributed in Decision
                  Tree Learning},
  year =         1995
}

@inproceedings{auer1995theory,
  address =      {Tahoe City, California, USA},
  author =       {Auer, Peter and Holte, Robert C. and Maass,
                  Wolfgang},
  booktitle =    {Machine Learning: Proceedings of the Twelfth
                  International Conference},
  doi =          {10.1016/B978-1-55860-377-6.50012-8},
  editor =       {Arm, and Prieditis, and Russell, Stuart},
  month =        {July},
  pages =        {21--29},
  publisher =    {Morgan Kaufmann},
  title =        {Theory and Applications of Agnostic PAC-Learning
                  with Small Decision Trees},
  year =         1995
}

@inproceedings{baird1995residual,
  address =      {Tahoe City, California, USA},
  author =       {Baird, Leemon C. III},
  booktitle =    {Machine Learning: Proceedings of the Twelfth
                  International Conference},
  doi =          {10.1016/B978-1-55860-377-6.50013-X},
  editor =       {Arm, and Prieditis, and Russell, Stuart},
  month =        {July},
  pages =        {30--37},
  publisher =    {Morgan Kaufmann},
  title =        {Residual Algorithms: Reinforcement Learning with
                  Function Approximation},
  year =         1995
}

@inproceedings{baluja1995removing,
  address =      {Tahoe City, California, USA},
  author =       {Baluja, Shumeet and Caruana, Rich},
  booktitle =    {Machine Learning: Proceedings of the Twelfth
                  International Conference},
  doi =          {10.1016/B978-1-55860-377-6.50014-1},
  editor =       {Arm, and Prieditis, and Russell, Stuart},
  month =        {July},
  pages =        {38--46},
  publisher =    {Morgan Kaufmann},
  title =        {Removing the Genetics from the Standard Genetic
                  Algorithm},
  year =         1995
}

@inproceedings{benson1995inductive,
  address =      {Tahoe City, California, USA},
  author =       {Benson, Scott},
  booktitle =    {Machine Learning: Proceedings of the Twelfth
                  International Conference},
  doi =          {10.1016/B978-1-55860-377-6.50015-3},
  editor =       {Arm, and Prieditis, and Russell, Stuart},
  month =        {July},
  pages =        {47--54},
  publisher =    {Morgan Kaufmann},
  title =        {Inductive Learning of Reactive Action Models},
  year =         1995
}

@inproceedings{blackmore1995visualizing,
  address =      {Tahoe City, California, USA},
  author =       {Blackmore, Justine and Miikkulainen, Risto},
  booktitle =    {Machine Learning: Proceedings of the Twelfth
                  International Conference},
  doi =          {10.1016/B978-1-55860-377-6.50016-5},
  editor =       {Arm, and Prieditis, and Russell, Stuart},
  month =        {July},
  pages =        {55--63},
  publisher =    {Morgan Kaufmann},
  title =        {Visualizing High-Dimensional Structure with the
                  Incremental Grid Growing Neural Network},
  year =         1995
}

@inproceedings{blum1995empirical,
  address =      {Tahoe City, California, USA},
  author =       {Blum, Avrim},
  booktitle =    {Machine Learning: Proceedings of the Twelfth
                  International Conference},
  doi =          {10.1016/B978-1-55860-377-6.50017-7},
  editor =       {Arm, and Prieditis, and Russell, Stuart},
  month =        {July},
  pages =        {64--72},
  publisher =    {Morgan Kaufmann},
  title =        {Empirical Support for Winnow and Weighted-Majority
                  Based Algorithms: Results on a Calendar Scheduling
                  Domain},
  year =         1995
}

@inproceedings{brodley1995automatic,
  address =      {Tahoe City, California, USA},
  author =       {Brodley, Carla E.},
  booktitle =    {Machine Learning: Proceedings of the Twelfth
                  International Conference},
  doi =          {10.1016/B978-1-55860-377-6.50018-9},
  editor =       {Arm, and Prieditis, and Russell, Stuart},
  month =        {July},
  pages =        {73--80},
  publisher =    {Morgan Kaufmann},
  title =        {Automatic Selection of Split Criterion during Tree
                  Growing Based on Node Location},
  year =         1995
}

@inproceedings{brunk1995lexical,
  address =      {Tahoe City, California, USA},
  author =       {Brunk, Clifford and Pazzani, Michael J.},
  booktitle =    {Machine Learning: Proceedings of the Twelfth
                  International Conference},
  doi =          {10.1016/B978-1-55860-377-6.50019-0},
  editor =       {Arm, and Prieditis, and Russell, Stuart},
  month =        {July},
  pages =        {81--89},
  publisher =    {Morgan Kaufmann},
  title =        {A Lexical Based Semantic Bias for Theory Revision},
  year =         1995
}

@inproceedings{chan1995comparative,
  address =      {Tahoe City, California, USA},
  author =       {Chan, Philip K. and Stolfo, Salvatore J.},
  booktitle =    {Machine Learning: Proceedings of the Twelfth
                  International Conference},
  doi =          {10.1016/B978-1-55860-377-6.50020-7},
  editor =       {Arm, and Prieditis, and Russell, Stuart},
  month =        {July},
  pages =        {90--98},
  publisher =    {Morgan Kaufmann},
  title =        {A Comparative Evaluation of Voting and Meta-learning
                  on Partitioned Data},
  year =         1995
}

@inproceedings{cichosz1995fast,
  address =      {Tahoe City, California, USA},
  author =       {Cichosz, Pawel and Mulawka, Jan J.},
  booktitle =    {Machine Learning: Proceedings of the Twelfth
                  International Conference},
  doi =          {10.1016/B978-1-55860-377-6.50021-9},
  editor =       {Arm, and Prieditis, and Russell, Stuart},
  month =        {July},
  pages =        {99--107},
  publisher =    {Morgan Kaufmann},
  title =        {Fast and Efficient Reinforcement Learning with
                  Truncated Temporal Differences},
  year =         1995
}

@inproceedings{cleary1995kstar,
  address =      {Tahoe City, California, USA},
  author =       {Cleary, John G. and Trigg, Leonard E.},
  booktitle =    {Machine Learning: Proceedings of the Twelfth
                  International Conference},
  doi =          {10.1016/B978-1-55860-377-6.50022-0},
  editor =       {Arm, and Prieditis, and Russell, Stuart},
  month =        {July},
  pages =        {108--114},
  publisher =    {Morgan Kaufmann},
  title =        {K* : An Instance-based Learner Using an Entropic
                  Distance Measure},
  year =         1995
}

@inproceedings{cohen1995fast,
  address =      {Tahoe City, California, USA},
  author =       {Cohen, William W.},
  booktitle =    {Machine Learning: Proceedings of the Twelfth
                  International Conference},
  doi =          {10.1016/B978-1-55860-377-6.50023-2},
  editor =       {Arm, and Prieditis, and Russell, Stuart},
  month =        {July},
  pages =        {115--123},
  publisher =    {Morgan Kaufmann},
  title =        {Fast Effective Rule Induction},
  year =         1995
}

@inproceedings{cohen1995text,
  address =      {Tahoe City, California, USA},
  author =       {Cohen, William W.},
  booktitle =    {Machine Learning: Proceedings of the Twelfth
                  International Conference},
  doi =          {10.1016/B978-1-55860-377-6.50024-4},
  editor =       {Arm, and Prieditis, and Russell, Stuart},
  month =        {July},
  pages =        {124--132},
  publisher =    {Morgan Kaufmann},
  title =        {Text Categorization and Relational Learning},
  year =         1995
}

@inproceedings{craw1995protein,
  address =      {Tahoe City, California, USA},
  author =       {Craw, Susan and Hutton, Paul},
  booktitle =    {Machine Learning: Proceedings of the Twelfth
                  International Conference},
  doi =          {10.1016/B978-1-55860-377-6.50025-6},
  editor =       {Arm, and Prieditis, and Russell, Stuart},
  month =        {July},
  pages =        {133--141},
  publisher =    {Morgan Kaufmann},
  title =        {Protein Folding: Symbolic Refinement Competes with
                  Neural Networks},
  year =         1995
}

@inproceedings{croft1995machine,
  address =      {Tahoe City, California, USA},
  author =       {Croft, W. Bruce},
  booktitle =    {Machine Learning: Proceedings of the Twelfth
                  International Conference},
  doi =          {10.1016/B978-1-55860-377-6.50078-5},
  editor =       {Arm and Prieditis and Russell, Stuart},
  month =        {July},
  pages =        587,
  publisher =    {Morgan Kaufmann},
  title =        {Machine Learning and Information Retrieval
                  (Abstract)},
  year =         1995
}

@inproceedings{cussens1995bayesian,
  address =      {Tahoe City, California, USA},
  author =       {Cussens, James},
  booktitle =    {Machine Learning: Proceedings of the Twelfth
                  International Conference},
  doi =          {10.1016/B978-1-55860-377-6.50026-8},
  editor =       {Arm, and Prieditis, and Russell, Stuart},
  month =        {July},
  pages =        {142--149},
  publisher =    {Morgan Kaufmann},
  title =        {A Bayesian Analysis of Algorithms for Learning
                  Finite Functions},
  year =         1995
}

@inproceedings{dagan1995committeebased,
  address =      {Tahoe City, California, USA},
  author =       {Dagan, Ido and Engelson, Sean P.},
  booktitle =    {Machine Learning: Proceedings of the Twelfth
                  International Conference},
  doi =          {10.1016/B978-1-55860-377-6.50027-X},
  editor =       {Arm, and Prieditis, and Russell, Stuart},
  month =        {July},
  pages =        {150--157},
  publisher =    {Morgan Kaufmann},
  title =        {Committee-Based Sampling For Training Probabilistic
                  Classifiers},
  year =         1995
}

@inproceedings{datta1995learning,
  address =      {Tahoe City, California, USA},
  author =       {Datta, Piew and Kibler, Dennis F.},
  booktitle =    {Machine Learning: Proceedings of the Twelfth
                  International Conference},
  doi =          {10.1016/B978-1-55860-377-6.50028-1},
  editor =       {Arm, and Prieditis, and Russell, Stuart},
  month =        {July},
  pages =        {158--166},
  publisher =    {Morgan Kaufmann},
  title =        {Learning Prototypical Concept Descriptions},
  year =         1995
}

@inproceedings{dejong1995case,
  address =      {Tahoe City, California, USA},
  author =       {DeJong, Gerald},
  booktitle =    {Machine Learning: Proceedings of the Twelfth
                  International Conference},
  doi =          {10.1016/B978-1-55860-377-6.50029-3},
  editor =       {Arm, and Prieditis, and Russell, Stuart},
  month =        {July},
  pages =        {167--175},
  publisher =    {Morgan Kaufmann},
  title =        {A Case Study of Explanation-Based Control},
  year =         1995
}

@inproceedings{dietterich1995explanationbased,
  address =      {Tahoe City, California, USA},
  author =       {Dietterich, Thomas G. and Flann, Nicholas S.},
  booktitle =    {Machine Learning: Proceedings of the Twelfth
                  International Conference},
  doi =          {10.1016/B978-1-55860-377-6.50030-X},
  editor =       {Arm, and Prieditis, and Russell, Stuart},
  month =        {July},
  pages =        {176--184},
  publisher =    {Morgan Kaufmann},
  title =        {Explanation-Based Learning and Reinforcement
                  Learning: A Unified View},
  year =         1995
}

@inproceedings{donoho1995lessons,
  address =      {Tahoe City, California, USA},
  author =       {Donoho, Steven K. and Rendell, Larry A.},
  booktitle =    {Machine Learning: Proceedings of the Twelfth
                  International Conference},
  doi =          {10.1016/B978-1-55860-377-6.50031-1},
  editor =       {Arm, and Prieditis, and Russell, Stuart},
  month =        {July},
  pages =        {185--193},
  publisher =    {Morgan Kaufmann},
  title =        {Lessons from Theory Revision Applied to Constructive
                  Induction},
  year =         1995
}

@inproceedings{dougherty1995supervised,
  address =      {Tahoe City, California, USA},
  author =       {Dougherty, James and Kohavi, Ron and Sahami, Mehran},
  booktitle =    {Machine Learning: Proceedings of the Twelfth
                  International Conference},
  doi =          {10.1016/B978-1-55860-377-6.50032-3},
  editor =       {Arm, and Prieditis, and Russell, Stuart},
  month =        {July},
  pages =        {194--202},
  publisher =    {Morgan Kaufmann},
  title =        {Supervised and Unsupervised Discretization of
                  Continuous Features},
  year =         1995
}

@inproceedings{drakopoulos1995bounds,
  address =      {Tahoe City, California, USA},
  author =       {Drakopoulos, John A.},
  booktitle =    {Machine Learning: Proceedings of the Twelfth
                  International Conference},
  doi =          {10.1016/B978-1-55860-377-6.50033-5},
  editor =       {Arm, and Prieditis, and Russell, Stuart},
  month =        {July},
  pages =        {203--208},
  publisher =    {Morgan Kaufmann},
  title =        {Bounds on the Classification Error of the Nearest
                  Neighbor Rule},
  year =         1995
}

@inproceedings{duff1995qlearning,
  address =      {Tahoe City, California, USA},
  author =       {Duff, Michael O.},
  booktitle =    {Machine Learning: Proceedings of the Twelfth
                  International Conference},
  doi =          {10.1016/B978-1-55860-377-6.50034-7},
  editor =       {Arm, and Prieditis, and Russell, Stuart},
  month =        {July},
  pages =        {209--217},
  publisher =    {Morgan Kaufmann},
  title =        {Q-Learning for Bandit Problems},
  year =         1995
}

@inproceedings{engelson1995distilling,
  address =      {Tahoe City, California, USA},
  author =       {Engelson, Sean P. and Koppel, Moshe},
  booktitle =    {Machine Learning: Proceedings of the Twelfth
                  International Conference},
  doi =          {10.1016/B978-1-55860-377-6.50035-9},
  editor =       {Arm, and Prieditis, and Russell, Stuart},
  month =        {July},
  pages =        {218--225},
  publisher =    {Morgan Kaufmann},
  title =        {Distilling Reliable Information From Unreliable
                  Theories},
  year =         1995
}

@inproceedings{fong1995quantitative,
  address =      {Tahoe City, California, USA},
  author =       {Fong, Philip W. L.},
  booktitle =    {Machine Learning: Proceedings of the Twelfth
                  International Conference},
  doi =          {10.1016/B978-1-55860-377-6.50036-0},
  editor =       {Arm, and Prieditis, and Russell, Stuart},
  month =        {July},
  pages =        {226--234},
  publisher =    {Morgan Kaufmann},
  title =        {A Quantitative Study of Hypothesis Selection},
  year =         1995
}

@inproceedings{fuchs1995learning,
  address =      {Tahoe City, California, USA},
  author =       {Fuchs, Matthias},
  booktitle =    {Machine Learning: Proceedings of the Twelfth
                  International Conference},
  doi =          {10.1016/B978-1-55860-377-6.50037-2},
  editor =       {Arm, and Prieditis, and Russell, Stuart},
  month =        {July},
  pages =        {235--243},
  publisher =    {Morgan Kaufmann},
  title =        {Learning Proof Heuristics by Adaptive Parameters},
  year =         1995
}

@inproceedings{fulton1995efficient,
  address =      {Tahoe City, California, USA},
  author =       {Fulton, Truxton and Kasif, Simon and Salzberg,
                  Steven},
  booktitle =    {Machine Learning: Proceedings of the Twelfth
                  International Conference},
  doi =          {10.1016/B978-1-55860-377-6.50038-4},
  editor =       {Arm, and Prieditis, and Russell, Stuart},
  month =        {July},
  pages =        {244--251},
  publisher =    {Morgan Kaufmann},
  title =        {Efficient Algorithms for Finding Multi-way Splits
                  for Decision Trees},
  year =         1995
}

@inproceedings{gambardella1995antq,
  address =      {Tahoe City, California, USA},
  author =       {Gambardella, Luca Maria and Dorigo, Marco},
  booktitle =    {Machine Learning: Proceedings of the Twelfth
                  International Conference},
  doi =          {10.1016/B978-1-55860-377-6.50039-6},
  editor =       {Arm, and Prieditis, and Russell, Stuart},
  month =        {July},
  pages =        {252--260},
  publisher =    {Morgan Kaufmann},
  title =        {Ant-Q: A Reinforcement Learning Approach to the
                  Traveling Salesman Problem},
  year =         1995
}

@inproceedings{gordon1995stable,
  address =      {Tahoe City, California, USA},
  author =       {Gordon, Geoffrey J.},
  booktitle =    {Machine Learning: Proceedings of the Twelfth
                  International Conference},
  doi =          {10.1016/B978-1-55860-377-6.50040-2},
  editor =       {Arm, and Prieditis, and Russell, Stuart},
  month =        {July},
  pages =        {261--268},
  publisher =    {Morgan Kaufmann},
  title =        {Stable Function Approximation in Dynamic
                  Programming},
  year =         1995
}

@inproceedings{greiner1995challenge,
  address =      {Tahoe City, California, USA},
  author =       {Greiner, Russell},
  booktitle =    {Machine Learning: Proceedings of the Twelfth
                  International Conference},
  doi =          {10.1016/B978-1-55860-377-6.50041-4},
  editor =       {Arm, and Prieditis, and Russell, Stuart},
  month =        {July},
  pages =        {269--277},
  publisher =    {Morgan Kaufmann},
  title =        {The Challenge of Revising an Impure Theory},
  year =         1995
}

@inproceedings{heckerman1995learning,
  address =      {Tahoe City, California, USA},
  author =       {Heckerman, David},
  booktitle =    {Machine Learning: Proceedings of the Twelfth
                  International Conference},
  doi =          {10.1016/B978-1-55860-377-6.50079-7},
  editor =       {Arm and Prieditis and Russell, Stuart},
  month =        {July},
  pages =        588,
  publisher =    {Morgan Kaufmann},
  title =        {Learning With Bayesian Networks (Abstract)},
  year =         1995
}

@inproceedings{hekanaho1995symbiosis,
  address =      {Tahoe City, California, USA},
  author =       {Hekanaho, Jukka},
  booktitle =    {Machine Learning: Proceedings of the Twelfth
                  International Conference},
  doi =          {10.1016/B978-1-55860-377-6.50042-6},
  editor =       {Arm, and Prieditis, and Russell, Stuart},
  month =        {July},
  pages =        {278--285},
  publisher =    {Morgan Kaufmann},
  title =        {Symbiosis in Multimodal Concept Learning},
  year =         1995
}

@inproceedings{herbster1995tracking,
  address =      {Tahoe City, California, USA},
  author =       {Herbster, Mark and Warmuth, Manfred K.},
  booktitle =    {Machine Learning: Proceedings of the Twelfth
                  International Conference},
  doi =          {10.1016/B978-1-55860-377-6.50043-8},
  editor =       {Arm, and Prieditis, and Russell, Stuart},
  month =        {July},
  pages =        {286--294},
  publisher =    {Morgan Kaufmann},
  title =        {Tracking the Best Expert},
  year =         1995
}

@inproceedings{kimura1995reinforcement,
  address =      {Tahoe City, California, USA},
  author =       {Kimura, Hajime and Yamamura, Masayuki and Kobayashi,
                  Shigenobu},
  booktitle =    {Machine Learning: Proceedings of the Twelfth
                  International Conference},
  doi =          {10.1016/B978-1-55860-377-6.50044-X},
  editor =       {Arm, and Prieditis, and Russell, Stuart},
  month =        {July},
  pages =        {295--303},
  publisher =    {Morgan Kaufmann},
  title =        {Reinforcement Learning by Stochastic Hill Climbing
                  on Discounted Reward},
  year =         1995
}

@inproceedings{kohavi1995automatic,
  address =      {Tahoe City, California, USA},
  author =       {Kohavi, Ron and John, George H.},
  booktitle =    {Machine Learning: Proceedings of the Twelfth
                  International Conference},
  doi =          {10.1016/B978-1-55860-377-6.50045-1},
  editor =       {Arm, and Prieditis, and Russell, Stuart},
  month =        {July},
  pages =        {304--312},
  publisher =    {Morgan Kaufmann},
  title =        {Automatic Parameter Selection by Minimizing
                  Estimated Error},
  year =         1995
}

@inproceedings{kong1995errorcorrecting,
  address =      {Tahoe City, California, USA},
  author =       {Kong, Eun Bae and Dietterich, Thomas G.},
  booktitle =    {Machine Learning: Proceedings of the Twelfth
                  International Conference},
  doi =          {10.1016/B978-1-55860-377-6.50046-3},
  editor =       {Arm, and Prieditis, and Russell, Stuart},
  month =        {July},
  pages =        {313--321},
  publisher =    {Morgan Kaufmann},
  title =        {Error-Correcting Output Coding Corrects Bias and
                  Variance},
  year =         1995
}

@inproceedings{krishnan1995learning,
  address =      {Tahoe City, California, USA},
  author =       {Krishnan, P. and Long, Philip M. and Vitter, Jeffrey
                  Scott},
  booktitle =    {Machine Learning: Proceedings of the Twelfth
                  International Conference},
  doi =          {10.1016/B978-1-55860-377-6.50047-5},
  editor =       {Arm, and Prieditis, and Russell, Stuart},
  month =        {July},
  pages =        {322--330},
  publisher =    {Morgan Kaufmann},
  title =        {Learning to Make Rent-to-Buy Decisions with Systems
                  Applications},
  year =         1995
}

@inproceedings{lang1995hill,
  address =      {Tahoe City, California, USA},
  author =       {Lang, Kevin J.},
  booktitle =    {Machine Learning: Proceedings of the Twelfth
                  International Conference},
  doi =          {10.1016/B978-1-55860-377-6.50049-9},
  editor =       {Arm, and Prieditis, and Russell, Stuart},
  month =        {July},
  pages =        {340--343},
  publisher =    {Morgan Kaufmann},
  title =        {Hill Climbing Beats Genetic Search on a Boolean
                  Circuit Synthesis Problem of Koza's},
  year =         1995
}

@inproceedings{lang1995newsweeder,
  address =      {Tahoe City, California, USA},
  author =       {Lang, Ken},
  booktitle =    {Machine Learning: Proceedings of the Twelfth
                  International Conference},
  doi =          {10.1016/B978-1-55860-377-6.50048-7},
  editor =       {Arm, and Prieditis, and Russell, Stuart},
  month =        {July},
  pages =        {331--339},
  publisher =    {Morgan Kaufmann},
  title =        {NewsWeeder: Learning to Filter Netnews},
  year =         1995
}

@inproceedings{langley1995casebased,
  address =      {Tahoe City, California, USA},
  author =       {Langley, Pat and Pfleger, Karl},
  booktitle =    {Machine Learning: Proceedings of the Twelfth
                  International Conference},
  doi =          {10.1016/B978-1-55860-377-6.50050-5},
  editor =       {Arm, and Prieditis, and Russell, Stuart},
  month =        {July},
  pages =        {344--352},
  publisher =    {Morgan Kaufmann},
  title =        {Case-Based Acquisition of Place Knowledge},
  year =         1995
}

@inproceedings{littlestone1995comparing,
  address =      {Tahoe City, California, USA},
  author =       {Littlestone, Nick},
  booktitle =    {Machine Learning: Proceedings of the Twelfth
                  International Conference},
  doi =          {10.1016/B978-1-55860-377-6.50051-7},
  editor =       {Arm, and Prieditis, and Russell, Stuart},
  month =        {July},
  pages =        {353--361},
  publisher =    {Morgan Kaufmann},
  title =        {Comparing Several Linear-threshold Learning
                  Algorithms on Tasks Involving Superfluous
                  Attributes},
  year =         1995
}

@inproceedings{littman1995learning,
  address =      {Tahoe City, California, USA},
  author =       {Littman, Michael L. and Cass, Anthony R. and Ra, and
                  Kaelbling, Leslie Pack},
  booktitle =    {Machine Learning: Proceedings of the Twelfth
                  International Conference},
  doi =          {10.1016/B978-1-55860-377-6.50052-9},
  editor =       {Arm and Prieditis and Russell, Stuart},
  month =        {July},
  pages =        {362--370},
  publisher =    {Morgan Kaufmann},
  title =        {Learning Policies for Partially Observable
                  Environments: Scaling Up},
  year =         1995
}

@inproceedings{lubinsky1995increasing,
  address =      {Tahoe City, California, USA},
  author =       {Lubinsky, David J.},
  booktitle =    {Machine Learning: Proceedings of the Twelfth
                  International Conference},
  doi =          {10.1016/B978-1-55860-377-6.50053-0},
  editor =       {Arm and Prieditis and Russell, Stuart},
  month =        {July},
  pages =        {371--377},
  publisher =    {Morgan Kaufmann},
  title =        {Increasing the Performance and Consistency of
                  Classification Trees by Using the Accuracy Criterion
                  at the Leaves},
  year =         1995
}

@inproceedings{maass1995efficient,
  address =      {Tahoe City, California, USA},
  author =       {Maass, Wolfgang and Warmuth, Manfred K.},
  booktitle =    {Machine Learning: Proceedings of the Twelfth
                  International Conference},
  doi =          {10.1016/B978-1-55860-377-6.50054-2},
  editor =       {Arm and Prieditis and Russell, Stuart},
  month =        {July},
  pages =        {378--386},
  publisher =    {Morgan Kaufmann},
  title =        {Efficient Learning with Virtual Threshold Gates},
  year =         1995
}

@inproceedings{mccallum1995instancebased,
  address =      {Tahoe City, California, USA},
  author =       {McCallum, R. Andrew},
  booktitle =    {Machine Learning: Proceedings of the Twelfth
                  International Conference},
  doi =          {10.1016/B978-1-55860-377-6.50055-4},
  editor =       {Arm and Prieditis and Russell, Stuart},
  month =        {July},
  pages =        {387--395},
  publisher =    {Morgan Kaufmann},
  title =        {Instance-Based Utile Distinctions for Reinforcement
                  Learning with Hidden State},
  year =         1995
}

@inproceedings{moriarty1995efficient,
  address =      {Tahoe City, California, USA},
  author =       {Moriarty, David E. and Miikkulainen, Risto},
  booktitle =    {Machine Learning: Proceedings of the Twelfth
                  International Conference},
  doi =          {10.1016/B978-1-55860-377-6.50056-6},
  editor =       {Arm and Prieditis and Russell, Stuart},
  month =        {July},
  pages =        {396--404},
  publisher =    {Morgan Kaufmann},
  title =        {Efficient Learning from Delayed Rewards through
                  Symbiotic Evolution},
  year =         1995
}

@inproceedings{niyogi1995free,
  address =      {Tahoe City, California, USA},
  author =       {Niyogi, Partha},
  booktitle =    {Machine Learning: Proceedings of the Twelfth
                  International Conference},
  doi =          {10.1016/B978-1-55860-377-6.50057-8},
  editor =       {Arm and Prieditis and Russell, Stuart},
  month =        {July},
  pages =        {405--412},
  publisher =    {Morgan Kaufmann},
  title =        {Free to Choose: Investigating the Sample Complexity
                  of Active Learning of Real Valued Functions},
  year =         1995
}

@inproceedings{nock1995on,
  address =      {Tahoe City, California, USA},
  author =       {Nock, Richard and Gascuel, Olivier},
  booktitle =    {Machine Learning: Proceedings of the Twelfth
                  International Conference},
  doi =          {10.1016/B978-1-55860-377-6.50058-X},
  editor =       {Arm and Prieditis and Russell, Stuart},
  month =        {July},
  pages =        {413--420},
  publisher =    {Morgan Kaufmann},
  title =        {On Learning Decision Committees},
  year =         1995
}

@inproceedings{oliveira1995inferring,
  address =      {Tahoe City, California, USA},
  author =       {Oliveira, Arlindo L. and Sangiovanni-Vincentelli,
                  Alberto L.},
  booktitle =    {Machine Learning: Proceedings of the Twelfth
                  International Conference},
  doi =          {10.1016/B978-1-55860-377-6.50059-1},
  editor =       {Arm and Prieditis and Russell, Stuart},
  month =        {July},
  pages =        {421--429},
  publisher =    {Morgan Kaufmann},
  title =        {Inferring Reduced Ordered Decision Graphs of Minimum
                  Description Length},
  year =         1995
}

@inproceedings{peng1995efficient,
  address =      {Tahoe City, California, USA},
  author =       {Peng, Jing},
  booktitle =    {Machine Learning: Proceedings of the Twelfth
                  International Conference},
  doi =          {10.1016/B978-1-55860-377-6.50061-X},
  editor =       {Arm and Prieditis and Russell, Stuart},
  month =        {July},
  pages =        {438--446},
  publisher =    {Morgan Kaufmann},
  title =        {Efficient Memory-Based Dynamic Programming},
  year =         1995
}

@inproceedings{perez1995using,
  address =      {Tahoe City, California, USA},
  author =       {Pérez, Eduardo and Rendell, Larry A.},
  booktitle =    {Machine Learning: Proceedings of the Twelfth
                  International Conference},
  doi =          {10.1016/B978-1-55860-377-6.50062-1},
  editor =       {Arm and Prieditis and Russell, Stuart},
  month =        {July},
  pages =        {447--455},
  publisher =    {Morgan Kaufmann},
  title =        {Using Multidimensional Projection to Find Relations},
  year =         1995
}

@inproceedings{pfahringer1995compressionbased,
  address =      {Tahoe City, California, USA},
  author =       {Pfahringer, Bernhard},
  booktitle =    {Machine Learning: Proceedings of the Twelfth
                  International Conference},
  doi =          {10.1016/B978-1-55860-377-6.50063-3},
  editor =       {Arm and Prieditis and Russell, Stuart},
  month =        {July},
  pages =        {456--463},
  publisher =    {Morgan Kaufmann},
  title =        {Compression-Based Discretization of Continuous
                  Attributes},
  year =         1995
}

@inproceedings{pomerleau1995learning,
  address =      {Tahoe City, California, USA},
  author =       {Pomerleau, Dean},
  booktitle =    {Machine Learning: Proceedings of the Twelfth
                  International Conference},
  doi =          {10.1016/B978-1-55860-377-6.50080-3},
  editor =       {Arm and Prieditis and Russell, Stuart},
  month =        {July},
  pages =        589,
  publisher =    {Morgan Kaufmann},
  title =        {Learning for Automotive Collision Avoidance and
                  Autonomous Control},
  year =         1995
}

@inproceedings{quinlan1995mdl,
  address =      {Tahoe City, California, USA},
  author =       {Quinlan, J. Ross},
  booktitle =    {Machine Learning: Proceedings of the Twelfth
                  International Conference},
  doi =          {10.1016/B978-1-55860-377-6.50064-5},
  editor =       {Arm and Prieditis and Russell, Stuart},
  month =        {July},
  pages =        {464--470},
  publisher =    {Morgan Kaufmann},
  title =        {MDL and Categorical Theories (Continued)},
  year =         1995
}

@inproceedings{rao1995for,
  address =      {Tahoe City, California, USA},
  author =       {Rao, R. Bharat and Gordon, Diana F. and Spears,
                  William M.},
  booktitle =    {Machine Learning: Proceedings of the Twelfth
                  International Conference},
  doi =          {10.1016/B978-1-55860-377-6.50065-7},
  editor =       {Arm and Prieditis and Russell, Stuart},
  month =        {July},
  pages =        {471--479},
  publisher =    {Morgan Kaufmann},
  title =        {For Every Generalization Action, Is There Really an
                  Equal and Opposite Reaction?},
  year =         1995
}

@inproceedings{salganicoff1995active,
  address =      {Tahoe City, California, USA},
  author =       {Salganicoff, Marcos and Ungar, Lyle H.},
  booktitle =    {Machine Learning: Proceedings of the Twelfth
                  International Conference},
  doi =          {10.1016/B978-1-55860-377-6.50066-9},
  editor =       {Arm and Prieditis and Russell, Stuart},
  month =        {July},
  pages =        {480--487},
  publisher =    {Morgan Kaufmann},
  title =        {Active Exploration and Learning in Real-Valued
                  Spaces Using Multi-Armed Bandit Allocation Indices},
  year =         1995
}

@inproceedings{schmidhuber1995discovering,
  address =      {Tahoe City, California, USA},
  author =       {Schmidhuber, Jürgen},
  booktitle =    {Machine Learning: Proceedings of the Twelfth
                  International Conference},
  doi =          {10.1016/B978-1-55860-377-6.50067-0},
  editor =       {Arm and Prieditis and Russell, Stuart},
  month =        {July},
  pages =        {488--496},
  publisher =    {Morgan Kaufmann},
  title =        {Discovering Solutions with Low Kolmogorov Complexity
                  and High Generalization Capability},
  year =         1995
}

@inproceedings{singh1995comparison,
  address =      {Tahoe City, California, USA},
  author =       {Singh, Moninder and Provan, Gregory M.},
  booktitle =    {Machine Learning: Proceedings of the Twelfth
                  International Conference},
  doi =          {10.1016/B978-1-55860-377-6.50068-2},
  editor =       {Arm and Prieditis and Russell, Stuart},
  month =        {July},
  pages =        {497--505},
  publisher =    {Morgan Kaufmann},
  title =        {A Comparison of Induction Algorithms for Selective
                  and Non-Selective Bayesian Classifiers},
  year =         1995
}

@inproceedings{smyth1995retrofitting,
  address =      {Tahoe City, California, USA},
  author =       {Smyth, Padhraic and Alex and Gray, Er G. and Fayyad,
                  Usama M.},
  booktitle =    {Machine Learning: Proceedings of the Twelfth
                  International Conference},
  doi =          {10.1016/B978-1-55860-377-6.50069-4},
  editor =       {Arm and Prieditis and Russell, Stuart},
  month =        {July},
  pages =        {506--514},
  publisher =    {Morgan Kaufmann},
  title =        {Retrofitting Decision Tree Classifiers Using Kernel
                  Density Estimation},
  year =         1995
}

@inproceedings{squires1995automatic,
  address =      {Tahoe City, California, USA},
  author =       {Squires, Brett and Sammut, Claude},
  booktitle =    {Machine Learning: Proceedings of the Twelfth
                  International Conference},
  doi =          {10.1016/B978-1-55860-377-6.50070-0},
  editor =       {Arm and Prieditis and Russell, Stuart},
  month =        {July},
  pages =        {515--521},
  publisher =    {Morgan Kaufmann},
  title =        {Automatic Speaker Recognition: An Application of
                  Machine Learning},
  year =         1995
}

@inproceedings{street1995inductive,
  address =      {Tahoe City, California, USA},
  author =       {Street, W. Nick and Mangasarian, Olvi L. and
                  Wolberg, William H.},
  booktitle =    {Machine Learning: Proceedings of the Twelfth
                  International Conference},
  doi =          {10.1016/B978-1-55860-377-6.50071-2},
  editor =       {Arm and Prieditis and Russell, Stuart},
  month =        {July},
  pages =        {522--530},
  publisher =    {Morgan Kaufmann},
  title =        {An Inductive Learning Approach to Prognostic
                  Prediction},
  year =         1995
}

@inproceedings{sutton1995td,
  address =      {Tahoe City, California, USA},
  author =       {Sutton, Richard S.},
  booktitle =    {Machine Learning: Proceedings of the Twelfth
                  International Conference},
  doi =          {10.1016/B978-1-55860-377-6.50072-4},
  editor =       {Arm and Prieditis and Russell, Stuart},
  month =        {July},
  pages =        {531--539},
  publisher =    {Morgan Kaufmann},
  title =        {TD Models: Modeling the World at a Mixture of Time
                  Scales},
  year =         1995
}

@inproceedings{towell1995learning,
  address =      {Tahoe City, California, USA},
  author =       {Towell, Geoffrey G. and Voorhees, Ellen M. and
                  Gupta, Narendra Kumar and Johnson-Laird, Ben},
  booktitle =    {Machine Learning: Proceedings of the Twelfth
                  International Conference},
  doi =          {10.1016/B978-1-55860-377-6.50073-6},
  editor =       {Arm and Prieditis and Russell, Stuart},
  month =        {July},
  pages =        {540--548},
  publisher =    {Morgan Kaufmann},
  title =        {Learning Collection Fusion Strategies for
                  Information Retrieval},
  year =         1995
}

@inproceedings{wang1995learning,
  address =      {Tahoe City, California, USA},
  author =       {Wang, Xuemei},
  booktitle =    {Machine Learning: Proceedings of the Twelfth
                  International Conference},
  doi =          {10.1016/B978-1-55860-377-6.50074-8},
  editor =       {Arm and Prieditis and Russell, Stuart},
  month =        {July},
  pages =        {549--557},
  publisher =    {Morgan Kaufmann},
  title =        {Learning by Observation and Practice: An Incremental
                  Approach for Planning Operator Acquisition},
  year =         1995
}

@inproceedings{weiss1995learning,
  address =      {Tahoe City, California, USA},
  author =       {Weiss, Gary M.},
  booktitle =    {Machine Learning: Proceedings of the Twelfth
                  International Conference},
  doi =          {10.1016/B978-1-55860-377-6.50075-X},
  editor =       {Arm and Prieditis and Russell, Stuart},
  month =        {July},
  pages =        {558--565},
  publisher =    {Morgan Kaufmann},
  title =        {Learning with Rare Cases and Small Disjuncts},
  year =         1995
}

@inproceedings{wolpert1995horizontal,
  address =      {Tahoe City, California, USA},
  author =       {Wolpert, David},
  booktitle =    {Machine Learning: Proceedings of the Twelfth
                  International Conference},
  doi =          {10.1016/B978-1-55860-377-6.50076-1},
  editor =       {Arm and Prieditis and Russell, Stuart},
  month =        {July},
  pages =        {566--574},
  publisher =    {Morgan Kaufmann},
  title =        {Horizontal Generalization},
  year =         1995
}

@inproceedings{yamazaki1995learning,
  address =      {Tahoe City, California, USA},
  author =       {Yamazaki, Takefumi and Pazzani, Michael J. and Merz,
                  Christopher J.},
  booktitle =    {Machine Learning: Proceedings of the Twelfth
                  International Conference},
  doi =          {10.1016/B978-1-55860-377-6.50077-3},
  editor =       {Arm and Prieditis and Russell, Stuart},
  month =        {July},
  pages =        {575--583},
  publisher =    {Morgan Kaufmann},
  title =        {Learning Hierarchies from Ambiguous Natural Language
                  Data},
  year =         1995
}
