@inproceedings{abe1996learning,
  address =      {Bari, Italy},
  author =       {Abe, Naoki and Li, Hang},
  booktitle =    {Machine Learning: Proceedings of the Thirteenth
                  International Conference},
  editor =       {Saitta, Lorenza},
  month =        {July},
  openalex =     {W1553625635},
  pages =        {3--11},
  publisher =    {Morgan Kaufmann},
  title =        {Learning word association norms using tree cut pair
                  models},
  year =         1996
}

@inproceedings{akkus1996k,
  address =      {Bari, Italy},
  author =       {Akkuş, Aynur and Güvenir, H. Altay},
  booktitle =    {Machine Learning: Proceedings of the Thirteenth
                  International Conference},
  editor =       {Saitta, Lorenza},
  month =        {July},
  openalex =     {W206490064},
  pages =        {12--19},
  publisher =    {Morgan Kaufmann},
  title =        {K nearest neighbor classification on feature
                  projections},
  year =         1996
}

@inproceedings{b1996residual,
  address =      {Bari, Italy},
  author =       {Bandera, César and Vico, Francisco J. and Bravo,
                  José Manuel and Harmon, Mance E. and Baird, Leemon
                  C.},
  booktitle =    {Machine Learning: Proceedings of the Thirteenth
                  International Conference},
  editor =       {Saitta, Lorenza},
  month =        {July},
  openalex =     {W2140649624},
  pages =        {20--27},
  publisher =    {Morgan Kaufmann},
  title =        {Residual Q-Learning Applied to Visual Attention},
  year =         1996
}

@inproceedings{baum1996toward,
  address =      {Bari, Italy},
  author =       {Baum, Eric B.},
  booktitle =    {Machine Learning: Proceedings of the Thirteenth
                  International Conference},
  editor =       {Saitta, Lorenza},
  month =        {July},
  openalex =     {W139557157},
  pages =        {28--36},
  publisher =    {Morgan Kaufmann},
  title =        {Toward a model of mind as a laissez-faire economy of
                  idiots},
  year =         1996
}

@inproceedings{blanzieri1996learning,
  address =      {Bari, Italy},
  author =       {Blanzieri, Enrico and Katenkamp, Patrick},
  booktitle =    {Machine Learning: Proceedings of the Thirteenth
                  International Conference},
  editor =       {Saitta, Lorenza},
  month =        {July},
  pages =        {37--45},
  publisher =    {Morgan Kaufmann},
  title =        {Learning Radial Basis Function Networks Online},
  year =         1996
}

@inproceedings{bostrom1996theoryguided,
  address =      {Bari, Italy},
  author =       {Boström, Henrik},
  booktitle =    {Machine Learning: Proceedings of the Thirteenth
                  International Conference},
  editor =       {Saitta, Lorenza},
  month =        {July},
  openalex =     {W1567721496},
  pages =        {46--53},
  publisher =    {Morgan Kaufmann},
  title =        {Theory-Guideed Induction of Logic Programs by
                  Inference of Regular Languages.},
  year =         1996
}

@inproceedings{boutilier1996approximate,
  address =      {Bari, Italy},
  author =       {Boutilier, Craig and Dearden, Richard},
  booktitle =    {Machine Learning: Proceedings of the Thirteenth
                  International Conference},
  editor =       {Saitta, Lorenza},
  month =        {July},
  openalex =     {W1603307620},
  pages =        {54--62},
  publisher =    {Morgan Kaufmann},
  title =        {Approximate Value Trees in Structured Dynamic
                  Programming.},
  year =         1996
}

@inproceedings{boyan1996learning,
  address =      {Bari, Italy},
  author =       {Boyan, Justin A. and Moore, Andrew},
  booktitle =    {Machine Learning: Proceedings of the Thirteenth
                  International Conference},
  editor =       {Saitta, Lorenza},
  month =        {July},
  openalex =     {W1523841116},
  pages =        {63--70},
  publisher =    {Morgan Kaufmann},
  title =        {Learning evaluation functions for large acyclic
                  domains},
  year =         1996
}

@inproceedings{burges1996simplified,
  address =      {Bari, Italy},
  author =       {Burges, Christopher J. C.},
  booktitle =    {Machine Learning: Proceedings of the Thirteenth
                  International Conference},
  editor =       {Saitta, Lorenza},
  month =        {July},
  openalex =     {W26816478},
  pages =        {71--77},
  publisher =    {Morgan Kaufmann},
  title =        {Simplified support vector decision rules},
  year =         1996
}

@inproceedings{carbonara1996improving,
  address =      {Bari, Italy},
  author =       {Carbonara, Leonardo and Sleeman, Derek},
  booktitle =    {Machine Learning: Proceedings of the Thirteenth
                  International Conference},
  editor =       {Saitta, Lorenza},
  month =        {July},
  openalex =     {W136324242},
  pages =        {78--86},
  publisher =    {Morgan Kaufmann},
  title =        {Improving the Efficiency of Knowledge Base
                  Refinement.},
  year =         1996
}

@inproceedings{caruana1996algorithms,
  address =      {Bari, Italy},
  author =       {Caruana, Rich},
  booktitle =    {Machine Learning: Proceedings of the Thirteenth
                  International Conference},
  editor =       {Saitta, Lorenza},
  month =        {July},
  openalex =     {W87135498},
  pages =        {87--95},
  publisher =    {Morgan Kaufmann},
  title =        {Algorithms and Applications for Multitask Learning.},
  year =         1996
}

@inproceedings{ch1996theoryguided,
  address =      {Bari, Italy},
  author =       {Reddy, Chandra and Tadepalli, Prasad and
                  Roncagliolo, Silvana},
  booktitle =    {Machine Learning: Proceedings of the Thirteenth
                  International Conference},
  editor =       {Saitta, Lorenza},
  month =        {July},
  openalex =     {W25561137},
  pages =        {409--417},
  publisher =    {Morgan Kaufmann},
  title =        {Theory-guided empirical speedup learning of goal
                  decomposition rules},
  year =         1996
}

@inproceedings{dietterich1996applying,
  address =      {Bari, Italy},
  author =       {Dietterich, Thomas G. and Kearns, Michael J. and
                  Mansour, Yishay},
  booktitle =    {Machine Learning: Proceedings of the Thirteenth
                  International Conference},
  editor =       {Saitta, Lorenza},
  month =        {July},
  pages =        {96--104},
  publisher =    {Morgan Kaufmann},
  title =        {Applying the Weak Learning Framework to Understand
                  and Improve C4.5},
  year =         1996
}

@inproceedings{domingos1996beyond,
  address =      {Bari, Italy},
  author =       {Domingos, Pedro and Pazzani, Michael J.},
  booktitle =    {Machine Learning: Proceedings of the Thirteenth
                  International Conference},
  editor =       {Saitta, Lorenza},
  month =        {July},
  openalex =     {W1507029541},
  pages =        {105--112},
  publisher =    {Morgan Kaufmann},
  title =        {Beyond Independence: Conditions for the Optimality
                  of the Simple Bayesian Classifier.},
  year =         1996
}

@inproceedings{donoho1996constructive,
  address =      {Bari, Italy},
  author =       {Donoho, Steven K. and Rendell, Larry},
  booktitle =    {Machine Learning: Proceedings of the Thirteenth
                  International Conference},
  editor =       {Saitta, Lorenza},
  month =        {July},
  openalex =     {W170692059},
  pages =        {113--121},
  publisher =    {Morgan Kaufmann},
  title =        {Constructive induction using fragmentary knowledge},
  year =         1996
}

@inproceedings{emde1996relational,
  address =      {Bari, Italy},
  author =       {Emde, Werner and Wettschereck, Dietrich},
  booktitle =    {Machine Learning: Proceedings of the Thirteenth
                  International Conference},
  editor =       {Saitta, Lorenza},
  month =        {July},
  openalex =     {W1513527572},
  pages =        {122--130},
  publisher =    {Morgan Kaufmann},
  title =        {Relational instance-based learning},
  year =         1996
}

@inproceedings{engelson1996identifying,
  address =      {Bari, Italy},
  author =       {Engelson, Sean P. and Koppel, Moshe},
  booktitle =    {Machine Learning: Proceedings of the Thirteenth
                  International Conference},
  editor =       {Saitta, Lorenza},
  month =        {July},
  openalex =     {W65387586},
  pages =        {131--138},
  publisher =    {Morgan Kaufmann},
  title =        {Identifying the information contained in a flawed
                  theory},
  year =         1996
}

@inproceedings{ezawa1996learning,
  address =      {Bari, Italy},
  author =       {Ezawa, Kazuo J. and Singh, Moninder and Norton,
                  Steven W.},
  booktitle =    {Machine Learning: Proceedings of the Thirteenth
                  International Conference},
  editor =       {Saitta, Lorenza},
  month =        {July},
  openalex =     {W1696243063},
  pages =        {139--147},
  publisher =    {Morgan Kaufmann},
  title =        {Learning goal oriented Bayesian networks for
                  telecommunications risk management},
  year =         1996
}

@inproceedings{freund1996experiments,
  address =      {Bari, Italy},
  author =       {Freund, Yoav and Schapire, Robert E.},
  booktitle =    {Machine Learning: Proceedings of the Thirteenth
                  International Conference},
  editor =       {Saitta, Lorenza},
  month =        {July},
  openalex =     {W2112076978},
  pages =        {148--156},
  publisher =    {Morgan Kaufmann},
  title =        {Experiments with a new boosting algorithm},
  year =         1996
}

@inproceedings{friedman1996discretizing,
  address =      {Bari, Italy},
  author =       {Friedman, Nir and Goldszmidt, Moisés},
  booktitle =    {Machine Learning: Proceedings of the Thirteenth
                  International Conference},
  editor =       {Saitta, Lorenza},
  month =        {July},
  openalex =     {W1530476443},
  pages =        {157--165},
  publisher =    {Morgan Kaufmann},
  title =        {Discretizing continuous attributes while learning
                  Bayesian networks},
  year =         1996
}

@inproceedings{geibel1996learning,
  address =      {Bari, Italy},
  author =       {Geibel, Peter and Wysotzki, Fritz},
  booktitle =    {Machine Learning: Proceedings of the Thirteenth
                  International Conference},
  editor =       {Saitta, Lorenza},
  month =        {July},
  openalex =     {W84664620},
  pages =        {166--174},
  publisher =    {Morgan Kaufmann},
  title =        {Learning Relational Concepts with Decision Trees.},
  year =         1996
}

@inproceedings{goetz1996online,
  address =      {Bari, Italy},
  author =       {Goetz, Patrick and Kumar, Shailesh and Miikkulainen,
                  Risto},
  booktitle =    {Machine Learning: Proceedings of the Thirteenth
                  International Conference},
  editor =       {Saitta, Lorenza},
  month =        {July},
  openalex =     {W2132434564},
  pages =        {175--181},
  publisher =    {Morgan Kaufmann},
  title =        {On-line adaptation of a signal predistorter through
                  dual reinforcement learning},
  year =         1996
}

@inproceedings{golding1996applying,
  address =      {Bari, Italy},
  author =       {Golding, Andrew R. and Roth, Dan},
  booktitle =    {Machine Learning: Proceedings of the Thirteenth
                  International Conference},
  editor =       {Saitta, Lorenza},
  month =        {July},
  openalex =     {W1632767318},
  pages =        {182--190},
  publisher =    {Morgan Kaufmann},
  title =        {Applying Winnow to Context-Sensitive Spelling
                  Correction},
  year =         1996
}

@inproceedings{goldman1996theoretical,
  address =      {Bari, Italy},
  author =       {Goldman, Sally A. and Scott, Stephen D.},
  booktitle =    {Machine Learning: Proceedings of the Thirteenth
                  International Conference},
  editor =       {Saitta, Lorenza},
  month =        {July},
  pages =        {191--199},
  publisher =    {Morgan Kaufmann},
  title =        {A Theoretical and Empirical Study of a
                  Noise-Tolerant Algorithm to Learn Geometric
                  Patterns},
  year =         1996
}

@inproceedings{gordon1996nonparametric,
  address =      {Bari, Italy},
  author =       {Gordon, Geoffrey J. and Segre, Alberto Maria},
  booktitle =    {Machine Learning: Proceedings of the Thirteenth
                  International Conference},
  editor =       {Saitta, Lorenza},
  month =        {July},
  pages =        {200--206},
  publisher =    {Morgan Kaufmann},
  title =        {Nonparametric Statistical Methods for Experimental
                  Evaluations of Speedup Learning},
  year =         1996
}

@inproceedings{greiner1996exploiting,
  address =      {Bari, Italy},
  author =       {Greiner, Russell and Grove, Adam J. and Kogan,
                  Alexander},
  booktitle =    {Machine Learning: Proceedings of the Thirteenth
                  International Conference},
  editor =       {Saitta, Lorenza},
  month =        {July},
  openalex =     {W2004846931},
  pages =        {216--224},
  publisher =    {Morgan Kaufmann},
  title =        {Knowing what doesn't matter: exploiting the omission
                  of irrelevant data},
  year =         1996
}

@inproceedings{greiner1996learning,
  address =      {Bari, Italy},
  author =       {Greiner, Russell and Grove, Adam J. and Roth, Dan},
  booktitle =    {Machine Learning: Proceedings of the Thirteenth
                  International Conference},
  editor =       {Saitta, Lorenza},
  month =        {July},
  openalex =     {W1507592586},
  pages =        {207--215},
  publisher =    {Morgan Kaufmann},
  title =        {Learning active classifiers},
  year =         1996
}

@inproceedings{grolimund1996speedingup,
  address =      {Bari, Italy},
  author =       {Grolimund, Stephan and Ganascia, Jean‐Gabriel},
  booktitle =    {Machine Learning: Proceedings of the Thirteenth
                  International Conference},
  editor =       {Saitta, Lorenza},
  month =        {July},
  openalex =     {W174915648},
  pages =        {225--233},
  publisher =    {Morgan Kaufmann},
  title =        {Speeding-up Nearest Neighbour Memories: The Template
                  Tree Case Memory Organisation.},
  year =         1996
}

@inproceedings{hekanaho1996background,
  address =      {Bari, Italy},
  author =       {Hekanaho, Jukka},
  booktitle =    {Machine Learning: Proceedings of the Thirteenth
                  International Conference},
  editor =       {Saitta, Lorenza},
  month =        {July},
  openalex =     {W169923110},
  pages =        {234--242},
  publisher =    {Morgan Kaufmann},
  title =        {Background Knowledge in GA-based Concept Learning},
  year =         1996
}

@inproceedings{helmbold1996online,
  address =      {Bari, Italy},
  author =       {Helmbold, David P. and Schapire, Robert E. and
                  Singer, Yoram and Warmuth, Manfred K.},
  booktitle =    {Machine Learning: Proceedings of the Thirteenth
                  International Conference},
  editor =       {Saitta, Lorenza},
  month =        {July},
  openalex =     {W114353221},
  pages =        {243--251},
  publisher =    {Morgan Kaufmann},
  title =        {On-Line Portfolio Selection Using Multiplicative
                  Updates.},
  year =         1996
}

@inproceedings{ittner1996nonlinear,
  address =      {Bari, Italy},
  author =       {Ittner, Andreas and Schlösser, Michael},
  booktitle =    {Machine Learning: Proceedings of the Thirteenth
                  International Conference},
  editor =       {Saitta, Lorenza},
  month =        {July},
  openalex =     {W1522059164},
  pages =        {252--257},
  publisher =    {Morgan Kaufmann},
  title =        {Non-Linear Decision Trees - NDT.},
  year =         1996
}

@inproceedings{jappy1996negative,
  address =      {Bari, Italy},
  author =       {Jappy, Pascal and Nock, Richard and Gascuel,
                  Olivier},
  booktitle =    {Machine Learning: Proceedings of the Thirteenth
                  International Conference},
  editor =       {Saitta, Lorenza},
  month =        {July},
  pages =        {258--265},
  publisher =    {Morgan Kaufmann},
  title =        {Negative Robust Learning Results from Horn Clause
                  Programs},
  year =         1996
}

@inproceedings{koenig1996passive,
  address =      {Bari, Italy},
  author =       {Koenig, Sven and Simmons, Reid},
  booktitle =    {Machine Learning: Proceedings of the Thirteenth
                  International Conference},
  editor =       {Saitta, Lorenza},
  month =        {July},
  openalex =     {W23723747},
  pages =        {266--274},
  publisher =    {Morgan Kaufmann},
  title =        {Passive Distance Learning for Robot Navigation.},
  year =         1996
}

@inproceedings{kohavi1996bias,
  address =      {Bari, Italy},
  author =       {Kohavi, Ron and Wolpert, David H.},
  booktitle =    {Machine Learning: Proceedings of the Thirteenth
                  International Conference},
  editor =       {Saitta, Lorenza},
  month =        {July},
  openalex =     {W1516193414},
  pages =        {275--283},
  publisher =    {Morgan Kaufmann},
  title =        {Bias plus variance decomposition for zero-one loss
                  functions},
  year =         1996
}

@inproceedings{koller1996toward,
  address =      {Bari, Italy},
  author =       {Koller, Daphne and Sahami, Mehran},
  booktitle =    {Machine Learning: Proceedings of the Thirteenth
                  International Conference},
  editor =       {Saitta, Lorenza},
  month =        {July},
  openalex =     {W1849729440},
  pages =        {284--292},
  publisher =    {Morgan Kaufmann},
  title =        {Toward optimal feature selection},
  year =         1996
}

@inproceedings{kubat1996second,
  address =      {Bari, Italy},
  author =       {Kubát, Miroslav},
  booktitle =    {Machine Learning: Proceedings of the Thirteenth
                  International Conference},
  editor =       {Saitta, Lorenza},
  month =        {July},
  openalex =     {W100615517},
  pages =        {293--301},
  publisher =    {Morgan Kaufmann},
  title =        {Second Tier for Decision Trees.},
  year =         1996
}

@inproceedings{lathrop1996on,
  address =      {Bari, Italy},
  author =       {Lathrop, Richard H.},
  booktitle =    {Machine Learning: Proceedings of the Thirteenth
                  International Conference},
  editor =       {Saitta, Lorenza},
  month =        {July},
  openalex =     {W50318766},
  pages =        {302--309},
  publisher =    {Morgan Kaufmann},
  title =        {On the Learnability of the Uncomputable.},
  year =         1996
}

@inproceedings{littman1996generalized,
  address =      {Bari, Italy},
  author =       {Littman, Michael L. and ''ri, Csaba Szepesva},
  booktitle =    {Machine Learning: Proceedings of the Thirteenth
                  International Conference},
  editor =       {Saitta, Lorenza},
  month =        {July},
  openalex =     {W1626977535},
  pages =        {310--318},
  publisher =    {Morgan Kaufmann},
  title =        {A Generalized Reinforcement-Learning Model:
                  Convergence and Applications},
  year =         1996
}

@inproceedings{liu1996probabilistic,
  address =      {Bari, Italy},
  author =       {Liu, Huan and Setiono, Rudy},
  booktitle =    {Machine Learning: Proceedings of the Thirteenth
                  International Conference},
  editor =       {Saitta, Lorenza},
  month =        {July},
  openalex =     {W187357405},
  pages =        {319--327},
  publisher =    {Morgan Kaufmann},
  title =        {A probabilistic approach to feature selection - a
                  filter solution},
  year =         1996
}

@inproceedings{mahadevan1996sensitive,
  address =      {Bari, Italy},
  author =       {Mahadevan, Sridhar},
  booktitle =    {Machine Learning: Proceedings of the Thirteenth
                  International Conference},
  editor =       {Saitta, Lorenza},
  month =        {July},
  openalex =     {W151724613},
  pages =        {328--336},
  publisher =    {Morgan Kaufmann},
  title =        {Sensitive Discount Optimality: Unifying Discounted
                  and Average Reward Reinforcement Learning.},
  year =         1996
}

@inproceedings{mannila1996data,
  address =      {Bari, Italy},
  author =       {Gunopulos, Dimitrios and Mannila, Heikki and
                  Khardon, Roni and Toivonen, Hannu},
  booktitle =    {Machine Learning: Proceedings of the Thirteenth
                  International Conference},
  editor =       {Saitta, Lorenza},
  month =        {July},
  openalex =     {W2054784808},
  pages =        555,
  publisher =    {Morgan Kaufmann},
  title =        {Data mining, hypergraph transversals, and machine
                  learning (extended abstract)},
  year =         1996
}

@inproceedings{moore1996reinforcement,
  address =      {Bari, Italy},
  author =       {Moore, Andrew W.},
  booktitle =    {Machine Learning: Proceedings of the Thirteenth
                  International Conference},
  editor =       {Saitta, Lorenza},
  month =        {July},
  openalex =     {W117520877},
  pages =        556,
  publisher =    {Morgan Kaufmann},
  title =        {Reinforcement Learning in Factories: The Auton
                  Project (Abstract).},
  year =         1996
}

@inproceedings{munos1996convergent,
  address =      {Bari, Italy},
  author =       {Munos, Rémi},
  booktitle =    {Machine Learning: Proceedings of the Thirteenth
                  International Conference},
  editor =       {Saitta, Lorenza},
  month =        {July},
  openalex =     {W1583902426},
  pages =        {337--345},
  publisher =    {Morgan Kaufmann},
  title =        {A convergent reinforcement learning algorithm in the
                  continuous case : the Finite-Element Reinforcement
                  Learning},
  year =         1996
}

@inproceedings{oates1996searching,
  address =      {Bari, Italy},
  author =       {Oates, Tim and Cohen, Paul R.},
  booktitle =    {Machine Learning: Proceedings of the Thirteenth
                  International Conference},
  editor =       {Saitta, Lorenza},
  month =        {July},
  openalex =     {W1789113800},
  pages =        {346--354},
  publisher =    {Morgan Kaufmann},
  title =        {Searching for Structure in Multiple Streams of
                  Data.},
  year =         1996
}

@inproceedings{okamoto1996theoretical,
  address =      {Bari, Italy},
  author =       {Okamoto, Seishi and Yugami, Nobuhiro},
  booktitle =    {Machine Learning: Proceedings of the Thirteenth
                  International Conference},
  editor =       {Saitta, Lorenza},
  month =        {July},
  pages =        {355--363},
  publisher =    {Morgan Kaufmann},
  title =        {Theoretical Analysis of the Nearest Neighbor
                  Classifier in Noisy Domains},
  year =         1996
}

@inproceedings{oliver1996unsupervised,
  address =      {Bari, Italy},
  author =       {Oliver, Jonathan and Baxter, Rohan A. and Wallace,
                  Chris S.},
  booktitle =    {Machine Learning: Proceedings of the Thirteenth
                  International Conference},
  editor =       {Saitta, Lorenza},
  month =        {July},
  openalex =     {W111853629},
  pages =        {364--372},
  publisher =    {Morgan Kaufmann},
  title =        {Unsupervised Learning Using MML.},
  year =         1996
}

@inproceedings{pendrith1996actual,
  address =      {Bari, Italy},
  author =       {Pendrith, Mark D. and Ryan, Malcolm R. K.},
  booktitle =    {Machine Learning: Proceedings of the Thirteenth
                  International Conference},
  editor =       {Saitta, Lorenza},
  month =        {July},
  pages =        {373--381},
  publisher =    {Morgan Kaufmann},
  title =        {Actual Return Reinforcement Learning versus Temporal
                  Differences: Some Theoretical and Experimental
                  Results},
  year =         1996
}

@inproceedings{perez1996learning,
  address =      {Bari, Italy},
  author =       {Pérez, Eduardo and Rendell, Larry},
  booktitle =    {Machine Learning: Proceedings of the Thirteenth
                  International Conference},
  editor =       {Saitta, Lorenza},
  month =        {July},
  openalex =     {W118302298},
  pages =        {391--399},
  publisher =    {Morgan Kaufmann},
  title =        {Learning despite concept variation by finding
                  structure in attribute-based data},
  year =         1996
}

@inproceedings{perez1996representing,
  address =      {Bari, Italy},
  author =       {Pérez, M. Alicia},
  booktitle =    {Machine Learning: Proceedings of the Thirteenth
                  International Conference},
  editor =       {Saitta, Lorenza},
  month =        {July},
  openalex =     {W2144470139},
  pages =        {382--390},
  publisher =    {Morgan Kaufmann},
  title =        {Representing and learning quality-improving search
                  control knowledge},
  year =         1996
}

@inproceedings{ravise1996advanced,
  address =      {Bari, Italy},
  author =       {Ravisé, Caroline and Sébag, Michèle},
  booktitle =    {Machine Learning: Proceedings of the Thirteenth
                  International Conference},
  editor =       {Saitta, Lorenza},
  month =        {July},
  openalex =     {W113346610},
  pages =        {400--408},
  publisher =    {Morgan Kaufmann},
  title =        {An advanced evolution should not repeat its past
                  errors},
  year =         1996
}

@inproceedings{roverso1996analogy,
  address =      {Bari, Italy},
  author =       {Roverso, Davide},
  booktitle =    {Machine Learning: Proceedings of the Thirteenth
                  International Conference},
  editor =       {Saitta, Lorenza},
  month =        {July},
  openalex =     {W56345786},
  pages =        {418--426},
  publisher =    {Morgan Kaufmann},
  title =        {Analogy Access by Mapping Spreading and Abstraction
                  in Large, Multifunctional Knowledge Bases.},
  year =         1996
}

@inproceedings{saerens1996non,
  address =      {Bari, Italy},
  author =       {Saerens, Marco},
  booktitle =    {Machine Learning: Proceedings of the Thirteenth
                  International Conference},
  editor =       {Saitta, Lorenza},
  month =        {July},
  openalex =     {W23239342},
  pages =        {427--434},
  publisher =    {Morgan Kaufmann},
  title =        {Non Mean Square Error Criteria for the Training of
                  Learning Machines.},
  year =         1996
}

@inproceedings{sahami1996applying,
  address =      {Bari, Italy},
  author =       {Sahami, Mehran and Hearst, Marti A. and Saund, Eric},
  booktitle =    {Machine Learning: Proceedings of the Thirteenth
                  International Conference},
  editor =       {Saitta, Lorenza},
  month =        {July},
  openalex =     {W1920003194},
  pages =        {435--443},
  publisher =    {Morgan Kaufmann},
  title =        {Applying the Multiple Cause Mixture Model to Text
                  Categorization},
  year =         1996
}

@inproceedings{sebag1996delaying,
  address =      {Bari, Italy},
  author =       {Sébag, Michèle},
  booktitle =    {Machine Learning: Proceedings of the Thirteenth
                  International Conference},
  editor =       {Saitta, Lorenza},
  month =        {July},
  openalex =     {W59731320},
  pages =        {444--452},
  publisher =    {Morgan Kaufmann},
  title =        {Delaying the choice of bias: a disjunctive version
                  space approach},
  year =         1996
}

@inproceedings{singh1996efficient,
  address =      {Bari, Italy},
  author =       {Singh, Moninder and Provan, Gregory},
  booktitle =    {Machine Learning: Proceedings of the Thirteenth
                  International Conference},
  editor =       {Saitta, Lorenza},
  month =        {July},
  openalex =     {W14420165},
  pages =        {453--461},
  publisher =    {Morgan Kaufmann},
  title =        {Efficient learning of selective Bayesian network
                  classifiers},
  year =         1996
}

@inproceedings{suzuki1996learning,
  address =      {Bari, Italy},
  author =       {Suzuki, Joe},
  booktitle =    {Machine Learning: Proceedings of the Thirteenth
                  International Conference},
  editor =       {Saitta, Lorenza},
  month =        {July},
  openalex =     {W143237373},
  pages =        {462--470},
  publisher =    {Morgan Kaufmann},
  title =        {Learning Bayesian Belief Networks Based on the
                  Minimum Description Length Principle: An Efficient
                  Algorithm Using the B & B Technique.},
  year =         1996
}

@inproceedings{tadepalli1996scaling,
  address =      {Bari, Italy},
  author =       {Tadepalli, Prasad and Ok, DoKyeong},
  booktitle =    {Machine Learning: Proceedings of the Thirteenth
                  International Conference},
  editor =       {Saitta, Lorenza},
  month =        {July},
  openalex =     {W98997153},
  pages =        {471--479},
  publisher =    {Morgan Kaufmann},
  title =        {Scaling Up Average Reward Reinforcement Learning by
                  Approximating the Domain Models and the Value
                  Function.},
  year =         1996
}

@inproceedings{tae1996experimental,
  address =      {Bari, Italy},
  author =       {Tae, Kang Soo and Cook, Diane J.},
  booktitle =    {Machine Learning: Proceedings of the Thirteenth
                  International Conference},
  editor =       {Saitta, Lorenza},
  month =        {July},
  openalex =     {W156567602},
  pages =        {480--488},
  publisher =    {Morgan Kaufmann},
  title =        {Experimental Knowledge Acquisition for Planning.},
  year =         1996
}

@inproceedings{thrun1996discovering,
  address =      {Bari, Italy},
  author =       {Thrun, Sebastian and O’Sullivan, Joseph A.},
  booktitle =    {Machine Learning: Proceedings of the Thirteenth
                  International Conference},
  editor =       {Saitta, Lorenza},
  month =        {July},
  openalex =     {W1560550898},
  pages =        {489--497},
  publisher =    {Morgan Kaufmann},
  title =        {Discovering Structure in Multiple Learning Tasks:
                  The TC Algorithm.},
  year =         1996
}

@inproceedings{ting1996characterisation,
  address =      {Bari, Italy},
  author =       {Ting, Kai Ming},
  booktitle =    {Machine Learning: Proceedings of the Thirteenth
                  International Conference},
  editor =       {Saitta, Lorenza},
  month =        {July},
  openalex =     {W120130158},
  pages =        {498--506},
  publisher =    {Morgan Kaufmann},
  title =        {The characterisation of predictive accuracy and
                  decision combination},
  year =         1996
}

@inproceedings{tirri1996prababilistic,
  address =      {Bari, Italy},
  author =       {Tirri, Henry and Kontkanen, Petri and Myllymäki,
                  Petri},
  booktitle =    {Machine Learning: Proceedings of the Thirteenth
                  International Conference},
  editor =       {Saitta, Lorenza},
  month =        {July},
  pages =        {507--515},
  publisher =    {Morgan Kaufmann},
  title =        {Probabilistic Instance-Based Learning},
  year =         1996
}

@inproceedings{vapnik1996statistical,
  address =      {Bari, Italy},
  author =       {Vapnik, Vladimir},
  booktitle =    {Machine Learning: Proceedings of the Thirteenth
                  International Conference},
  editor =       {Saitta, Lorenza},
  month =        {July},
  openalex =     {W32733310},
  pages =        557,
  publisher =    {Morgan Kaufmann},
  title =        {Statistical Theory of Generalization (Abstract).},
  year =         1996
}

@inproceedings{wallace1996causal,
  address =      {Bari, Italy},
  author =       {Wallace, Chris S. and Korb, Kevin B. and Dai,
                  Honghua},
  booktitle =    {Machine Learning: Proceedings of the Thirteenth
                  International Conference},
  editor =       {Saitta, Lorenza},
  month =        {July},
  openalex =     {W108487744},
  pages =        {516--524},
  publisher =    {Morgan Kaufmann},
  title =        {Causal Discovery via MML.},
  year =         1996
}

@inproceedings{widmer1996recognition,
  address =      {Bari, Italy},
  author =       {Widmer, Gerhard},
  booktitle =    {Machine Learning: Proceedings of the Thirteenth
                  International Conference},
  editor =       {Saitta, Lorenza},
  month =        {July},
  openalex =     {W1510276031},
  pages =        {525--533},
  publisher =    {Morgan Kaufmann},
  title =        {Recognition and Exploitation of Contextual CLues via
                  Incremental Meta-Learning.},
  year =         1996
}

@inproceedings{wiering1996solving,
  address =      {Bari, Italy},
  author =       {Wiering, Marco and Schmidhuber, Jürgen},
  booktitle =    {Machine Learning: Proceedings of the Thirteenth
                  International Conference},
  editor =       {Saitta, Lorenza},
  month =        {July},
  openalex =     {W1521977997},
  pages =        {534--542},
  publisher =    {Morgan Kaufmann},
  title =        {Solving POMDPs with Levin Search and EIRA},
  year =         1996
}

@inproceedings{zucker1996representation,
  address =      {Bari, Italy},
  author =       {Zucker, Jean‐Daniel and Ganascia, Jean‐Gabriel},
  booktitle =    {Machine Learning: Proceedings of the Thirteenth
                  International Conference},
  editor =       {Saitta, Lorenza},
  month =        {July},
  openalex =     {W28558063},
  pages =        {543--551},
  publisher =    {Morgan Kaufmann},
  title =        {Representation Changes for Efficient Learning in
                  Structural Domains.},
  year =         1996
}
