@inproceedings{asker1997feature,
  address = {Nashville, Tennessee, USA},
  author = {Asker, Lars and Maclin, Richard},
  booktitle = {Proceedings of the Fourteenth International Conference on Machine Learning (ICML)},
  editor = {Fisher, Douglas H.},
  month = {July},
  openalex = {W3427720},
  pages = {3--11},
  publisher = {Morgan Kaufmann},
  title = {Feature Engineering and Classifier Selection: A Case Study in Venusian Volcano Detection},
  year = {1997}
}

@inproceedings{atkeson1997robot,
  address = {Nashville, Tennessee, USA},
  author = {Atkeson, Christopher G. and Schaal, Stefan},
  booktitle = {Proceedings of the Fourteenth International Conference on Machine Learning (ICML)},
  editor = {Fisher, Douglas H.},
  month = {July},
  openalex = {W1540685400},
  pages = {12--20},
  publisher = {Morgan Kaufmann},
  title = {Robot Learning from Demonstration},
  year = {1997}
}

@inproceedings{auer1997on,
  address = {Nashville, Tennessee, USA},
  author = {Auer, Peter},
  booktitle = {Proceedings of the Fourteenth International Conference on Machine Learning (ICML)},
  editor = {Fisher, Douglas H.},
  month = {July},
  openalex = {W1946852907},
  pages = {21--29},
  publisher = {Morgan Kaufmann},
  title = {On Learning From Multi-Instance Examples: Empirical Evaluation of a Theoretical Approach},
  year = {1997}
}

@inproceedings{baluja1997using,
  address = {Nashville, Tennessee, USA},
  author = {Baluja, Shumeet and Davies, Scott},
  booktitle = {Proceedings of the Fourteenth International Conference on Machine Learning (ICML)},
  editor = {Fisher, Douglas H.},
  month = {July},
  openalex = {W1507420740},
  pages = {30--38},
  publisher = {Morgan Kaufmann},
  title = {Using Optimal Dependency-Trees for Combinational Optimization},
  year = {1997}
}

@inproceedings{baxter1997canonical,
  address = {Nashville, Tennessee, USA},
  author = {Baxter, Jonathan},
  booktitle = {Proceedings of the Fourteenth International Conference on Machine Learning (ICML)},
  editor = {Fisher, Douglas H.},
  month = {July},
  openalex = {W2175289308},
  pages = {39--47},
  publisher = {Morgan Kaufmann},
  title = {The Canonical Distortion Measure for Vector Quantization and Function Approximation},
  year = {1997}
}

@inproceedings{botta1997fonn,
  address = {Nashville, Tennessee, USA},
  author = {Botta, Marco and Giordana, Attilio and Piola, Roberto},
  booktitle = {Proceedings of the Fourteenth International Conference on Machine Learning (ICML)},
  editor = {Fisher, Douglas H.},
  month = {July},
  openalex = {W122708408},
  pages = {46--56},
  publisher = {Morgan Kaufmann},
  title = {FONN: Combining First Order Logic with Connectionist Learning},
  year = {1997}
}

@inproceedings{cardie1997improving,
  address = {Nashville, Tennessee, USA},
  author = {Cardie, Claire and Nowe, Nicholas},
  booktitle = {Proceedings of the Fourteenth International Conference on Machine Learning (ICML)},
  editor = {Fisher, Douglas H.},
  month = {July},
  openalex = {W1487629352},
  pages = {57--65},
  publisher = {Morgan Kaufmann},
  title = {Improving Minority Class Prediction Using Case-Specific Feature Weights},
  year = {1997}
}

@inproceedings{ch1997learning,
  address = {Nashville, Tennessee, USA},
  author = {Reddy, Chandra and Tadepalli, Prasad},
  booktitle = {Proceedings of the Fourteenth International Conference on Machine Learning (ICML)},
  editor = {Fisher, Douglas H.},
  month = {July},
  openalex = {W1567001657},
  pages = {278--286},
  publisher = {Morgan Kaufmann},
  title = {Learning Goal-Decomposition Rules using Exercises},
  year = {1997}
}

@inproceedings{cohen1997comparative,
  address = {Nashville, Tennessee, USA},
  author = {Cohen, William W. and Dévanbu, Prémkumar},
  booktitle = {Proceedings of the Fourteenth International Conference on Machine Learning (ICML)},
  editor = {Fisher, Douglas H.},
  month = {July},
  openalex = {W1535821013},
  pages = {66--74},
  publisher = {Morgan Kaufmann},
  title = {A Comparative Study of Inductive Logic Programming Methods for Software Fault Prediction},
  year = {1997}
}

@inproceedings{datta1997learning,
  address = {Nashville, Tennessee, USA},
  author = {Datta, Piew and Kibler, Dennis},
  booktitle = {Proceedings of the Fourteenth International Conference on Machine Learning (ICML)},
  editor = {Fisher, Douglas H.},
  month = {July},
  openalex = {W1510398716},
  pages = {75--82},
  publisher = {Morgan Kaufmann},
  title = {Learning Symbolic Prototypes},
  year = {1997}
}

@inproceedings{decatur1997pac,
  address = {Nashville, Tennessee, USA},
  author = {Decatur, Scott E.},
  booktitle = {Proceedings of the Fourteenth International Conference on Machine Learning (ICML)},
  editor = {Fisher, Douglas H.},
  month = {July},
  openalex = {W1581219065},
  pages = {83--91},
  publisher = {Morgan Kaufmann},
  title = {PAC Learning with Constant-Partition Classification Noise and Applications to Decision Tree Induction},
  year = {1997}
}

@inproceedings{devaney1997efficient,
  address = {Nashville, Tennessee, USA},
  author = {Devaney, Mark and Ram, Ashwin},
  booktitle = {Proceedings of the Fourteenth International Conference on Machine Learning (ICML)},
  editor = {Fisher, Douglas H.},
  month = {July},
  openalex = {W2119689447},
  pages = {92--97},
  publisher = {Morgan Kaufmann},
  title = {Efficient Feature Selection in Conceptual Clustering},
  year = {1997}
}

@inproceedings{domingos1997knowledge,
  address = {Nashville, Tennessee, USA},
  author = {Domingos, Pedro M.},
  booktitle = {Proceedings of the Fourteenth International Conference on Machine Learning (ICML)},
  editor = {Fisher, Douglas H.},
  month = {July},
  pages = {98--106},
  publisher = {Morgan Kaufmann},
  title = {Knowledge Acquisition from Examples via Multiple Models},
  year = {1997}
}

@inproceedings{drucker1997improving,
  address = {Nashville, Tennessee, USA},
  author = {Drucker, Harris},
  booktitle = {Proceedings of the Fourteenth International Conference on Machine Learning (ICML)},
  editor = {Fisher, Douglas H.},
  month = {July},
  openalex = {W1571836963},
  pages = {107--115},
  publisher = {Morgan Kaufmann},
  title = {Improving Regressors using Boosting Techniques},
  year = {1997}
}

@inproceedings{fiechter1997expected,
  address = {Nashville, Tennessee, USA},
  author = {Fiechter, Claude-Nicolas},
  booktitle = {Proceedings of the Fourteenth International Conference on Machine Learning (ICML)},
  editor = {Fisher, Douglas H.},
  month = {July},
  openalex = {W1508634047},
  pages = {116--124},
  publisher = {Morgan Kaufmann},
  title = {Expected Mistake Bound Model for On-Line Reinforcement Learning},
  year = {1997}
}

@inproceedings{friedman1997learning,
  address = {Nashville, Tennessee, USA},
  author = {Friedman, Nir},
  booktitle = {Proceedings of the Fourteenth International Conference on Machine Learning (ICML)},
  editor = {Fisher, Douglas H.},
  month = {July},
  openalex = {W1523680690},
  pages = {125--133},
  publisher = {Morgan Kaufmann},
  title = {Learning Belief Networks in the Presence of Missing Values and Hidden Variables},
  year = {1997}
}

@inproceedings{gama1997probabilistic,
  address = {Nashville, Tennessee, USA},
  author = {Gama, João},
  booktitle = {Proceedings of the Fourteenth International Conference on Machine Learning (ICML)},
  editor = {Fisher, Douglas H.},
  month = {July},
  openalex = {W1575173659},
  pages = {134--142},
  publisher = {Morgan Kaufmann},
  title = {Probabilistic Linear Tree},
  year = {1997}
}

@inproceedings{joachims1997probabilistic,
  address = {Nashville, Tennessee, USA},
  author = {Joachims, Thorsten},
  booktitle = {Proceedings of the Fourteenth International Conference on Machine Learning (ICML)},
  editor = {Fisher, Douglas H.},
  month = {July},
  openalex = {W2096152098},
  pages = {143--151},
  publisher = {Morgan Kaufmann},
  title = {A Probabilistic Analysis of the Rocchio Algorithm with TFIDF for Text Categorization},
  year = {1997}
}

@inproceedings{kimura1997reinforcement,
  address = {Nashville, Tennessee, USA},
  author = {Kimura, Hajime and Miyazaki, Kazuteru and Kobayashi, Shigenobu},
  booktitle = {Proceedings of the Fourteenth International Conference on Machine Learning (ICML)},
  editor = {Fisher, Douglas H.},
  month = {July},
  openalex = {W1602007439},
  pages = {152--160},
  publisher = {Morgan Kaufmann},
  title = {Reinforcement Learning in POMDPs with Function Approximation},
  year = {1997}
}

@inproceedings{kohavi1997option,
  address = {Nashville, Tennessee, USA},
  author = {Kohavi, Ron and Kunz, Clayton},
  booktitle = {Proceedings of the Fourteenth International Conference on Machine Learning (ICML)},
  editor = {Fisher, Douglas H.},
  month = {July},
  openalex = {W1597165973},
  pages = {161--169},
  publisher = {Morgan Kaufmann},
  title = {Option Decision Trees with Majority Votes},
  year = {1997}
}

@inproceedings{koller1997hierarchically,
  address = {Nashville, Tennessee, USA},
  author = {Koller, Daphne and Sahami, Mehran},
  booktitle = {Proceedings of the Fourteenth International Conference on Machine Learning (ICML)},
  editor = {Fisher, Douglas H.},
  month = {July},
  openalex = {W1620204465},
  pages = {170--178},
  publisher = {Morgan Kaufmann},
  title = {Hierarchically Classifying Documents Using Very Few Words},
  year = {1997}
}

@inproceedings{kubat1997addressing,
  address = {Nashville, Tennessee, USA},
  author = {Kubát, Miroslav and Matwin, Stan},
  booktitle = {Proceedings of the Fourteenth International Conference on Machine Learning (ICML)},
  editor = {Fisher, Douglas H.},
  month = {July},
  openalex = {W85350352},
  pages = {179--186},
  publisher = {Morgan Kaufmann},
  title = {Addressing the Curse of Imbalanced Training Sets: One-Sided Selection.},
  year = {1997}
}

@inproceedings{mangu1997automatic,
  address = {Nashville, Tennessee, USA},
  author = {Mangu, Lidia and Brill, Eric},
  booktitle = {Proceedings of the Fourteenth International Conference on Machine Learning (ICML)},
  editor = {Fisher, Douglas H.},
  month = {July},
  openalex = {W1519443010},
  pages = {187--194},
  publisher = {Morgan Kaufmann},
  title = {Automatic Rule Acquisition for Spelling Correction},
  year = {1997}
}

@inproceedings{mansour1997pessimistic,
  address = {Nashville, Tennessee, USA},
  author = {Mansour, Yishay},
  booktitle = {Proceedings of the Fourteenth International Conference on Machine Learning (ICML)},
  editor = {Fisher, Douglas H.},
  month = {July},
  pages = {202--210},
  publisher = {Morgan Kaufmann},
  title = {Pessimistic decision tree pruning based Continuous-time},
  year = {1997}
}

@inproceedings{margineantu1997pruning,
  address = {Nashville, Tennessee, USA},
  author = {Margineantu, Dragos D. and Dietterich, Thomas G.},
  booktitle = {Proceedings of the Fourteenth International Conference on Machine Learning (ICML)},
  editor = {Fisher, Douglas H.},
  month = {July},
  openalex = {W1562197959},
  pages = {211--218},
  publisher = {Morgan Kaufmann},
  title = {Pruning Adaptive Boosting},
  year = {1997}
}

@inproceedings{mayoraz1997on,
  address = {Nashville, Tennessee, USA},
  author = {Mayoraz, Eddy and Moreira, Miguel},
  booktitle = {Proceedings of the Fourteenth International Conference on Machine Learning (ICML)},
  editor = {Fisher, Douglas H.},
  month = {July},
  openalex = {W1554850889},
  pages = {219--226},
  publisher = {Morgan Kaufmann},
  title = {On the Decomposition of Polychotomies into Dichotomies},
  year = {1997}
}

@inproceedings{menczer1997arcchnid,
  address = {Nashville, Tennessee, USA},
  author = {Menczer, Filippo},
  booktitle = {Proceedings of the Fourteenth International Conference on Machine Learning (ICML)},
  editor = {Fisher, Douglas H.},
  month = {July},
  openalex = {W1504010199},
  pages = {227--235},
  publisher = {Morgan Kaufmann},
  title = {ARCCHNID: Adaptive Retrieval Agents Choosing Heuristic Neighborhoods},
  year = {1997}
}

@inproceedings{moore1997efficient,
  address = {Nashville, Tennessee, USA},
  author = {Moore, Andrew and Schneider, Jeff and Deng, Kan},
  booktitle = {Proceedings of the Fourteenth International Conference on Machine Learning (ICML)},
  editor = {Fisher, Douglas H.},
  month = {July},
  openalex = {W1667009210},
  pages = {236--244},
  publisher = {Morgan Kaufmann},
  title = {Efficient Locally Weighted Polynomial Regression Predictions},
  year = {1997}
}

@inproceedings{ng1997preventing,
  address = {Nashville, Tennessee, USA},
  author = {Ng, Andrew Y.},
  booktitle = {Proceedings of the Fourteenth International Conference on Machine Learning (ICML)},
  editor = {Fisher, Douglas H.},
  month = {July},
  openalex = {W1486658274},
  pages = {245--253},
  publisher = {Morgan Kaufmann},
  title = {Preventing Overfitting of Cross-Validation Data},
  year = {1997}
}

@inproceedings{oates1997effects,
  address = {Nashville, Tennessee, USA},
  author = {Oates, Tim and Jensen, David},
  booktitle = {Proceedings of the Fourteenth International Conference on Machine Learning (ICML)},
  editor = {Fisher, Douglas H.},
  month = {July},
  openalex = {W1598696986},
  pages = {254--262},
  publisher = {Morgan Kaufmann},
  title = {The Effects of Training Set Size on Decision Tree Complexity},
  year = {1997}
}

@inproceedings{opitz1997effective,
  address = {Nashville, Tennessee, USA},
  author = {Opitz, David W.},
  booktitle = {Proceedings of the Fourteenth International Conference on Machine Learning (ICML)},
  editor = {Fisher, Douglas H.},
  month = {July},
  openalex = {W83616147},
  pages = {263--271},
  publisher = {Morgan Kaufmann},
  title = {The Effective Size of a Neural Network: A Principal Component Approach},
  year = {1997}
}

@inproceedings{precup1997exponentiated,
  address = {Nashville, Tennessee, USA},
  author = {Precup, Doina and Sutton, Richard S.},
  booktitle = {Proceedings of the Fourteenth International Conference on Machine Learning (ICML)},
  editor = {Fisher, Douglas H.},
  month = {July},
  openalex = {W158549001},
  pages = {272--277},
  publisher = {Morgan Kaufmann},
  title = {Exponentiated Gradient Methods for Reinforcement Learning},
  year = {1997}
}

@inproceedings{r1997instance,
  address = {Nashville, Tennessee, USA},
  author = {R, D. and Wilson, All and Martinez, Tony R.},
  booktitle = {Proceedings of the Fourteenth International Conference on Machine Learning (ICML)},
  editor = {Fisher, Douglas H.},
  month = {July},
  pages = {403--411},
  publisher = {Morgan Kaufmann},
  title = {Instance Pruning Techniques},
  year = {1997}
}

@inproceedings{ristad1997learning,
  address = {Nashville, Tennessee, USA},
  author = {Ristad, Eric Sven and Yianilos, P.N.},
  booktitle = {Proceedings of the Fourteenth International Conference on Machine Learning (ICML)},
  editor = {Fisher, Douglas H.},
  month = {July},
  openalex = {W2102443632},
  pages = {287--295},
  publisher = {Morgan Kaufmann},
  title = {Learning string-edit distance},
  year = {1997}
}

@inproceedings{robniksikonja1997adaptation,
  address = {Nashville, Tennessee, USA},
  author = {Robnik‐Šikonja, Marko and Kononenko, Igor},
  booktitle = {Proceedings of the Fourteenth International Conference on Machine Learning (ICML)},
  editor = {Fisher, Douglas H.},
  month = {July},
  openalex = {W1549412372},
  pages = {296--304},
  publisher = {Morgan Kaufmann},
  title = {An adaptation of Relief for attribute estimation in regression},
  year = {1997}
}

@inproceedings{sakr1997predicting,
  address = {Nashville, Tennessee, USA},
  author = {Sakr, Majd and Levitan, Steven P. and Chiarulli, Donald M. and Horne, Bill G. and Giles, C. Lee},
  booktitle = {Proceedings of the Fourteenth International Conference on Machine Learning (ICML)},
  editor = {Fisher, Douglas H.},
  month = {July},
  openalex = {W1485287790},
  pages = {305--312},
  publisher = {Morgan Kaufmann},
  title = {Predicting Multiprocessor Memory Access Patterns with Learning Models},
  year = {1997}
}

@inproceedings{schapire1997boosting,
  address = {Nashville, Tennessee, USA},
  author = {Schapire, Robert E. and Freund, Yoav and Barlett, Peter and Lee, Wee Sun},
  booktitle = {Proceedings of the Fourteenth International Conference on Machine Learning (ICML)},
  editor = {Fisher, Douglas H.},
  month = {July},
  openalex = {W1553313034},
  pages = {322--330},
  publisher = {Morgan Kaufmann},
  title = {Boosting the margin: A new explanation for the effectiveness of voting methods},
  year = {1997}
}

@inproceedings{schapire1997using,
  address = {Nashville, Tennessee, USA},
  author = {Schapire, Robert E.},
  booktitle = {Proceedings of the Fourteenth International Conference on Machine Learning (ICML)},
  editor = {Fisher, Douglas H.},
  month = {July},
  openalex = {W1578772208},
  pages = {313--321},
  publisher = {Morgan Kaufmann},
  title = {Using output codes to boost multiclass learning problems},
  year = {1997}
}

@inproceedings{scheffer1997why,
  address = {Nashville, Tennessee, USA},
  author = {Scheffer, Tobias and Greiner, Russell and Darken, Christian J.},
  booktitle = {Proceedings of the Fourteenth International Conference on Machine Learning (ICML)},
  editor = {Fisher, Douglas H.},
  month = {July},
  openalex = {W1560561838},
  pages = {331--339},
  publisher = {Morgan Kaufmann},
  title = {Why Experimentation can be better than Perfect Guidance},
  year = {1997}
}

@inproceedings{schuurmans1997characterizing,
  address = {Nashville, Tennessee, USA},
  author = {Schuurmans, Dale and Ungar, Lyle and Foster, Dean P.},
  booktitle = {Proceedings of the Fourteenth International Conference on Machine Learning (ICML)},
  editor = {Fisher, Douglas H.},
  month = {July},
  openalex = {W2142920735},
  pages = {340--348},
  publisher = {Morgan Kaufmann},
  title = {Characterizing the generalization performance of model selection strategies},
  year = {1997}
}

@inproceedings{suematsu1997bayesian,
  address = {Nashville, Tennessee, USA},
  author = {Suematsu, Nobuo and Hayashi, Akira and Li, Shigang},
  booktitle = {Proceedings of the Fourteenth International Conference on Machine Learning (ICML)},
  editor = {Fisher, Douglas H.},
  month = {July},
  openalex = {W161873470},
  pages = {349--357},
  publisher = {Morgan Kaufmann},
  title = {A Bayesian Approach to Model Learning in Non-Markovian Environments},
  year = {1997}
}

@inproceedings{tadepalli1997hierarchical,
  address = {Nashville, Tennessee, USA},
  author = {Tadepalli, Prasad and Dietterich, Thomas G.},
  booktitle = {Proceedings of the Fourteenth International Conference on Machine Learning (ICML)},
  editor = {Fisher, Douglas H.},
  month = {July},
  openalex = {W1511612612},
  pages = {358--366},
  publisher = {Morgan Kaufmann},
  title = {Hierarchical Explanation-Based Reinforcement Learning},
  year = {1997}
}

@inproceedings{ting1997stacking,
  address = {Nashville, Tennessee, USA},
  author = {Ting, Kai Ming and Witten, Ian H.},
  booktitle = {Proceedings of the Fourteenth International Conference on Machine Learning (ICML)},
  editor = {Fisher, Douglas H.},
  month = {July},
  openalex = {W1582036668},
  pages = {367--375},
  publisher = {Morgan Kaufmann},
  title = {Stacking Bagged and Dagged Models},
  year = {1997}
}

@inproceedings{todorovski1997declarative,
  address = {Nashville, Tennessee, USA},
  author = {Todorovski, Ljupčo and Džeroski, Sašo},
  booktitle = {Proceedings of the Fourteenth International Conference on Machine Learning (ICML)},
  editor = {Fisher, Douglas H.},
  month = {July},
  openalex = {W1538572412},
  pages = {376--384},
  publisher = {Morgan Kaufmann},
  title = {Declarative Bias in Equation Discovery},
  year = {1997}
}

@inproceedings{torgo1997functional,
  address = {Nashville, Tennessee, USA},
  author = {Torgo, Luı́s},
  booktitle = {Proceedings of the Fourteenth International Conference on Machine Learning (ICML)},
  editor = {Fisher, Douglas H.},
  month = {July},
  openalex = {W1503303035},
  pages = {385--393},
  publisher = {Morgan Kaufmann},
  title = {Functional Models for Regression Tree Leaves},
  year = {1997}
}

@inproceedings{vilalta1997integrating,
  address = {Nashville, Tennessee, USA},
  author = {Vilalta, Ricardo and Rendell, Larry},
  booktitle = {Proceedings of the Fourteenth International Conference on Machine Learning (ICML)},
  editor = {Fisher, Douglas H.},
  month = {July},
  openalex = {W1519294961},
  pages = {394--402},
  publisher = {Morgan Kaufmann},
  title = {Integrating Feature Construction with Multiple Classifiers in Decision Tree Induction},
  year = {1997}
}

@inproceedings{yang1997comparative,
  address = {Nashville, Tennessee, USA},
  author = {Yang, Yiming and Pedersen, Jan},
  booktitle = {Proceedings of the Fourteenth International Conference on Machine Learning (ICML)},
  editor = {Fisher, Douglas H.},
  month = {July},
  openalex = {W2435251607},
  pages = {412--420},
  publisher = {Morgan Kaufmann},
  title = {A Comparative Study on Feature Selection in Text Categorization},
  year = {1997}
}

@inproceedings{zupan1997machine,
  address = {Nashville, Tennessee, USA},
  author = {Zupan, Blaž and Bohanec, Marko and Bratko, Ivan and Demšar, Janez},
  booktitle = {Proceedings of the Fourteenth International Conference on Machine Learning (ICML)},
  editor = {Fisher, Douglas H.},
  month = {July},
  openalex = {W1518053057},
  pages = {421--429},
  publisher = {Morgan Kaufmann},
  title = {Machine Learning by Function Decomposition},
  year = {1997}
}
