@inproceedings{abe1998query,
 address = {Madison, Wisconsin, USA},
 author = {Abe, Naoki and Mamitsuka, Hiroshi},
 booktitle = {Proceedings of the Fifteenth International Conference on Machine Learning (ICML)},
 editor = {Shavlik, Jude W.},
 month = {July},
 pages = {1--9},
 publisher = {Morgan Kaufmann},
 title = {Query Learning Strategies Using Boosting and Bagging},
 year = {1998}
}

@inproceedings{aler1998genetic,
 address = {Madison, Wisconsin, USA},
 author = {Aler, Ricardo and Borrajo, Daniel and Isasi, Pedro},
 booktitle = {Proceedings of the Fifteenth International Conference on Machine Learning (ICML)},
 editor = {Shavlik, Jude W.},
 month = {July},
 pages = {10--18},
 publisher = {Morgan Kaufmann},
 title = {Genetic Programming and Deductive-Inductive Learning: A Multi-Strategy Approach},
 year = {1998}
}

@inproceedings{anglano1998experimental,
 address = {Madison, Wisconsin, USA},
 author = {Anglano, Cosimo and Giordana, Attilio and Bello, Giuseppe Lo and Saitta, Lorenza},
 booktitle = {Proceedings of the Fifteenth International Conference on Machine Learning (ICML)},
 editor = {Shavlik, Jude W.},
 month = {July},
 pages = {19--27},
 publisher = {Morgan Kaufmann},
 title = {An Experimental Evaluation of Coevolutive Concept Learning},
 year = {1998}
}

@inproceedings{baxter1998knightcap,
 address = {Madison, Wisconsin, USA},
 author = {Baxter, Jonathan and Tridgell, Andrew and Weaver, Lex},
 booktitle = {Proceedings of the Fifteenth International Conference on Machine Learning (ICML)},
 editor = {Shavlik, Jude W.},
 month = {July},
 pages = {28--36},
 publisher = {Morgan Kaufmann},
 title = {KnightCap: A Chess Program that Learns by Combining TD(lambda) with Game-Tree Search},
 year = {1998}
}

@inproceedings{bay1998combining,
 address = {Madison, Wisconsin, USA},
 author = {Bay, Stephen D.},
 booktitle = {Proceedings of the Fifteenth International Conference on Machine Learning (ICML)},
 editor = {Shavlik, Jude W.},
 month = {July},
 pages = {37--45},
 publisher = {Morgan Kaufmann},
 title = {Combining Nearest Neighbor Classifiers Through Multiple Feature Subsets},
 year = {1998}
}

@inproceedings{billsus1998learning,
 address = {Madison, Wisconsin, USA},
 author = {Billsus, Daniel and Pazzani, Michael J.},
 booktitle = {Proceedings of the Fifteenth International Conference on Machine Learning (ICML)},
 editor = {Shavlik, Jude W.},
 month = {July},
 pages = {46--54},
 publisher = {Morgan Kaufmann},
 title = {Learning Collaborative Information Filters},
 year = {1998}
}

@inproceedings{blockeel1998topdown,
 address = {Madison, Wisconsin, USA},
 author = {Blockeel, Hendrik and Raedt, Luc De and Ramon, Jan},
 booktitle = {Proceedings of the Fifteenth International Conference on Machine Learning (ICML)},
 editor = {Shavlik, Jude W.},
 month = {July},
 pages = {55--63},
 publisher = {Morgan Kaufmann},
 title = {Top-Down Induction of Clustering Trees},
 year = {1998}
}

@inproceedings{bollacker1998supraclassifier,
 address = {Madison, Wisconsin, USA},
 author = {Bollacker, Kurt D. and Ghosh, Joydeep},
 booktitle = {Proceedings of the Fifteenth International Conference on Machine Learning (ICML)},
 editor = {Shavlik, Jude W.},
 month = {July},
 pages = {64--72},
 publisher = {Morgan Kaufmann},
 title = {A Supra-Classifier Architecture for Scalable Knowledge Reuse},
 year = {1998}
}

@inproceedings{bonet1998learning,
 address = {Madison, Wisconsin, USA},
 author = {Bonet, Blai and Geffner, Hector},
 booktitle = {Proceedings of the Fifteenth International Conference on Machine Learning (ICML)},
 editor = {Shavlik, Jude W.},
 month = {July},
 pages = {73--81},
 publisher = {Morgan Kaufmann},
 title = {Learning Sorting and Decision Trees with POMDPs},
 year = {1998}
}

@inproceedings{bradley1998feature,
 address = {Madison, Wisconsin, USA},
 author = {Bradley, Paul S. and Mangasarian, Olvi L.},
 booktitle = {Proceedings of the Fifteenth International Conference on Machine Learning (ICML)},
 editor = {Shavlik, Jude W.},
 month = {July},
 pages = {82--90},
 publisher = {Morgan Kaufmann},
 title = {Feature Selection via Concave Minimization and Support Vector Machines},
 year = {1998}
}

@inproceedings{bradley1998refining,
 address = {Madison, Wisconsin, USA},
 author = {Bradley, Paul S. and Fayyad, Usama M.},
 booktitle = {Proceedings of the Fifteenth International Conference on Machine Learning (ICML)},
 editor = {Shavlik, Jude W.},
 month = {July},
 pages = {91--99},
 publisher = {Morgan Kaufmann},
 title = {Refining Initial Points for K-Means Clustering},
 year = {1998}
}

@inproceedings{cesabianchi1998finitetime,
 address = {Madison, Wisconsin, USA},
 author = {Cesa-Bianchi, Nicolò and Fischer, Paul},
 booktitle = {Proceedings of the Fifteenth International Conference on Machine Learning (ICML)},
 editor = {Shavlik, Jude W.},
 month = {July},
 pages = {100--108},
 publisher = {Morgan Kaufmann},
 title = {Finite-Time Regret Bounds for the Multiarmed Bandit Problem},
 year = {1998}
}

@inproceedings{ch1998learning,
 address = {Madison, Wisconsin, USA},
 author = {Ch, and Reddy, ra and Tadepalli, Prasad},
 booktitle = {Proceedings of the Fifteenth International Conference on Machine Learning (ICML)},
 editor = {Shavlik, Jude W.},
 month = {July},
 pages = {472--480},
 publisher = {Morgan Kaufmann},
 title = {Learning First-Order Acyclic Horn Programs from Entailment},
 year = {1998}
}

@inproceedings{cristianini1998bayesian,
 address = {Madison, Wisconsin, USA},
 author = {Cristianini, Nello and Shawe-Taylor, John and Sykacek, Peter},
 booktitle = {Proceedings of the Fifteenth International Conference on Machine Learning (ICML)},
 editor = {Shavlik, Jude W.},
 month = {July},
 pages = {109--117},
 publisher = {Morgan Kaufmann},
 title = {Bayesian Classifiers Are Large Margin Hyperplanes in a Hilbert Space},
 year = {1998}
}

@inproceedings{dietterich1998maxq,
 address = {Madison, Wisconsin, USA},
 author = {Dietterich, Thomas G.},
 booktitle = {Proceedings of the Fifteenth International Conference on Machine Learning (ICML)},
 editor = {Shavlik, Jude W.},
 month = {July},
 pages = {118--126},
 publisher = {Morgan Kaufmann},
 title = {The MAXQ Method for Hierarchical Reinforcement Learning},
 year = {1998}
}

@inproceedings{domingos1998processoriented,
 address = {Madison, Wisconsin, USA},
 author = {Domingos, Pedro M.},
 booktitle = {Proceedings of the Fifteenth International Conference on Machine Learning (ICML)},
 editor = {Shavlik, Jude W.},
 month = {July},
 pages = {127--135},
 publisher = {Morgan Kaufmann},
 title = {A Process-Oriented Heuristic for Model Selection},
 year = {1998}
}

@inproceedings{dzeroski1998relational,
 address = {Madison, Wisconsin, USA},
 author = {Dzeroski, Saso and Raedt, Luc De and Blockeel, Hendrik},
 booktitle = {Proceedings of the Fifteenth International Conference on Machine Learning (ICML)},
 editor = {Shavlik, Jude W.},
 month = {July},
 pages = {136--143},
 publisher = {Morgan Kaufmann},
 title = {Relational Reinforcement Learning},
 year = {1998}
}

@inproceedings{frank1998generating,
 address = {Madison, Wisconsin, USA},
 author = {Frank, Eibe and Witten, Ian H.},
 booktitle = {Proceedings of the Fifteenth International Conference on Machine Learning (ICML)},
 editor = {Shavlik, Jude W.},
 month = {July},
 pages = {144--151},
 publisher = {Morgan Kaufmann},
 title = {Generating Accurate Rule Sets Without Global Optimization},
 year = {1998}
}

@inproceedings{frank1998using,
 address = {Madison, Wisconsin, USA},
 author = {Frank, Eibe and Witten, Ian H.},
 booktitle = {Proceedings of the Fifteenth International Conference on Machine Learning (ICML)},
 editor = {Shavlik, Jude W.},
 month = {July},
 pages = {152--160},
 publisher = {Morgan Kaufmann},
 title = {Using a Permutation Test for Attribute Selection in Decision Trees},
 year = {1998}
}

@inproceedings{freitag1998multistrategy,
 address = {Madison, Wisconsin, USA},
 author = {Freitag, Dayne},
 booktitle = {Proceedings of the Fifteenth International Conference on Machine Learning (ICML)},
 editor = {Shavlik, Jude W.},
 month = {July},
 pages = {161--169},
 publisher = {Morgan Kaufmann},
 title = {Multistrategy Learning for Information Extraction},
 year = {1998}
}

@inproceedings{freund1998efficient,
 address = {Madison, Wisconsin, USA},
 author = {Freund, Yoav and Iyer, Raj D. and Schapire, Robert E. and Singer, Yoram},
 booktitle = {Proceedings of the Fifteenth International Conference on Machine Learning (ICML)},
 editor = {Shavlik, Jude W.},
 month = {July},
 pages = {170--178},
 publisher = {Morgan Kaufmann},
 title = {An Efficient Boosting Algorithm for Combining Preferences},
 year = {1998}
}

@inproceedings{friedman1998bayesian,
 address = {Madison, Wisconsin, USA},
 author = {Friedman, Nir and Goldszmidt, Moisés and Lee, Thomas J.},
 booktitle = {Proceedings of the Fifteenth International Conference on Machine Learning (ICML)},
 editor = {Shavlik, Jude W.},
 month = {July},
 pages = {179--187},
 publisher = {Morgan Kaufmann},
 title = {Bayesian Network Classification with Continuous Attributes: Getting the Best of Both Discretization and Parametric Fitting},
 year = {1998}
}

@inproceedings{fries1998kerneladatron,
 address = {Madison, Wisconsin, USA},
 author = {Frieß, Thilo-Thomas and Cristianini, Nello and Campbell, Colin},
 booktitle = {Proceedings of the Fifteenth International Conference on Machine Learning (ICML)},
 editor = {Shavlik, Jude W.},
 month = {July},
 pages = {188--196},
 publisher = {Morgan Kaufmann},
 title = {The Kernel-Adatron Algorithm: A Fast and Simple Learning Procedure for Support Vector Machines},
 year = {1998}
}

@inproceedings{gabor1998multicriteria,
 address = {Madison, Wisconsin, USA},
 author = {Gábor, Zoltán and Kalmár, Zsolt and Szepesvári, Csaba},
 booktitle = {Proceedings of the Fifteenth International Conference on Machine Learning (ICML)},
 editor = {Shavlik, Jude W.},
 month = {July},
 pages = {197--205},
 publisher = {Morgan Kaufmann},
 title = {Multi-criteria Reinforcement Learning},
 year = {1998}
}

@inproceedings{gama1998local,
 address = {Madison, Wisconsin, USA},
 author = {Gama, João},
 booktitle = {Proceedings of the Fifteenth International Conference on Machine Learning (ICML)},
 editor = {Shavlik, Jude W.},
 month = {July},
 pages = {206--214},
 publisher = {Morgan Kaufmann},
 title = {Local Cascade Generalization},
 year = {1998}
}

@inproceedings{garcia1998learning,
 address = {Madison, Wisconsin, USA},
 author = {Garçia, Frédérick and Ndiaye, Seydina M.},
 booktitle = {Proceedings of the Fifteenth International Conference on Machine Learning (ICML)},
 editor = {Shavlik, Jude W.},
 month = {July},
 pages = {215--223},
 publisher = {Morgan Kaufmann},
 title = {A Learning Rate Analysis of Reinforcement Learning Algorithms in Finite-Horizon},
 year = {1998}
}

@inproceedings{gordon1998wellbehaved,
 address = {Madison, Wisconsin, USA},
 author = {Gordon, Diana F.},
 booktitle = {Proceedings of the Fifteenth International Conference on Machine Learning (ICML)},
 editor = {Shavlik, Jude W.},
 month = {July},
 pages = {224--232},
 publisher = {Morgan Kaufmann},
 title = {Well-Behaved Borgs, Bolos, and Berserkers},
 year = {1998}
}

@inproceedings{heskes1998solving,
 address = {Madison, Wisconsin, USA},
 author = {Heskes, Tom},
 booktitle = {Proceedings of the Fifteenth International Conference on Machine Learning (ICML)},
 editor = {Shavlik, Jude W.},
 month = {July},
 pages = {233--241},
 publisher = {Morgan Kaufmann},
 title = {Solving a Huge Number of Similar Tasks: A Combination of Multi-Task Learning and a Hierarchical Bayesian Approach},
 year = {1998}
}

@inproceedings{hu1998multiagent,
 address = {Madison, Wisconsin, USA},
 author = {Hu, Junling and Wellman, Michael P.},
 booktitle = {Proceedings of the Fifteenth International Conference on Machine Learning (ICML)},
 editor = {Shavlik, Jude W.},
 month = {July},
 pages = {242--250},
 publisher = {Morgan Kaufmann},
 title = {Multiagent Reinforcement Learning: Theoretical Framework and an Algorithm},
 year = {1998}
}

@inproceedings{juille1998coevolutionary,
 address = {Madison, Wisconsin, USA},
 author = {Juillé, Hugues and Pollack, Jordan B.},
 booktitle = {Proceedings of the Fifteenth International Conference on Machine Learning (ICML)},
 editor = {Shavlik, Jude W.},
 month = {July},
 pages = {251--259},
 publisher = {Morgan Kaufmann},
 title = {Coevolutionary Learning: A Case Study},
 year = {1998}
}

@inproceedings{kearns1998nearoptimal,
 address = {Madison, Wisconsin, USA},
 author = {Kearns, Michael J. and Singh, Satinder},
 booktitle = {Proceedings of the Fifteenth International Conference on Machine Learning (ICML)},
 editor = {Shavlik, Jude W.},
 month = {July},
 pages = {260--268},
 publisher = {Morgan Kaufmann},
 title = {Near-Optimal Reinforcement Learning in Polynomial Time},
 year = {1998}
}

@inproceedings{kimura1998analysis,
 address = {Madison, Wisconsin, USA},
 author = {Kimura, Hajime and Kobayashi, Shigenobu},
 booktitle = {Proceedings of the Fifteenth International Conference on Machine Learning (ICML)},
 editor = {Shavlik, Jude W.},
 month = {July},
 pages = {278--286},
 publisher = {Morgan Kaufmann},
 title = {An Analysis of Actor/Critic Algorithms Using Eligibility Traces: Reinforcement Learning with Imperfect Value Function},
 year = {1998}
}

@inproceedings{koller1998using,
 address = {Madison, Wisconsin, USA},
 author = {Koller, Daphne and Fratkina, Raya},
 booktitle = {Proceedings of the Fifteenth International Conference on Machine Learning (ICML)},
 editor = {Shavlik, Jude W.},
 month = {July},
 pages = {287--295},
 publisher = {Morgan Kaufmann},
 title = {Using Learning for Approximation in Stochastic Processes},
 year = {1998}
}

@inproceedings{lin1998informationtheoretic,
 address = {Madison, Wisconsin, USA},
 author = {Lin, Dekang},
 booktitle = {Proceedings of the Fifteenth International Conference on Machine Learning (ICML)},
 editor = {Shavlik, Jude W.},
 month = {July},
 pages = {296--304},
 publisher = {Morgan Kaufmann},
 title = {An Information-Theoretic Definition of Similarity},
 year = {1998}
}

@inproceedings{liquiere1998structural,
 address = {Madison, Wisconsin, USA},
 author = {Liquiere, Michel and Sallantin, Jean},
 booktitle = {Proceedings of the Fifteenth International Conference on Machine Learning (ICML)},
 editor = {Shavlik, Jude W.},
 month = {July},
 pages = {305--313},
 publisher = {Morgan Kaufmann},
 title = {Structural Machine Learning with Galois Lattice and Graphs},
 year = {1998}
}

@inproceedings{littman1998learning,
 address = {Madison, Wisconsin, USA},
 author = {Littman, Michael L. and Jiang, Fan and Keim, Greg A.},
 booktitle = {Proceedings of the Fifteenth International Conference on Machine Learning (ICML)},
 editor = {Shavlik, Jude W.},
 month = {July},
 pages = {314--322},
 publisher = {Morgan Kaufmann},
 title = {Learning a Language-Independent Representation for Terms from a Partially Aligned Corpus},
 year = {1998}
}

@inproceedings{loch1998using,
 address = {Madison, Wisconsin, USA},
 author = {Loch, John and Singh, Satinder},
 booktitle = {Proceedings of the Fifteenth International Conference on Machine Learning (ICML)},
 editor = {Shavlik, Jude W.},
 month = {July},
 pages = {323--331},
 publisher = {Morgan Kaufmann},
 title = {Using Eligibility Traces to Find the Best Memoryless Policy in Partially Observable Markov Decision Processes},
 year = {1998}
}

@inproceedings{margaritis1998learning,
 address = {Madison, Wisconsin, USA},
 author = {Margaritis, Dimitris and Thrun, Sebastian},
 booktitle = {Proceedings of the Fifteenth International Conference on Machine Learning (ICML)},
 editor = {Shavlik, Jude W.},
 month = {July},
 pages = {332--340},
 publisher = {Morgan Kaufmann},
 title = {Learning to Locate an Object in 3D Space from a Sequence of Camera Images},
 year = {1998}
}

@inproceedings{maron1998multipleinstance,
 address = {Madison, Wisconsin, USA},
 author = {Maron, Oded and Ratan, Aparna Lakshmi},
 booktitle = {Proceedings of the Fifteenth International Conference on Machine Learning (ICML)},
 editor = {Shavlik, Jude W.},
 month = {July},
 pages = {341--349},
 publisher = {Morgan Kaufmann},
 title = {Multiple-Instance Learning for Natural Scene Classification},
 year = {1998}
}

@inproceedings{mccallum1998employing,
 address = {Madison, Wisconsin, USA},
 author = {McCallum, Andrew Kachites and Nigam, Kamal},
 booktitle = {Proceedings of the Fifteenth International Conference on Machine Learning (ICML)},
 editor = {Shavlik, Jude W.},
 month = {July},
 pages = {350--358},
 publisher = {Morgan Kaufmann},
 title = {Employing EM and Pool-Based Active Learning for Text Classification},
 year = {1998}
}

@inproceedings{mccallum1998improving,
 address = {Madison, Wisconsin, USA},
 author = {McCallum, Andrew and Rosenfeld, Ronald and Mitchell, Tom M. and Ng, Andrew Y.},
 booktitle = {Proceedings of the Fifteenth International Conference on Machine Learning (ICML)},
 editor = {Shavlik, Jude W.},
 month = {July},
 pages = {359--367},
 publisher = {Morgan Kaufmann},
 title = {Improving Text Classification by Shrinkage in a Hierarchy of Classes},
 year = {1998}
}

@inproceedings{mccluskey1998case,
 address = {Madison, Wisconsin, USA},
 author = {McCluskey, Thomas Leo and West, Margaret Mary},
 booktitle = {Proceedings of the Fifteenth International Conference on Machine Learning (ICML)},
 editor = {Shavlik, Jude W.},
 month = {July},
 pages = {368--376},
 publisher = {Morgan Kaufmann},
 title = {A Case Study in the Use of Theory Revision in Requirements Validation},
 year = {1998}
}

@inproceedings{mitaim1998stochastic,
 address = {Madison, Wisconsin, USA},
 author = {Mitaim, Sanya and Kosko, Bart},
 booktitle = {Proceedings of the Fifteenth International Conference on Machine Learning (ICML)},
 editor = {Shavlik, Jude W.},
 month = {July},
 pages = {377--385},
 publisher = {Morgan Kaufmann},
 title = {Stochastic Resonance with Adaptive Fuzzy Systems},
 year = {1998}
}

@inproceedings{moore1998q2,
 address = {Madison, Wisconsin, USA},
 author = {Moore, Andrew W. and Schneider, Jeff G. and Boyan, Justin A. and Lee, Mary S.},
 booktitle = {Proceedings of the Fifteenth International Conference on Machine Learning (ICML)},
 editor = {Shavlik, Jude W.},
 month = {July},
 pages = {386--394},
 publisher = {Morgan Kaufmann},
 title = {Q2: Memory-Based Active Learning for Optimizing Noisy Continuous Functions},
 year = {1998}
}

@inproceedings{nakamura1998collaborative,
 address = {Madison, Wisconsin, USA},
 author = {Nakamura, Atsuyoshi and Abe, Naoki},
 booktitle = {Proceedings of the Fifteenth International Conference on Machine Learning (ICML)},
 editor = {Shavlik, Jude W.},
 month = {July},
 pages = {395--403},
 publisher = {Morgan Kaufmann},
 title = {Collaborative Filtering Using Weighted Majority Prediction Algorithms},
 year = {1998}
}

@inproceedings{ng1998on,
 address = {Madison, Wisconsin, USA},
 author = {Ng, Andrew Y.},
 booktitle = {Proceedings of the Fifteenth International Conference on Machine Learning (ICML)},
 editor = {Shavlik, Jude W.},
 month = {July},
 pages = {404--412},
 publisher = {Morgan Kaufmann},
 title = {On Feature Selection: Learning with Exponentially Many Irrelevant Features as Training Examples},
 year = {1998}
}

@inproceedings{nock1998on,
 address = {Madison, Wisconsin, USA},
 author = {Nock, Richard and Jappy, Pascal},
 booktitle = {Proceedings of the Fifteenth International Conference on Machine Learning (ICML)},
 editor = {Shavlik, Jude W.},
 month = {July},
 pages = {413--420},
 publisher = {Morgan Kaufmann},
 title = {On the Power of Decision Lists},
 year = {1998}
}

@inproceedings{pendrith1998analysis,
 address = {Madison, Wisconsin, USA},
 author = {Pendrith, Mark D. and McGarity, Michael},
 booktitle = {Proceedings of the Fifteenth International Conference on Machine Learning (ICML)},
 editor = {Shavlik, Jude W.},
 month = {July},
 pages = {421--429},
 publisher = {Morgan Kaufmann},
 title = {An Analysis of Direct Reinforcement Learning in Non-Markovian Domains},
 year = {1998}
}

@inproceedings{piater1998randomized,
 address = {Madison, Wisconsin, USA},
 author = {Piater, Justus H. and Cohen, Paul R. and Zhang, Xiaoqin and Atighetchi, Michael},
 booktitle = {Proceedings of the Fifteenth International Conference on Machine Learning (ICML)},
 editor = {Shavlik, Jude W.},
 month = {July},
 pages = {430--438},
 publisher = {Morgan Kaufmann},
 title = {A Randomized ANOVA Procedure for Comparing Performance Curves},
 year = {1998}
}

@inproceedings{precup1998classification,
 address = {Madison, Wisconsin, USA},
 author = {Precup, Doina and Utgoff, Paul E.},
 booktitle = {Proceedings of the Fifteenth International Conference on Machine Learning (ICML)},
 editor = {Shavlik, Jude W.},
 month = {July},
 pages = {439--444},
 publisher = {Morgan Kaufmann},
 title = {Classification Using Phi-Machines and Constructive Function Approximation},
 year = {1998}
}

@inproceedings{provost1998case,
 address = {Madison, Wisconsin, USA},
 author = {Provost, Foster J. and Fawcett, Tom and Kohavi, Ron},
 booktitle = {Proceedings of the Fifteenth International Conference on Machine Learning (ICML)},
 editor = {Shavlik, Jude W.},
 month = {July},
 pages = {445--453},
 publisher = {Morgan Kaufmann},
 title = {The Case against Accuracy Estimation for Comparing Induction Algorithms},
 year = {1998}
}

@inproceedings{r1998learning,
 address = {Madison, Wisconsin, USA},
 author = {R, Jette and løv, and Alstrøm, Preben},
 booktitle = {Proceedings of the Fifteenth International Conference on Machine Learning (ICML)},
 editor = {Shavlik, Jude W.},
 month = {July},
 pages = {463--471},
 publisher = {Morgan Kaufmann},
 title = {Learning to Drive a Bicycle Using Reinforcement Learning and Shaping},
 year = {1998}
}

@inproceedings{ramach1998theory,
 address = {Madison, Wisconsin, USA},
 author = {Ramach, Sowmya and ran, and Mooney, Raymond J.},
 booktitle = {Proceedings of the Fifteenth International Conference on Machine Learning (ICML)},
 editor = {Shavlik, Jude W.},
 month = {July},
 pages = {454--462},
 publisher = {Morgan Kaufmann},
 title = {Theory Refinement of Bayesian Networks with Hidden Variables},
 year = {1998}
}

@inproceedings{ryan1998rltops,
 address = {Madison, Wisconsin, USA},
 author = {Ryan, Malcolm R. K. and Pendrith, Mark D.},
 booktitle = {Proceedings of the Fifteenth International Conference on Machine Learning (ICML)},
 editor = {Shavlik, Jude W.},
 month = {July},
 pages = {481--487},
 publisher = {Morgan Kaufmann},
 title = {RL-TOPS: An Architecture for Modularity and Re-Use in Reinforcement Learning},
 year = {1998}
}

@inproceedings{salustowicz1998evolving,
 address = {Madison, Wisconsin, USA},
 author = {Salustowicz, Rafal and Schmidhuber, Jürgen},
 booktitle = {Proceedings of the Fifteenth International Conference on Machine Learning (ICML)},
 editor = {Shavlik, Jude W.},
 month = {July},
 pages = {488--496},
 publisher = {Morgan Kaufmann},
 title = {Evolving Structured Programs with Hierarchical Instructions and Skip Nodes},
 year = {1998}
}

@inproceedings{samuel1998investigation,
 address = {Madison, Wisconsin, USA},
 author = {Samuel, Ken and Carberry, Ra and Vijay-Shanker, K.},
 booktitle = {Proceedings of the Fifteenth International Conference on Machine Learning (ICML)},
 editor = {Shavlik, Jude W.},
 month = {July},
 pages = {497--505},
 publisher = {Morgan Kaufmann},
 title = {An Investigation of Transformation-Based Learning in Discourse},
 year = {1998}
}

@inproceedings{saul1998automatic,
 address = {Madison, Wisconsin, USA},
 author = {Saul, Lawrence K.},
 booktitle = {Proceedings of the Fifteenth International Conference on Machine Learning (ICML)},
 editor = {Shavlik, Jude W.},
 month = {July},
 pages = {506--514},
 publisher = {Morgan Kaufmann},
 title = {Automatic Segmentation of Continuous Trajectories with Invariance to Nonlinear Warpings of Time},
 year = {1998}
}

@inproceedings{saunders1998ridge,
 address = {Madison, Wisconsin, USA},
 author = {Saunders, Craig and Gammerman, Er and Vovk, Volodya},
 booktitle = {Proceedings of the Fifteenth International Conference on Machine Learning (ICML)},
 editor = {Shavlik, Jude W.},
 month = {July},
 pages = {515--521},
 publisher = {Morgan Kaufmann},
 title = {Ridge Regression Learning Algorithm in Dual Variables},
 year = {1998}
}

@inproceedings{schneider1998value,
 address = {Madison, Wisconsin, USA},
 author = {Schneider, Jeff G. and Boyan, Justin A. and Moore, Andrew W.},
 booktitle = {Proceedings of the Fifteenth International Conference on Machine Learning (ICML)},
 editor = {Shavlik, Jude W.},
 month = {July},
 pages = {522--530},
 publisher = {Morgan Kaufmann},
 title = {Value Function Based Production Scheduling},
 year = {1998}
}

@inproceedings{shatkay1998heading,
 address = {Madison, Wisconsin, USA},
 author = {Shatkay, Hagit and Kaelbling, Leslie Pack},
 booktitle = {Proceedings of the Fifteenth International Conference on Machine Learning (ICML)},
 editor = {Shavlik, Jude W.},
 month = {July},
 pages = {531--539},
 publisher = {Morgan Kaufmann},
 title = {Heading in the Right Direction},
 year = {1998}
}

@inproceedings{street1998neural,
 address = {Madison, Wisconsin, USA},
 author = {Street, W. Nick},
 booktitle = {Proceedings of the Fifteenth International Conference on Machine Learning (ICML)},
 editor = {Shavlik, Jude W.},
 month = {July},
 pages = {540--546},
 publisher = {Morgan Kaufmann},
 title = {A Neural Network Model for Prognostic Prediction},
 year = {1998}
}

@inproceedings{stuart1998learning,
 address = {Madison, Wisconsin, USA},
 author = {Stuart, Joshua M. and Bradley, Elizabeth},
 booktitle = {Proceedings of the Fifteenth International Conference on Machine Learning (ICML)},
 editor = {Shavlik, Jude W.},
 month = {July},
 pages = {547--555},
 publisher = {Morgan Kaufmann},
 title = {Learning the Grammar of Dance},
 year = {1998}
}

@inproceedings{sutton1998intraoption,
 address = {Madison, Wisconsin, USA},
 author = {Sutton, Richard S. and Precup, Doina and Singh, Satinder},
 booktitle = {Proceedings of the Fifteenth International Conference on Machine Learning (ICML)},
 editor = {Shavlik, Jude W.},
 month = {July},
 pages = {556--564},
 publisher = {Morgan Kaufmann},
 title = {Intra-Option Learning about Temporally Abstract Actions},
 year = {1998}
}

@inproceedings{tecuci1998teaching,
 address = {Madison, Wisconsin, USA},
 author = {Tecuci, Gheorghe and Keeling, Harry},
 booktitle = {Proceedings of the Fifteenth International Conference on Machine Learning (ICML)},
 editor = {Shavlik, Jude W.},
 month = {July},
 pages = {565--573},
 publisher = {Morgan Kaufmann},
 title = {Teaching an Agent to Test Students},
 year = {1998}
}

@inproceedings{weiss1998problem,
 address = {Madison, Wisconsin, USA},
 author = {Weiss, Gary M. and Hirsh, Haym},
 booktitle = {Proceedings of the Fifteenth International Conference on Machine Learning (ICML)},
 editor = {Shavlik, Jude W.},
 month = {July},
 pages = {574},
 publisher = {Morgan Kaufmann},
 title = {The Problem with Noise and Small Disjuncts},
 year = {1998}
}
