@inproceedings{abe1999associative,
 address = {Bled, Slovenia},
 author = {Abe, Naoki and Long, Philip M.},
 booktitle = {Proceedings of the Sixteenth International Conference on Machine Learning (ICML)},
 editor = {Bratko, Ivan and Dzeroski, Saso},
 month = {June},
 pages = {3--11},
 publisher = {Morgan Kaufmann},
 title = {Associative Reinforcement Learning using Linear Probabilistic Concepts},
 year = {1999}
}

@inproceedings{abe1999learning,
 address = {Bled, Slovenia},
 author = {Abe, Naoki and Nakamura, Atsuyoshi},
 booktitle = {Proceedings of the Sixteenth International Conference on Machine Learning (ICML)},
 editor = {Bratko, Ivan and Dzeroski, Saso},
 month = {June},
 pages = {12--21},
 publisher = {Morgan Kaufmann},
 title = {Learning to Optimally Schedule Internet Banner Advertisements},
 year = {1999}
}

@inproceedings{blanzieri1999minimum,
 address = {Bled, Slovenia},
 author = {Blanzieri, Enrico and Ricci, Francesco},
 booktitle = {Proceedings of the Sixteenth International Conference on Machine Learning (ICML)},
 editor = {Bratko, Ivan and Dzeroski, Saso},
 month = {June},
 pages = {22--31},
 publisher = {Morgan Kaufmann},
 title = {A Minimum Risk Metric for Nearest Neighbor Classification},
 year = {1999}
}

@inproceedings{bontempi1999local,
 address = {Bled, Slovenia},
 author = {Bontempi, Gianluca and Birattari, Mauro and Bersini, Hugues},
 booktitle = {Proceedings of the Sixteenth International Conference on Machine Learning (ICML)},
 editor = {Bratko, Ivan and Dzeroski, Saso},
 month = {June},
 pages = {32--38},
 publisher = {Morgan Kaufmann},
 title = {Local Learning for Iterated Time-Series Prediction},
 year = {1999}
}

@inproceedings{bosch1999instance,
 address = {Bled, Slovenia},
 author = {Bosch, Antal van den},
 booktitle = {Proceedings of the Sixteenth International Conference on Machine Learning (ICML)},
 editor = {Bratko, Ivan and Dzeroski, Saso},
 month = {June},
 pages = {39--48},
 publisher = {Morgan Kaufmann},
 title = {Instance-Family Abstraction in Memory-Based Language Learning},
 year = {1999}
}

@inproceedings{boyan1999least,
 address = {Bled, Slovenia},
 author = {Boyan, Justin A.},
 booktitle = {Proceedings of the Sixteenth International Conference on Machine Learning (ICML)},
 editor = {Bratko, Ivan and Dzeroski, Saso},
 month = {June},
 pages = {49--56},
 publisher = {Morgan Kaufmann},
 title = {Least-Squares Temporal Difference Learning},
 year = {1999}
}

@inproceedings{brodie1999learning,
 address = {Bled, Slovenia},
 author = {Brodie, Mark and DeJong, Gerald},
 booktitle = {Proceedings of the Sixteenth International Conference on Machine Learning (ICML)},
 editor = {Bratko, Ivan and Dzeroski, Saso},
 month = {June},
 pages = {57--66},
 publisher = {Morgan Kaufmann},
 title = {Learning to Ride a Bicycle using Iterated Phantom Induction},
 year = {1999}
}

@inproceedings{burgard1999sonar,
 address = {Bled, Slovenia},
 author = {Burgard, Wolfram and Fox, Dieter and Jans, Hauke and Matenar, Christian and Thrun, Sebastian},
 booktitle = {Proceedings of the Sixteenth International Conference on Machine Learning (ICML)},
 editor = {Bratko, Ivan and Dzeroski, Saso},
 month = {June},
 pages = {67--76},
 publisher = {Morgan Kaufmann},
 title = {Sonar-Based Mapping of Large-Scale Mobile Robot Environments using EM},
 year = {1999}
}

@inproceedings{cadez1999hierarchical,
 address = {Bled, Slovenia},
 author = {Cadez, Igor V. and McLaren, Christine E. and Smyth, Padhraic and McLachlan, Geoffrey J.},
 booktitle = {Proceedings of the Sixteenth International Conference on Machine Learning (ICML)},
 editor = {Bratko, Ivan and Dzeroski, Saso},
 month = {June},
 pages = {77--86},
 publisher = {Morgan Kaufmann},
 title = {Hierarchical Models for Screening of Iron Deficiency Anemia},
 year = {1999}
}

@inproceedings{cardie1999combining,
 address = {Bled, Slovenia},
 author = {Cardie, Claire and Mardis, Scott Anthony and Pierce, David R.},
 booktitle = {Proceedings of the Sixteenth International Conference on Machine Learning (ICML)},
 editor = {Bratko, Ivan and Dzeroski, Saso},
 month = {June},
 pages = {87--96},
 publisher = {Morgan Kaufmann},
 title = {Combining Error-Driven Pruning and Classification for Partial Parsing},
 year = {1999}
}

@inproceedings{fan1999adacost,
 address = {Bled, Slovenia},
 author = {Fan, Wei and Stolfo, Salvatore J. and Zhang, Junxin and Chan, Philip K.},
 booktitle = {Proceedings of the Sixteenth International Conference on Machine Learning (ICML)},
 editor = {Bratko, Ivan and Dzeroski, Saso},
 month = {June},
 pages = {97--105},
 publisher = {Morgan Kaufmann},
 title = {AdaCost: Misclassification Cost-Sensitive Boosting},
 year = {1999}
}

@inproceedings{firoiu1999abstracting,
 address = {Bled, Slovenia},
 author = {Firoiu, Laura and Cohen, Paul R.},
 booktitle = {Proceedings of the Sixteenth International Conference on Machine Learning (ICML)},
 editor = {Bratko, Ivan and Dzeroski, Saso},
 month = {June},
 pages = {106--114},
 publisher = {Morgan Kaufmann},
 title = {Abstracting from Robot Sensor Data using Hidden Markov Models},
 year = {1999}
}

@inproceedings{frank1999making,
 address = {Bled, Slovenia},
 author = {Frank, Eibe and Witten, Ian H.},
 booktitle = {Proceedings of the Sixteenth International Conference on Machine Learning (ICML)},
 editor = {Bratko, Ivan and Dzeroski, Saso},
 month = {June},
 pages = {115--123},
 publisher = {Morgan Kaufmann},
 title = {Making Better Use of Global Discretization},
 year = {1999}
}

@inproceedings{freund1999alternating,
 address = {Bled, Slovenia},
 author = {Freund, Yoav and Mason, Llew},
 booktitle = {Proceedings of the Sixteenth International Conference on Machine Learning (ICML)},
 editor = {Bratko, Ivan and Dzeroski, Saso},
 month = {June},
 pages = {124--133},
 publisher = {Morgan Kaufmann},
 title = {The Alternating Decision Tree Learning Algorithm},
 year = {1999}
}

@inproceedings{gama1999discriminant,
 address = {Bled, Slovenia},
 author = {Gama, Jo√£o},
 booktitle = {Proceedings of the Sixteenth International Conference on Machine Learning (ICML)},
 editor = {Bratko, Ivan and Dzeroski, Saso},
 month = {June},
 pages = {134--142},
 publisher = {Morgan Kaufmann},
 title = {Discriminant Trees},
 year = {1999}
}

@inproceedings{gamberger1999experiments,
 address = {Bled, Slovenia},
 author = {Gamberger, Dragan and Lavrac, Nada and Groselj, Ciril},
 booktitle = {Proceedings of the Sixteenth International Conference on Machine Learning (ICML)},
 editor = {Bratko, Ivan and Dzeroski, Saso},
 month = {June},
 pages = {143--151},
 publisher = {Morgan Kaufmann},
 title = {Experiments with Noise Filtering in a Medical Domain},
 year = {1999}
}

@inproceedings{gervasio1999learning,
 address = {Bled, Slovenia},
 author = {Gervasio, Melinda T. and Iba, Wayne and Langley, Pat},
 booktitle = {Proceedings of the Sixteenth International Conference on Machine Learning (ICML)},
 editor = {Bratko, Ivan and Dzeroski, Saso},
 month = {June},
 pages = {152--161},
 publisher = {Morgan Kaufmann},
 title = {Learning User Evaluation Functions for Adaptive Scheduling Assistance},
 year = {1999}
}

@inproceedings{giordana1999on,
 address = {Bled, Slovenia},
 author = {Giordana, Attilio and Piola, Roberto},
 booktitle = {Proceedings of the Sixteenth International Conference on Machine Learning (ICML)},
 editor = {Bratko, Ivan and Dzeroski, Saso},
 month = {June},
 pages = {162--170},
 publisher = {Morgan Kaufmann},
 title = {On Some Misbehaviour of Back-Propagation with Non-Normalized RBFNs and a Solution},
 year = {1999}
}

@inproceedings{harries1999boosting,
 address = {Bled, Slovenia},
 author = {Harries, Michael Bonnell},
 booktitle = {Proceedings of the Sixteenth International Conference on Machine Learning (ICML)},
 editor = {Bratko, Ivan and Dzeroski, Saso},
 month = {June},
 pages = {171--180},
 publisher = {Morgan Kaufmann},
 title = {Boosting a Strong Learner: Evidence Against the Minimum Margin},
 year = {1999}
}

@inproceedings{hu1999detecting,
 address = {Bled, Slovenia},
 author = {Hu, Yuh-Jyh and S, Suzanne B. and Meyer, and Kibler, Dennis F.},
 booktitle = {Proceedings of the Sixteenth International Conference on Machine Learning (ICML)},
 editor = {Bratko, Ivan and Dzeroski, Saso},
 month = {June},
 pages = {181--190},
 publisher = {Morgan Kaufmann},
 title = {Detecting Motifs from Sequences},
 year = {1999}
}

@inproceedings{iijima1999distributed,
 address = {Bled, Slovenia},
 author = {Iijima, Daisuke and Yu, Wenwei and Yokoi, Hiroshi and Kakazu, Yukinori},
 booktitle = {Proceedings of the Sixteenth International Conference on Machine Learning (ICML)},
 editor = {Bratko, Ivan and Dzeroski, Saso},
 month = {June},
 pages = {191--199},
 publisher = {Morgan Kaufmann},
 title = {Distributed Robotic Learning: Adaptive Behavior Acquisition for Distributed Autonomous Swimming Robot in Real World},
 year = {1999}
}

@inproceedings{joachims1999transductive,
 address = {Bled, Slovenia},
 author = {Joachims, Thorsten},
 booktitle = {Proceedings of the Sixteenth International Conference on Machine Learning (ICML)},
 editor = {Bratko, Ivan and Dzeroski, Saso},
 month = {June},
 pages = {200--209},
 publisher = {Morgan Kaufmann},
 title = {Transductive Inference for Text Classification using Support Vector Machines},
 year = {1999}
}

@inproceedings{kadous1999learning,
 address = {Bled, Slovenia},
 author = {Kadous, Mohammed Waleed},
 booktitle = {Proceedings of the Sixteenth International Conference on Machine Learning (ICML)},
 editor = {Bratko, Ivan and Dzeroski, Saso},
 month = {June},
 pages = {454--463},
 publisher = {Morgan Kaufmann},
 title = {Learning Comprehensible Descriptions of Multivariate Time Series},
 year = {1999}
}

@inproceedings{kimura1999efficient,
 address = {Bled, Slovenia},
 author = {Kimura, Hajime and Kobayashi, Shigenobu},
 booktitle = {Proceedings of the Sixteenth International Conference on Machine Learning (ICML)},
 editor = {Bratko, Ivan and Dzeroski, Saso},
 month = {June},
 pages = {210--219},
 publisher = {Morgan Kaufmann},
 title = {Efficient Non-Linear Control by Combining Q-learning with Local Linear Controllers},
 year = {1999}
}

@inproceedings{langley1999tractable,
 address = {Bled, Slovenia},
 author = {Langley, Pat and Sage, Stephanie},
 booktitle = {Proceedings of the Sixteenth International Conference on Machine Learning (ICML)},
 editor = {Bratko, Ivan and Dzeroski, Saso},
 month = {June},
 pages = {220--228},
 publisher = {Morgan Kaufmann},
 title = {Tractable Average-Case Analysis of Naive Bayesian Classifiers},
 year = {1999}
}

@inproceedings{lent1999learning,
 address = {Bled, Slovenia},
 author = {Lent, Michael van and Laird, John E.},
 booktitle = {Proceedings of the Sixteenth International Conference on Machine Learning (ICML)},
 editor = {Bratko, Ivan and Dzeroski, Saso},
 month = {June},
 pages = {229--238},
 publisher = {Morgan Kaufmann},
 title = {Learning Hierarchical Performance Knowledge by Observation},
 year = {1999}
}

@inproceedings{meila1999accelerated,
 address = {Bled, Slovenia},
 author = {Meila, Marina},
 booktitle = {Proceedings of the Sixteenth International Conference on Machine Learning (ICML)},
 editor = {Bratko, Ivan and Dzeroski, Saso},
 month = {June},
 pages = {249--257},
 publisher = {Morgan Kaufmann},
 title = {An Accelerated Chow and Liu Algorithm: Fitting Tree Distributions to High-Dimensional Sparse Data},
 year = {1999}
}

@inproceedings{mladenic1999feature,
 address = {Bled, Slovenia},
 author = {Mladenic, Dunja and Grobelnik, Marko},
 booktitle = {Proceedings of the Sixteenth International Conference on Machine Learning (ICML)},
 editor = {Bratko, Ivan and Dzeroski, Saso},
 month = {June},
 pages = {258--267},
 publisher = {Morgan Kaufmann},
 title = {Feature Selection for Unbalanced Class Distribution and Naive Bayes},
 year = {1999}
}

@inproceedings{morik1999combining,
 address = {Bled, Slovenia},
 author = {Morik, Katharina and Brockhausen, Peter and Joachims, Thorsten},
 booktitle = {Proceedings of the Sixteenth International Conference on Machine Learning (ICML)},
 editor = {Bratko, Ivan and Dzeroski, Saso},
 month = {June},
 pages = {268--277},
 publisher = {Morgan Kaufmann},
 title = {Combining Statistical Learning with a Knowledge-Based Approach - A Case Study in Intensive Care Monitoring},
 year = {1999}
}

@inproceedings{ng1999policy,
 address = {Bled, Slovenia},
 author = {Ng, Andrew Y. and Harada, Daishi and Russell, Stuart},
 booktitle = {Proceedings of the Sixteenth International Conference on Machine Learning (ICML)},
 editor = {Bratko, Ivan and Dzeroski, Saso},
 month = {June},
 pages = {278--287},
 publisher = {Morgan Kaufmann},
 title = {Policy Invariance Under Reward Transformations: Theory and Application to Reward Shaping},
 year = {1999}
}

@inproceedings{palhang1999learning,
 address = {Bled, Slovenia},
 author = {Palhang, Maziar and Sowmya, Arcot},
 booktitle = {Proceedings of the Sixteenth International Conference on Machine Learning (ICML)},
 editor = {Bratko, Ivan and Dzeroski, Saso},
 month = {June},
 pages = {288--297},
 publisher = {Morgan Kaufmann},
 title = {Learning Discriminatory and Descriptive Rules by an Inductive Logic Programming System},
 year = {1999}
}

@inproceedings{parekh1999simple,
 address = {Bled, Slovenia},
 author = {Parekh, Rajesh and Honavar, Vasant G.},
 booktitle = {Proceedings of the Sixteenth International Conference on Machine Learning (ICML)},
 editor = {Bratko, Ivan and Dzeroski, Saso},
 month = {June},
 pages = {298--306},
 publisher = {Morgan Kaufmann},
 title = {Simple DFA are Polynomially Probably Exactly Learnable from Simple Examples},
 year = {1999}
}

@inproceedings{peshkin1999learning,
 address = {Bled, Slovenia},
 author = {Peshkin, Leonid and Meuleau, Nicolas and Kaelbling, Leslie Pack},
 booktitle = {Proceedings of the Sixteenth International Conference on Machine Learning (ICML)},
 editor = {Bratko, Ivan and Dzeroski, Saso},
 month = {June},
 pages = {307--314},
 publisher = {Morgan Kaufmann},
 title = {Learning Policies with External Memory},
 year = {1999}
}

@inproceedings{pompe1999noise,
 address = {Bled, Slovenia},
 author = {Pompe, Uros},
 booktitle = {Proceedings of the Sixteenth International Conference on Machine Learning (ICML)},
 editor = {Bratko, Ivan and Dzeroski, Saso},
 month = {June},
 pages = {315--324},
 publisher = {Morgan Kaufmann},
 title = {Noise-Tolerant Recursive Best-First Induction},
 year = {1999}
}

@inproceedings{price1999implicit,
 address = {Bled, Slovenia},
 author = {Price, Bob and Boutilier, Craig},
 booktitle = {Proceedings of the Sixteenth International Conference on Machine Learning (ICML)},
 editor = {Bratko, Ivan and Dzeroski, Saso},
 month = {June},
 pages = {325--334},
 publisher = {Morgan Kaufmann},
 title = {Implicit Imitation in Multiagent Reinforcement Learning},
 year = {1999}
}

@inproceedings{rennie1999using,
 address = {Bled, Slovenia},
 author = {Rennie, Jason and McCallum, Andrew Kachites},
 booktitle = {Proceedings of the Sixteenth International Conference on Machine Learning (ICML)},
 editor = {Bratko, Ivan and Dzeroski, Saso},
 month = {June},
 pages = {335--343},
 publisher = {Morgan Kaufmann},
 title = {Using Reinforcement Learning to Spider the Web Efficiently},
 year = {1999}
}

@inproceedings{robniksikonja1999attribute,
 address = {Bled, Slovenia},
 author = {Robnik-Sikonja, Marko and Kononenko, Igor},
 booktitle = {Proceedings of the Sixteenth International Conference on Machine Learning (ICML)},
 editor = {Bratko, Ivan and Dzeroski, Saso},
 month = {June},
 pages = {344--353},
 publisher = {Morgan Kaufmann},
 title = {Attribute Dependencies, Understandability and Split Selection in Tree Based Models},
 year = {1999}
}

@inproceedings{sakakibara1999gabased,
 address = {Bled, Slovenia},
 author = {Sakakibara, Yasubumi and Kondo, Mitsuhiro},
 booktitle = {Proceedings of the Sixteenth International Conference on Machine Learning (ICML)},
 editor = {Bratko, Ivan and Dzeroski, Saso},
 month = {June},
 pages = {354--360},
 publisher = {Morgan Kaufmann},
 title = {GA-based Learning of Context-Free Grammars using Tabular Representations},
 year = {1999}
}

@inproceedings{scheffer1999expected,
 address = {Bled, Slovenia},
 author = {Scheffer, Tobias and Joachims, Thorsten},
 booktitle = {Proceedings of the Sixteenth International Conference on Machine Learning (ICML)},
 editor = {Bratko, Ivan and Dzeroski, Saso},
 month = {June},
 pages = {361--370},
 publisher = {Morgan Kaufmann},
 title = {Expected Error Analysis for Model Selection},
 year = {1999}
}

@inproceedings{schneider1999distributed,
 address = {Bled, Slovenia},
 author = {Schneider, Jeff G. and Wong, Weng-Keen and Moore, Andrew W. and Riedmiller, Martin A.},
 booktitle = {Proceedings of the Sixteenth International Conference on Machine Learning (ICML)},
 editor = {Bratko, Ivan and Dzeroski, Saso},
 month = {June},
 pages = {371--378},
 publisher = {Morgan Kaufmann},
 title = {Distributed Value Functions},
 year = {1999}
}

@inproceedings{scott1999feature,
 address = {Bled, Slovenia},
 author = {Scott, Sam and Matwin, Stan},
 booktitle = {Proceedings of the Sixteenth International Conference on Machine Learning (ICML)},
 editor = {Bratko, Ivan and Dzeroski, Saso},
 month = {June},
 pages = {379--388},
 publisher = {Morgan Kaufmann},
 title = {Feature Engineering for Text Classification},
 year = {1999}
}

@inproceedings{talavera1999feature,
 address = {Bled, Slovenia},
 author = {Talavera, Luis},
 booktitle = {Proceedings of the Sixteenth International Conference on Machine Learning (ICML)},
 editor = {Bratko, Ivan and Dzeroski, Saso},
 month = {June},
 pages = {389--397},
 publisher = {Morgan Kaufmann},
 title = {Feature Selection as a Preprocessing Step for Hierarchical Clustering},
 year = {1999}
}

@inproceedings{talbert1999optkd,
 address = {Bled, Slovenia},
 author = {Talbert, Douglas A. and Fisher, Douglas H.},
 booktitle = {Proceedings of the Sixteenth International Conference on Machine Learning (ICML)},
 editor = {Bratko, Ivan and Dzeroski, Saso},
 month = {June},
 pages = {398--405},
 publisher = {Morgan Kaufmann},
 title = {OPT-KD: An Algorithm for Optimizing Kd-Trees},
 year = {1999}
}

@inproceedings{teng1999correcting,
 address = {Bled, Slovenia},
 author = {Teng, Choh Man},
 booktitle = {Proceedings of the Sixteenth International Conference on Machine Learning (ICML)},
 editor = {Bratko, Ivan and Dzeroski, Saso},
 month = {June},
 pages = {239--248},
 publisher = {Morgan Kaufmann},
 title = {Correcting Noisy Data},
 year = {1999}
}

@inproceedings{thompson1999active,
 address = {Bled, Slovenia},
 author = {Thompson, Cynthia A. and Califf, Mary Elaine and Mooney, Raymond J.},
 booktitle = {Proceedings of the Sixteenth International Conference on Machine Learning (ICML)},
 editor = {Bratko, Ivan and Dzeroski, Saso},
 month = {June},
 pages = {406--414},
 publisher = {Morgan Kaufmann},
 title = {Active Learning for Natural Language Parsing and Information Extraction},
 year = {1999}
}

@inproceedings{thrun1999monte,
 address = {Bled, Slovenia},
 author = {Thrun, Sebastian and Langford, John and Fox, Dieter},
 booktitle = {Proceedings of the Sixteenth International Conference on Machine Learning (ICML)},
 editor = {Bratko, Ivan and Dzeroski, Saso},
 month = {June},
 pages = {415--424},
 publisher = {Morgan Kaufmann},
 title = {Monte Carlo Hidden Markov Models: Learning Non-Parametric Models of Partially Observable Stochastic Processes},
 year = {1999}
}

@inproceedings{utgoff1999approximation,
 address = {Bled, Slovenia},
 author = {Utgoff, Paul E. and Stracuzzi, David J.},
 booktitle = {Proceedings of the Sixteenth International Conference on Machine Learning (ICML)},
 editor = {Bratko, Ivan and Dzeroski, Saso},
 month = {June},
 pages = {425--432},
 publisher = {Morgan Kaufmann},
 title = {Approximation Via Value Unification},
 year = {1999}
}

@inproceedings{vaithyanathan1999model,
 address = {Bled, Slovenia},
 author = {Vaithyanathan, Shivakumar and Dom, Byron},
 booktitle = {Proceedings of the Sixteenth International Conference on Machine Learning (ICML)},
 editor = {Bratko, Ivan and Dzeroski, Saso},
 month = {June},
 pages = {433--443},
 publisher = {Morgan Kaufmann},
 title = {Model Selection in Unsupervised Learning with Applications To Document Clustering},
 year = {1999}
}

@inproceedings{vovk1999machine,
 address = {Bled, Slovenia},
 author = {Vovk, Volodya and Alex and Gammerman, Er and Saunders, Craig},
 booktitle = {Proceedings of the Sixteenth International Conference on Machine Learning (ICML)},
 editor = {Bratko, Ivan and Dzeroski, Saso},
 month = {June},
 pages = {444--453},
 publisher = {Morgan Kaufmann},
 title = {Machine-Learning Applications of Algorithmic Randomness},
 year = {1999}
}

@inproceedings{wang1999hierarchical,
 address = {Bled, Slovenia},
 author = {Wang, Gang and Mahadevan, Sridhar},
 booktitle = {Proceedings of the Sixteenth International Conference on Machine Learning (ICML)},
 editor = {Bratko, Ivan and Dzeroski, Saso},
 month = {June},
 pages = {464--473},
 publisher = {Morgan Kaufmann},
 title = {Hierarchical Optimization of Policy-Coupled Semi-Markov Decision Processes},
 year = {1999}
}

@inproceedings{wu1999large,
 address = {Bled, Slovenia},
 author = {Wu, Donghui and Bennett, Kristin P. and Cristianini, Nello and Shawe-Taylor, John},
 booktitle = {Proceedings of the Sixteenth International Conference on Machine Learning (ICML)},
 editor = {Bratko, Ivan and Dzeroski, Saso},
 month = {June},
 pages = {474--483},
 publisher = {Morgan Kaufmann},
 title = {Large Margin Trees for Induction and Transduction},
 year = {1999}
}

@inproceedings{zhang1999region,
 address = {Bled, Slovenia},
 author = {Zhang, Wei},
 booktitle = {Proceedings of the Sixteenth International Conference on Machine Learning (ICML)},
 editor = {Bratko, Ivan and Dzeroski, Saso},
 month = {June},
 pages = {484--492},
 publisher = {Morgan Kaufmann},
 title = {An Region-Based Learning Approach to Discovering Temporal Structures in Data},
 year = {1999}
}

@inproceedings{zheng1999lazy,
 address = {Bled, Slovenia},
 author = {Zheng, Zijian and Webb, Geoffrey I. and Ting, Kai Ming},
 booktitle = {Proceedings of the Sixteenth International Conference on Machine Learning (ICML)},
 editor = {Bratko, Ivan and Dzeroski, Saso},
 month = {June},
 pages = {493--502},
 publisher = {Morgan Kaufmann},
 title = {Lazy Bayesian Rules: A Lazy Semi-Naive Bayesian Learning Technique Competitive to Boosting Decision Trees},
 year = {1999}
}

@inproceedings{zhou1999hybrid,
 address = {Bled, Slovenia},
 author = {Zhou, Yuanhui and Brodley, Carla E.},
 booktitle = {Proceedings of the Sixteenth International Conference on Machine Learning (ICML)},
 editor = {Bratko, Ivan and Dzeroski, Sa≈°o},
 month = {June},
 pages = {503},
 publisher = {Morgan Kaufmann},
 title = {A Hybrid Lazy-Eager Approach to Reducing the Computation and Memory Requirements of Local Parametric Learning Algorithms},
 year = {1999}
}
