@inproceedings{aler2000knowledge,
  address =      {Stanford, California, USA},
  author =       {Aler, Ricardo and Borrajo, Daniel and Isasi, Pedro},
  booktitle =    {Proceedings of the Seventeenth International
                  Conference on Machine Learning (ICML)},
  editor =       {Langley, Pat},
  month =        {June},
  openalex =     {W1546743882},
  pages =        {1--8},
  publisher =    {Morgan Kaufmann},
  title =        {Knowledge Representation Issues in Control Knowledge
                  Learning},
  year =         2000
}

@inproceedings{alex2000sparse,
  address =      {Stanford, California, USA},
  author =       {Alex and Smola, E. J. and Schölkopf, Bernhard},
  booktitle =    {Proceedings of the Seventeenth International
                  Conference on Machine Learning (ICML)},
  editor =       {Langley, Pat},
  month =        {June},
  pages =        {911--918},
  publisher =    {Morgan Kaufmann},
  series =       {Proceedings},
  title =        {Sparse Greedy Matrix Approximation for Machine
                  Learning},
  year =         2000
}

@inproceedings{allen2000model,
  address =      {Stanford, California, USA},
  author =       {Allen, Tim Van and Greiner, Russell},
  booktitle =    {Proceedings of the Seventeenth International
                  Conference on Machine Learning (ICML)},
  editor =       {Langley, Pat},
  month =        {June},
  openalex =     {W1503703685},
  pages =        {1047--1054},
  publisher =    {Morgan Kaufmann},
  series =       {Proceedings},
  title =        {Model Selection Criteria for Learning Belief Nets:
                  An Empirical Comparison},
  year =         2000
}

@inproceedings{allwein2000reducing,
  address =      {Stanford, California, USA},
  author =       {Allwein, Erin L. and Schapire, Robert E. and Singer,
                  Yoram},
  booktitle =    {Proceedings of the Seventeenth International
                  Conference on Machine Learning (ICML)},
  editor =       {Langley, Pat},
  month =        {June},
  openalex =     {W1588401315},
  pages =        {9--16},
  publisher =    {Morgan Kaufmann},
  title =        {Reducing Multiclass to Binary: A Unifying Approach
                  for Margin Classifiers},
  year =         2000
}

@inproceedings{anderson2000behavioral,
  address =      {Stanford, California, USA},
  author =       {Anderson, Charles W. and Draper, Bruce A. and
                  Peterson, David A.},
  booktitle =    {Proceedings of the Seventeenth International
                  Conference on Machine Learning (ICML)},
  editor =       {Langley, Pat},
  month =        {June},
  openalex =     {W207103225},
  pages =        {25--32},
  publisher =    {Morgan Kaufmann},
  title =        {Behavioral Cloning of Student Pilots with Modular
                  Neural Networks},
  year =         2000
}

@inproceedings{anderson2000nonparametric,
  address =      {Stanford, California, USA},
  author =       {Anderson, Brigham and More, Andrew W. and Cohn,
                  David},
  booktitle =    {Proceedings of the Seventeenth International
                  Conference on Machine Learning (ICML)},
  editor =       {Langley, Pat},
  month =        {June},
  openalex =     {W1593706890},
  pages =        {17--24},
  publisher =    {Morgan Kaufmann},
  title =        {A Nonparametric Approach to Noisy and Costly
                  Optimization},
  year =         2000
}

@inproceedings{banerjee2000combining,
  address =      {Stanford, California, USA},
  author =       {Banerjee, Bikramjit and Debnath, Ipsita and Sen,
                  Ipsita},
  booktitle =    {Proceedings of the Seventeenth International
                  Conference on Machine Learning (ICML)},
  editor =       {Langley, Pat},
  month =        {June},
  pages =        {33--40},
  publisher =    {Morgan Kaufmann},
  title =        {Combining Multiple Perspectives},
  year =         2000
}

@inproceedings{baxter2000reinforcement,
  address =      {Stanford, California, USA},
  author =       {Baxter, Jonathan and Bartlett, Peter L.},
  booktitle =    {Proceedings of the Seventeenth International
                  Conference on Machine Learning (ICML)},
  editor =       {Langley, Pat},
  month =        {June},
  openalex =     {W1594871463},
  pages =        {41--48},
  publisher =    {Morgan Kaufmann},
  title =        {Reinforcement Learning in POMDP's via Direct
                  Gradient Ascent},
  year =         2000
}

@inproceedings{bay2000characterizing,
  address =      {Stanford, California, USA},
  author =       {Bay, Stephen D. and Pazzani, Michael J.},
  booktitle =    {Proceedings of the Seventeenth International
                  Conference on Machine Learning (ICML)},
  editor =       {Langley, Pat},
  month =        {June},
  pages =        {49--56},
  publisher =    {Morgan Kaufmann},
  title =        {Characterizing Model Errors and Differences},
  year =         2000
}

@inproceedings{bennett2000column,
  address =      {Stanford, California, USA},
  author =       {Bennet, K. and Demiriz, Ayhan and Shawe‐Taylor,
                  John},
  booktitle =    {Proceedings of the Seventeenth International
                  Conference on Machine Learning (ICML)},
  editor =       {Langley, Pat},
  month =        {June},
  openalex =     {W1899157803},
  pages =        {65--72},
  publisher =    {Morgan Kaufmann},
  title =        {A Column Generation Algorithm For Boosting},
  year =         2000
}

@inproceedings{bennett2000duality,
  address =      {Stanford, California, USA},
  author =       {Bennett, Kristin P. and Bredensteiner, Erin J.},
  booktitle =    {Proceedings of the Seventeenth International
                  Conference on Machine Learning (ICML)},
  editor =       {Langley, Pat},
  month =        {June},
  openalex =     {W1604585277},
  pages =        {57--64},
  publisher =    {Morgan Kaufmann},
  title =        {Duality and Geometry in SVM Classifiers},
  year =         2000
}

@inproceedings{boicu2000disciplecoa,
  address =      {Stanford, California, USA},
  author =       {Boicu, Mihai and Tecuci, Gheorghe and Marcu, Dorin
                  and Bowman, Michael and Shyr, Ping and Ciucu, Florin
                  and Levcovici, Cristian},
  booktitle =    {Proceedings of the Seventeenth International
                  Conference on Machine Learning (ICML)},
  editor =       {Langley, Pat},
  month =        {June},
  openalex =     {W2167044001},
  pages =        {73--80},
  publisher =    {Morgan Kaufmann},
  title =        {Disciple-COA: From Agent Programming to Agent
                  Teaching},
  year =         2000
}

@inproceedings{bosch2000unpacking,
  address =      {Stanford, California, USA},
  author =       {Bosch, Antal van den and Zavrel, Jakub},
  booktitle =    {Proceedings of the Seventeenth International
                  Conference on Machine Learning (ICML)},
  editor =       {Langley, Pat},
  month =        {June},
  openalex =     {W1575396198},
  pages =        {1055--1062},
  publisher =    {Morgan Kaufmann},
  series =       {Proceedings},
  title =        {Unpacking Multi-valued Symbolic Features and Classes
                  in Memory-Based Language Learning},
  year =         2000
}

@inproceedings{bowers2000classification,
  address =      {Stanford, California, USA},
  author =       {Bowers, Antony Francis and Giraud-Carrier,
                  Christophe G. and Lloyd, John W.},
  booktitle =    {Proceedings of the Seventeenth International
                  Conference on Machine Learning (ICML)},
  editor =       {Langley, Pat},
  month =        {June},
  pages =        {81--88},
  publisher =    {Morgan Kaufmann},
  title =        {Classification of Individuals with Complex
                  Structure},
  year =         2000
}

@inproceedings{bowling2000convergence,
  address =      {Stanford, California, USA},
  author =       {Bowling, Michael},
  booktitle =    {Proceedings of the Seventeenth International
                  Conference on Machine Learning (ICML)},
  editor =       {Langley, Pat},
  month =        {June},
  openalex =     {W1515108343},
  pages =        {89--94},
  publisher =    {Morgan Kaufmann},
  title =        {Convergence Problems of General-Sum Multiagent
                  Reinforcement Learning},
  year =         2000
}

@inproceedings{brutlag2000challenges,
  address =      {Stanford, California, USA},
  author =       {Brutlag, Jake D. and Meek, Christopher},
  booktitle =    {Proceedings of the Seventeenth International
                  Conference on Machine Learning (ICML)},
  editor =       {Langley, Pat},
  month =        {June},
  openalex =     {W1562482579},
  pages =        {103--110},
  publisher =    {Morgan Kaufmann},
  title =        {Challenges of the Email Domain for Text
                  Classification},
  year =         2000
}

@inproceedings{campbell2000dimension,
  address =      {Stanford, California, USA},
  author =       {Campbell, William M. and Torkkola, Kari and
                  Balakrishnan, Sreeream V.},
  booktitle =    {Proceedings of the Seventeenth International
                  Conference on Machine Learning (ICML)},
  editor =       {Langley, Pat},
  month =        {June},
  openalex =     {W1660126653},
  pages =        {119--126},
  publisher =    {Morgan Kaufmann},
  title =        {Dimension Reduction Techniques for Training
                  Polynomial Networks},
  year =         2000
}

@inproceedings{campbell2000query,
  address =      {Stanford, California, USA},
  author =       {Campbell, Colin and Cristianini, Nello and Smola,
                  Alex},
  booktitle =    {Proceedings of the Seventeenth International
                  Conference on Machine Learning (ICML)},
  editor =       {Langley, Pat},
  month =        {June},
  openalex =     {W1483816357},
  pages =        {111--118},
  publisher =    {Morgan Kaufmann},
  title =        {Query Learning with Large Margin Classifiers},
  year =         2000
}

@inproceedings{chang2000learning,
  address =      {Stanford, California, USA},
  author =       {Chang, Huan and Cohn, David and McCallum, Andrew},
  booktitle =    {Proceedings of the Seventeenth International
                  Conference on Machine Learning (ICML)},
  editor =       {Langley, Pat},
  month =        {June},
  openalex =     {W1528332570},
  pages =        {127--134},
  publisher =    {Morgan Kaufmann},
  title =        {Learning to Create Customized Authority Lists},
  year =         2000
}

@inproceedings{choi2000learning,
  address =      {Stanford, California, USA},
  author =       {Choi, Yong Suk and Yoo, Suk I.},
  booktitle =    {Proceedings of the Seventeenth International
                  Conference on Machine Learning (ICML)},
  editor =       {Langley, Pat},
  month =        {June},
  openalex =     {W46809264},
  pages =        {135--142},
  publisher =    {Morgan Kaufmann},
  title =        {Learning to Select Text Databases with Neural Nets},
  year =         2000
}

@inproceedings{chown2000divide,
  address =      {Stanford, California, USA},
  author =       {Chown, Eric and Dietterich, Thomas G.},
  booktitle =    {Proceedings of the Seventeenth International
                  Conference on Machine Learning (ICML)},
  editor =       {Langley, Pat},
  month =        {June},
  openalex =     {W1517277565},
  pages =        {143--150},
  publisher =    {Morgan Kaufmann},
  title =        {A Divide and Conquer Approach to Learning from Prior
                  Knowledge},
  year =         2000
}

@inproceedings{cohen2000automatically,
  address =      {Stanford, California, USA},
  author =       {Cohen, William W.},
  booktitle =    {Proceedings of the Seventeenth International
                  Conference on Machine Learning (ICML)},
  editor =       {Langley, Pat},
  month =        {June},
  openalex =     {W1585711447},
  pages =        {159--166},
  publisher =    {Morgan Kaufmann},
  title =        {Automatically Extracting Features for Concept
                  Learning from the Web},
  year =         2000
}

@inproceedings{cohn2000learning,
  address =      {Stanford, California, USA},
  author =       {Cohn, David and Chang, Huan},
  booktitle =    {Proceedings of the Seventeenth International
                  Conference on Machine Learning (ICML)},
  editor =       {Langley, Pat},
  month =        {June},
  openalex =     {W1738091461},
  pages =        {167--174},
  publisher =    {Morgan Kaufmann},
  title =        {Learning to Probabilistically Identify Authoritative
                  Documents},
  year =         2000
}

@inproceedings{collins2000discriminative,
  address =      {Stanford, California, USA},
  author =       {Collins, Michael J.},
  booktitle =    {Proceedings of the Seventeenth International
                  Conference on Machine Learning (ICML)},
  editor =       {Langley, Pat},
  month =        {June},
  openalex =     {W3021452258},
  pages =        {175--182},
  publisher =    {Morgan Kaufmann},
  title =        {Discriminative Reranking for Natural Language
                  Parsing},
  year =         2000
}

@inproceedings{colton2000automatic,
  address =      {Stanford, California, USA},
  author =       {Colton, Simon and Bundy, Alan and Walsh, Toby},
  booktitle =    {Proceedings of the Seventeenth International
                  Conference on Machine Learning (ICML)},
  editor =       {Langley, Pat},
  month =        {June},
  openalex =     {W1890599079},
  pages =        {183--190},
  publisher =    {Morgan Kaufmann},
  title =        {Automatic Identification of Mathematical Concepts},
  year =         2000
}

@inproceedings{conradt2000online,
  address =      {Stanford, California, USA},
  author =       {Conradt, Jörg and Tevatia, G. and Vijayakumar, Sethu
                  and Schaal, Stefan},
  booktitle =    {Proceedings of the Seventeenth International
                  Conference on Machine Learning (ICML)},
  editor =       {Langley, Pat},
  month =        {June},
  openalex =     {W2097038759},
  pages =        {191--198},
  publisher =    {Morgan Kaufmann},
  title =        {On-line Learning for Humanoid Robot Systems},
  year =         2000
}

@inproceedings{craven2000using,
  address =      {Stanford, California, USA},
  author =       {Craven, Mark and Page, David and Shavlik, Jude and
                  Bockhorst, Joseph and Glasner, Jeremy D.},
  booktitle =    {Proceedings of the Seventeenth International
                  Conference on Machine Learning (ICML)},
  editor =       {Langley, Pat},
  month =        {June},
  openalex =     {W2142748674},
  pages =        {199--206},
  publisher =    {Morgan Kaufmann},
  title =        {Using Multiple Levels of Learning and Diverse
                  Evidence to Uncover Coordinately Controlled Genes},
  year =         2000
}

@inproceedings{dejong2000hidden,
  address =      {Stanford, California, USA},
  author =       {DeJong, Gerald},
  booktitle =    {Proceedings of the Seventeenth International
                  Conference on Machine Learning (ICML)},
  editor =       {Langley, Pat},
  month =        {June},
  openalex =     {W24473057},
  pages =        {215--222},
  publisher =    {Morgan Kaufmann},
  title =        {Hidden Strengths and Limitations: An Empirical
                  Investigation of Reinforcement Learning},
  year =         2000
}

@inproceedings{domingos2000bayesian,
  address =      {Stanford, California, USA},
  author =       {Domingos, Pedro},
  booktitle =    {Proceedings of the Seventeenth International
                  Conference on Machine Learning (ICML)},
  editor =       {Langley, Pat},
  month =        {June},
  openalex =     {W1585009072},
  pages =        {223--230},
  publisher =    {Morgan Kaufmann},
  title =        {Bayesian Averaging of Classifiers and the
                  Overfitting Problem},
  year =         2000
}

@inproceedings{domingos2000unified,
  address =      {Stanford, California, USA},
  author =       {Domingos, Pedro M.},
  booktitle =    {Proceedings of the Seventeenth International
                  Conference on Machine Learning (ICML)},
  editor =       {Langley, Pat},
  month =        {June},
  pages =        {231--238},
  publisher =    {Morgan Kaufmann},
  title =        {A Unified Bias-Variance Decomposition and its
                  Applications},
  year =         2000
}

@inproceedings{drummond2000exploiting,
  address =      {Stanford, California, USA},
  author =       {Drummond, Chris and Holte, Robert C.},
  booktitle =    {Proceedings of the Seventeenth International
                  Conference on Machine Learning (ICML)},
  editor =       {Langley, Pat},
  month =        {June},
  openalex =     {W2147834490},
  pages =        {239--246},
  publisher =    {Morgan Kaufmann},
  title =        {Exploiting the Cost (In)sensitivity of Decision Tree
                  Splitting Criteria},
  year =         2000
}

@inproceedings{dy2000feature,
  address =      {Stanford, California, USA},
  author =       {Dy, Jennifer and Brodley, Carla E.},
  booktitle =    {Proceedings of the Seventeenth International
                  Conference on Machine Learning (ICML)},
  editor =       {Langley, Pat},
  month =        {June},
  openalex =     {W1581499779},
  pages =        {247--254},
  publisher =    {Morgan Kaufmann},
  title =        {Feature Subset Selection and Order Identification
                  for Unsupervised Learning},
  year =         2000
}

@inproceedings{eskin2000anomaly,
  address =      {Stanford, California, USA},
  author =       {Eskin, Eleazar},
  booktitle =    {Proceedings of the Seventeenth International
                  Conference on Machine Learning (ICML)},
  editor =       {Langley, Pat},
  month =        {June},
  openalex =     {W1543388142},
  pages =        {255--262},
  publisher =    {Morgan Kaufmann},
  title =        {Anomaly Detection over Noisy Data using Learned
                  Probability Distributions},
  year =         2000
}

@inproceedings{esposito2000ideal,
  address =      {Stanford, California, USA},
  author =       {Esposito, Floriana and Fanizzi, Nicola and Ferilli,
                  Stefano and Semeraro, Giovanni},
  booktitle =    {Proceedings of the Seventeenth International
                  Conference on Machine Learning (ICML)},
  editor =       {Langley, Pat},
  month =        {June},
  openalex =     {W1486741968},
  pages =        {263--270},
  publisher =    {Morgan Kaufmann},
  title =        {Ideal Theory Refinement under Object Identity},
  year =         2000
}

@inproceedings{evgeniou2000bounds,
  address =      {Stanford, California, USA},
  author =       {Evgeniou, Theodoros and Perez-Breva, Luis and
                  Pontil, Massimiliano and Poggio, Tomaso},
  booktitle =    {Proceedings of the Seventeenth International
                  Conference on Machine Learning (ICML)},
  editor =       {Langley, Pat},
  month =        {June},
  openalex =     {W1489125359},
  pages =        {271--278},
  publisher =    {Morgan Kaufmann},
  title =        {Bounds on the Generalization Performance of Kernel
                  Machine Ensembles},
  year =         2000
}

@inproceedings{farias2000fixed,
  address =      {Stanford, California, USA},
  author =       {Farias, Daniela Pucci de and Roy, Benjamin Van},
  booktitle =    {Proceedings of the Seventeenth International
                  Conference on Machine Learning (ICML)},
  editor =       {Langley, Pat},
  month =        {June},
  openalex =     {W1583072328},
  pages =        {207--214},
  publisher =    {Morgan Kaufmann},
  title =        {On the Existence of Fixed Points for Approximate
                  Value Iteration and Temporal-Difference Learning},
  year =         2000
}

@inproceedings{fern2000online,
  address =      {Stanford, California, USA},
  author =       {Fern, Alan and Givan, Robert},
  booktitle =    {Proceedings of the Seventeenth International
                  Conference on Machine Learning (ICML)},
  editor =       {Langley, Pat},
  month =        {June},
  openalex =     {W3021542438},
  pages =        {279--286},
  publisher =    {Morgan Kaufmann},
  title =        {Online Ensemble Learning: An Empirical Study},
  year =         2000
}

@inproceedings{fiechter2000learning,
  address =      {Stanford, California, USA},
  author =       {Fiechter, Claude-Nicolas and Rogers, Seth},
  booktitle =    {Proceedings of the Seventeenth International
                  Conference on Machine Learning (ICML)},
  editor =       {Langley, Pat},
  month =        {June},
  openalex =     {W1530396003},
  pages =        {287--294},
  publisher =    {Morgan Kaufmann},
  title =        {Learning Subjective Functions with Large Margins},
  year =         2000
}

@inproceedings{forster2000relative,
  address =      {Stanford, California, USA},
  author =       {Forster, Jürgen and Warmuth, Manfred K.},
  booktitle =    {Proceedings of the Seventeenth International
                  Conference on Machine Learning (ICML)},
  editor =       {Langley, Pat},
  month =        {June},
  openalex =     {W2795056610},
  pages =        {295--302},
  publisher =    {Morgan Kaufmann},
  title =        {Relative Loss Bounds for Temporal-Difference
                  Learning},
  year =         2000
}

@inproceedings{ghani2000using,
  address =      {Stanford, California, USA},
  author =       {Ghani, Rayid},
  booktitle =    {Proceedings of the Seventeenth International
                  Conference on Machine Learning (ICML)},
  editor =       {Langley, Pat},
  month =        {June},
  openalex =     {W1600295424},
  pages =        {303--310},
  publisher =    {Morgan Kaufmann},
  title =        {Using Error-Correcting Codes for Text
                  Classification},
  year =         2000
}

@inproceedings{giordana2000analyzing,
  address =      {Stanford, California, USA},
  author =       {Giordana, Attilio and Saitta, Lorenza and Sébag,
                  Michèle and Botta, Marco},
  booktitle =    {Proceedings of the Seventeenth International
                  Conference on Machine Learning (ICML)},
  editor =       {Langley, Pat},
  month =        {June},
  openalex =     {W1601320252},
  pages =        {311--318},
  publisher =    {Morgan Kaufmann},
  title =        {Analyzing Relational Learning in the Phase
                  Transition Framework},
  year =         2000
}

@inproceedings{goldberg2000learning,
  address =      {Stanford, California, USA},
  author =       {Goldberg, Dani and Matarić, Maja J.},
  booktitle =    {Proceedings of the Seventeenth International
                  Conference on Machine Learning (ICML)},
  editor =       {Langley, Pat},
  month =        {June},
  openalex =     {W1575821574},
  pages =        {319--326},
  publisher =    {Morgan Kaufmann},
  title =        {Learning Multiple Models for Reward Maximization},
  year =         2000
}

@inproceedings{goldman2000enhancing,
  address =      {Stanford, California, USA},
  author =       {Goldman, Sally A. and Zhou, Yan},
  booktitle =    {Proceedings of the Seventeenth International
                  Conference on Machine Learning (ICML)},
  editor =       {Langley, Pat},
  month =        {June},
  openalex =     {W1756896031},
  pages =        {327--334},
  publisher =    {Morgan Kaufmann},
  title =        {Enhancing Supervised Learning with Unlabeled Data},
  year =         2000
}

@inproceedings{gordon2000learning,
  address =      {Stanford, California, USA},
  author =       {Gordon, Geoffrey J. and Moore, Andrew E.},
  booktitle =    {Proceedings of the Seventeenth International
                  Conference on Machine Learning (ICML)},
  editor =       {Langley, Pat},
  month =        {June},
  openalex =     {W2913284948},
  pages =        {335--342},
  publisher =    {Morgan Kaufmann},
  title =        {Learning Filaments},
  year =         2000
}

@inproceedings{grudic2000localizing,
  address =      {Stanford, California, USA},
  author =       {Grudić, Gregory Z. and Ungar, Lyle},
  booktitle =    {Proceedings of the Seventeenth International
                  Conference on Machine Learning (ICML)},
  editor =       {Langley, Pat},
  month =        {June},
  openalex =     {W1821927670},
  pages =        {343--350},
  publisher =    {Morgan Kaufmann},
  title =        {Localizing Policy Gradient Estimates to Action
                  Transition},
  year =         2000
}

@inproceedings{hall2000correlationbased,
  address =      {Stanford, California, USA},
  author =       {Hall, Mark A.},
  booktitle =    {Proceedings of the Seventeenth International
                  Conference on Machine Learning (ICML)},
  editor =       {Langley, Pat},
  month =        {June},
  openalex =     {W1560107318},
  pages =        {359--366},
  publisher =    {Morgan Kaufmann},
  title =        {Correlation-based Feature Selection for Discrete and
                  Numeric Class Machine Learning},
  year =         2000
}

@inproceedings{hall2000learning,
  address =      {Stanford, California, USA},
  author =       {Hall, Keith and Hofmann, Thomas},
  booktitle =    {Proceedings of the Seventeenth International
                  Conference on Machine Learning (ICML)},
  editor =       {Langley, Pat},
  month =        {June},
  openalex =     {W1491101954},
  pages =        {351--358},
  publisher =    {Morgan Kaufmann},
  title =        {Learning Curved Multinomial Subfamilies for Natural
                  Language Processing and Information Retrieval},
  year =         2000
}

@inproceedings{heskes2000empirical,
  address =      {Stanford, California, USA},
  author =       {Heskes, Tom},
  booktitle =    {Proceedings of the Seventeenth International
                  Conference on Machine Learning (ICML)},
  editor =       {Langley, Pat},
  month =        {June},
  openalex =     {W1510488293},
  pages =        {367--374},
  publisher =    {Morgan Kaufmann},
  title =        {Empirical Bayes for Learning to Learn},
  year =         2000
}

@inproceedings{hoste2000metalearning,
  address =      {Stanford, California, USA},
  author =       {Hoste, Véronique and Daelemans, Walter and Sang,
                  Erik F. Tjong Kim and Gillis, Steven},
  booktitle =    {Proceedings of the Seventeenth International
                  Conference on Machine Learning (ICML)},
  editor =       {Langley, Pat},
  month =        {June},
  openalex =     {W2170335544},
  pages =        {375--382},
  publisher =    {Morgan Kaufmann},
  title =        {Meta-Learning for Phonemic Annotation of Corpora},
  year =         2000
}

@inproceedings{hougen2000integrated,
  address =      {Stanford, California, USA},
  author =       {Hougen, Dean F. and Gini, Maria and Slagle, James
                  R.},
  booktitle =    {Proceedings of the Seventeenth International
                  Conference on Machine Learning (ICML)},
  editor =       {Langley, Pat},
  month =        {June},
  openalex =     {W1514215627},
  pages =        {383--390},
  publisher =    {Morgan Kaufmann},
  title =        {An Integrated Connectionist Approach to
                  Reinforcement Learning for Robotic Control},
  year =         2000
}

@inproceedings{howe2000data,
  address =      {Stanford, California, USA},
  author =       {Howe, Nicholas R.},
  booktitle =    {Proceedings of the Seventeenth International
                  Conference on Machine Learning (ICML)},
  editor =       {Langley, Pat},
  month =        {June},
  openalex =     {W202456800},
  pages =        {391--398},
  publisher =    {Morgan Kaufmann},
  title =        {Data as Ensembles of Records: Representation and
                  Comparison},
  year =         2000
}

@inproceedings{hsu2000why,
  address =      {Stanford, California, USA},
  author =       {Hsu, Chun‐Nan and Huang, Hung-Ju and Wong,
                  Tzu-Tsung},
  booktitle =    {Proceedings of the Seventeenth International
                  Conference on Machine Learning (ICML)},
  editor =       {Langley, Pat},
  month =        {June},
  openalex =     {W105178432},
  pages =        {399--406},
  publisher =    {Morgan Kaufmann},
  title =        {Why Discretization Works for Naive Bayesian
                  Classifiers},
  year =         2000
}

@inproceedings{hu2000experimental,
  address =      {Stanford, California, USA},
  author =       {Hu, Junling and Wellman, Michael P.},
  booktitle =    {Proceedings of the Seventeenth International
                  Conference on Machine Learning (ICML)},
  editor =       {Langley, Pat},
  month =        {June},
  openalex =     {W1548536111},
  pages =        {407--414},
  publisher =    {Morgan Kaufmann},
  title =        {Experimental Results on Q-Learning for General-Sum
                  Stochastic Games},
  year =         2000
}

@inproceedings{huang2000learning,
  address =      {Stanford, California, USA},
  author =       {Huang, Yi‐Cheng and Selman, Bart and Kautz, Henry},
  booktitle =    {Proceedings of the Seventeenth International
                  Conference on Machine Learning (ICML)},
  editor =       {Langley, Pat},
  month =        {June},
  openalex =     {W1535996098},
  pages =        {415--422},
  publisher =    {Morgan Kaufmann},
  title =        {Learning Declarative Control Rules for
                  Constraint-BAsed Planning},
  year =         2000
}

@inproceedings{jiang2000approximate,
  address =      {Stanford, California, USA},
  author =       {Jiang, Fan and Littman, Michael L.},
  booktitle =    {Proceedings of the Seventeenth International
                  Conference on Machine Learning (ICML)},
  editor =       {Langley, Pat},
  month =        {June},
  openalex =     {W1534523911},
  pages =        {423--430},
  publisher =    {Morgan Kaufmann},
  title =        {Approximate Dimension Equalization in Vector-based
                  Information Retrieval},
  year =         2000
}

@inproceedings{joachims2000estimating,
  address =      {Stanford, California, USA},
  author =       {Joachims, Thorsten},
  booktitle =    {Proceedings of the Seventeenth International
                  Conference on Machine Learning (ICML)},
  editor =       {Langley, Pat},
  month =        {June},
  openalex =     {W1539150806},
  pages =        {431--438},
  publisher =    {Morgan Kaufmann},
  title =        {Estimating the Generalization Performance of an SVM
                  Efficiently},
  year =         2000
}

@inproceedings{jr2000learning,
  address =      {Stanford, California, USA},
  author =       {Coelho, Jefferson A. Jr. and Grupen, Roderic A.},
  booktitle =    {Proceedings of the Seventeenth International
                  Conference on Machine Learning (ICML)},
  editor =       {Langley, Pat},
  month =        {June},
  pages =        {151--158},
  publisher =    {Morgan Kaufmann},
  title =        {Learning in Non-stationary Conditions: A Control
                  Theoretic Approach},
  year =         2000
}

@inproceedings{ju2000statebased,
  address =      {Stanford, California, USA},
  author =       {Ju, Peter and Kaelbling, Leslie Pack and Singer,
                  Yoram},
  booktitle =    {Proceedings of the Seventeenth International
                  Conference on Machine Learning (ICML)},
  editor =       {Langley, Pat},
  month =        {June},
  openalex =     {W1550759342},
  pages =        {439--446},
  publisher =    {Morgan Kaufmann},
  title =        {State-based Classification of Finger Gestures from
                  Electromyographic Signals},
  year =         2000
}

@inproceedings{katayama2000universal,
  address =      {Stanford, California, USA},
  author =       {Katayama, Susumu and Kimura, Hajime and Kobayashi,
                  Shigenobu},
  booktitle =    {Proceedings of the Seventeenth International
                  Conference on Machine Learning (ICML)},
  editor =       {Langley, Pat},
  month =        {June},
  openalex =     {W2542886},
  pages =        {447--454},
  publisher =    {Morgan Kaufmann},
  title =        {A Universal Generalization for Temporal-Difference
                  Learning Using Haar Basis Functions},
  year =         2000
}

@inproceedings{kaynak2000multistage,
  address =      {Stanford, California, USA},
  author =       {Kaynak, C. and Alpaydın, Ethem},
  booktitle =    {Proceedings of the Seventeenth International
                  Conference on Machine Learning (ICML)},
  editor =       {Langley, Pat},
  month =        {June},
  openalex =     {W25785297},
  pages =        {455--462},
  publisher =    {Morgan Kaufmann},
  title =        {MultiStage Cascading of Multiple Classifiers: One
                  Man's Noise is Another Man's Data},
  year =         2000
}

@inproceedings{kephart2000pseudo,
  address =      {Stanford, California, USA},
  author =       {Kephart, Jeffrey O. and Tesauro, Gerald},
  booktitle =    {Proceedings of the Seventeenth International
                  Conference on Machine Learning (ICML)},
  editor =       {Langley, Pat},
  month =        {June},
  openalex =     {W1519149214},
  pages =        {463--470},
  publisher =    {Morgan Kaufmann},
  title =        {Pseudo-convergent Q-Learning by Competitive
                  Pricebots},
  year =         2000
}

@inproceedings{khardon2000learning,
  address =      {Stanford, California, USA},
  author =       {Arias, Marta and Khardon, Roni and Maloberti,
                  Jérôme},
  booktitle =    {Proceedings of the Seventeenth International
                  Conference on Machine Learning (ICML)},
  editor =       {Langley, Pat},
  month =        {June},
  openalex =     {W2131102221},
  pages =        {471--478},
  publisher =    {Morgan Kaufmann},
  title =        {Learning Horn Expressions with LOGAN-H},
  year =         2000
}

@inproceedings{kim2000learning,
  address =      {Stanford, California, USA},
  author =       {Kim, Zu Whan and Nevatia, Ramakant},
  booktitle =    {Proceedings of the Seventeenth International
                  Conference on Machine Learning (ICML)},
  editor =       {Langley, Pat},
  month =        {June},
  openalex =     {W1541025961},
  pages =        {479--486},
  publisher =    {Morgan Kaufmann},
  title =        {Learning Bayesian Networks for Diverse and Varying
                  numbers of Evidence Sets},
  year =         2000
}

@inproceedings{klinkenberg2000detecting,
  address =      {Stanford, California, USA},
  author =       {Klinkenberg, Ralf and Joachims, Thorsten},
  booktitle =    {Proceedings of the Seventeenth International
                  Conference on Machine Learning (ICML)},
  editor =       {Langley, Pat},
  month =        {June},
  openalex =     {W1907380269},
  pages =        {487--494},
  publisher =    {Morgan Kaufmann},
  title =        {Detecting Concept Drift with Support Vector
                  Machines},
  year =         2000
}

@inproceedings{komarek2000dynamic,
  address =      {Stanford, California, USA},
  author =       {Komarek, Paul and Moore, Andrew},
  booktitle =    {Proceedings of the Seventeenth International
                  Conference on Machine Learning (ICML)},
  editor =       {Langley, Pat},
  month =        {June},
  openalex =     {W2139059214},
  pages =        {495--502},
  publisher =    {Morgan Kaufmann},
  title =        {A Dynamic Adaptation of AD-trees for Efficient
                  Machine Learning on Large Data Sets},
  year =         2000
}

@inproceedings{kubat2000voting,
  address =      {Stanford, California, USA},
  author =       {Kubát, Miroslav and Cooperson, Martin},
  booktitle =    {Proceedings of the Seventeenth International
                  Conference on Machine Learning (ICML)},
  editor =       {Langley, Pat},
  month =        {June},
  openalex =     {W1559072943},
  pages =        {503--510},
  publisher =    {Morgan Kaufmann},
  title =        {Voting Nearest-Neighbor Subclassifiers},
  year =         2000
}

@inproceedings{lagoudakis2000algorithm,
  address =      {Stanford, California, USA},
  author =       {Lagoudakis, Michail G. and Littman, Michael L.},
  booktitle =    {Proceedings of the Seventeenth International
                  Conference on Machine Learning (ICML)},
  editor =       {Langley, Pat},
  month =        {June},
  openalex =     {W1492936035},
  pages =        {511--518},
  publisher =    {Morgan Kaufmann},
  title =        {Algorithm Selection using Reinforcement Learning},
  year =         2000
}

@inproceedings{lane2000data,
  address =      {Stanford, California, USA},
  author =       {Lane, Terran and Brodley, Carla E.},
  booktitle =    {Proceedings of the Seventeenth International
                  Conference on Machine Learning (ICML)},
  editor =       {Langley, Pat},
  month =        {June},
  openalex =     {W1608809306},
  pages =        {519--526},
  publisher =    {Morgan Kaufmann},
  title =        {Data Reduction Techniques for Instance-Based
                  Learning from Human/Computer Interface Data},
  year =         2000
}

@inproceedings{langley2000crafting,
  address =      {Stanford, California, USA},
  author =       {Langley, Pat},
  booktitle =    {Proceedings of the Seventeenth International
                  Conference on Machine Learning (ICML)},
  editor =       {Langley, Pat},
  month =        {June},
  openalex =     {W1532854728},
  pages =        {1207--1216},
  publisher =    {Morgan Kaufmann},
  series =       {Proceedings},
  title =        {Crafting Papers on Machine Learning},
  year =         2000
}

@inproceedings{lau2000version,
  address =      {Stanford, California, USA},
  author =       {Lau, Tessa A. and Domingos, Pedro M. and Weld,
                  Daniel S.},
  booktitle =    {Proceedings of the Seventeenth International
                  Conference on Machine Learning (ICML)},
  editor =       {Langley, Pat},
  month =        {June},
  pages =        {527--534},
  publisher =    {Morgan Kaufmann},
  title =        {Version Space Algebra and its Application to
                  Programming by Demonstration},
  year =         2000
}

@inproceedings{lauer2000algorithm,
  address =      {Stanford, California, USA},
  author =       {Lauer, Martin and Riedmiller, Martin},
  booktitle =    {Proceedings of the Seventeenth International
                  Conference on Machine Learning (ICML)},
  editor =       {Langley, Pat},
  month =        {June},
  openalex =     {W1560074431},
  pages =        {535--542},
  publisher =    {Morgan Kaufmann},
  title =        {An Algorithm for Distributed Reinforcement Learning
                  in Cooperative Multi-Agent Systems},
  year =         2000
}

@inproceedings{li2000bayesian,
  address =      {Stanford, California, USA},
  author =       {Li, Cen and Biswas, Gautam},
  booktitle =    {Proceedings of the Seventeenth International
                  Conference on Machine Learning (ICML)},
  editor =       {Langley, Pat},
  month =        {June},
  openalex =     {W1480276090},
  pages =        {543--550},
  publisher =    {Morgan Kaufmann},
  title =        {A Bayesian Approach to Temporal Data Clustering
                  using Hidden Markov Models},
  year =         2000
}

@inproceedings{li2000selective,
  address =      {Stanford, California, USA},
  author =       {Li, Yi},
  booktitle =    {Proceedings of the Seventeenth International
                  Conference on Machine Learning (ICML)},
  editor =       {Langley, Pat},
  month =        {June},
  openalex =     {W1537299585},
  pages =        {559--566},
  publisher =    {Morgan Kaufmann},
  title =        {Selective Voting for Perception-like Online
                  Learning},
  year =         2000
}

@inproceedings{li2000space,
  address =      {Stanford, California, USA},
  author =       {Li, Jinyan and Ramamohanarao, Kotagiri and Dong,
                  Guozhu},
  booktitle =    {Proceedings of the Seventeenth International
                  Conference on Machine Learning (ICML)},
  editor =       {Langley, Pat},
  month =        {June},
  openalex =     {W1483730712},
  pages =        {551--558},
  publisher =    {Morgan Kaufmann},
  title =        {The Space of Jumping Emerging Patterns and Its
                  Incremental Maintenance Algorithms},
  year =         2000
}

@inproceedings{maloof2000initial,
  address =      {Stanford, California, USA},
  author =       {Maloof, Marcus A.},
  booktitle =    {Proceedings of the Seventeenth International
                  Conference on Machine Learning (ICML)},
  editor =       {Langley, Pat},
  month =        {June},
  openalex =     {W1607401844},
  pages =        {567--574},
  publisher =    {Morgan Kaufmann},
  title =        {An Initial Study of an Adaptive Hierarchical Vision
                  System},
  year =         2000
}

@inproceedings{mamitsuka2000efficient,
  address =      {Stanford, California, USA},
  author =       {Mamitsuka, Hiroshi and Abe, Naoki},
  booktitle =    {Proceedings of the Seventeenth International
                  Conference on Machine Learning (ICML)},
  editor =       {Langley, Pat},
  month =        {June},
  openalex =     {W1583454553},
  pages =        {575--582},
  publisher =    {Morgan Kaufmann},
  title =        {Efficient Mining from Large Databases by Query
                  Learning},
  year =         2000
}

@inproceedings{margineantu2000bootstrap,
  address =      {Stanford, California, USA},
  author =       {Margineantu, Dragos D. and Dietterich, Thomas G.},
  booktitle =    {Proceedings of the Seventeenth International
                  Conference on Machine Learning (ICML)},
  editor =       {Langley, Pat},
  month =        {June},
  openalex =     {W1607965943},
  pages =        {583--590},
  publisher =    {Morgan Kaufmann},
  title =        {Bootstrap Methods for the Cost-Sensitive Evaluation
                  of Classifiers},
  year =         2000
}

@inproceedings{mccallum2000maximum,
  address =      {Stanford, California, USA},
  author =       {McCallum, Andrew and Freitag, Dayne and Pereira,
                  Fernando C. N.},
  booktitle =    {Proceedings of the Seventeenth International
                  Conference on Machine Learning (ICML)},
  editor =       {Langley, Pat},
  month =        {June},
  openalex =     {W1934019294},
  pages =        {591--598},
  publisher =    {Morgan Kaufmann},
  title =        {Maximum Entropy Markov Models for Information
                  Extraction and Segmentation},
  year =         2000
}

@inproceedings{mclachlan2000mixtures,
  address =      {Stanford, California, USA},
  author =       {McLachlan, Geoffrey J. and Peel, David},
  booktitle =    {Proceedings of the Seventeenth International
                  Conference on Machine Learning (ICML)},
  editor =       {Langley, Pat},
  month =        {June},
  openalex =     {W2023831651},
  pages =        {599--606},
  publisher =    {Morgan Kaufmann},
  title =        {Mixtures of Factor Analyzers},
  year =         2000
}

@inproceedings{mitchell2000boosting,
  address =      {Stanford, California, USA},
  author =       {Mitchell, A. R.},
  booktitle =    {Proceedings of the Seventeenth International
                  Conference on Machine Learning (ICML)},
  editor =       {Langley, Pat},
  month =        {June},
  openalex =     {W1770570342},
  pages =        {607--614},
  publisher =    {Morgan Kaufmann},
  title =        {Boosting'' a Positive-Data-Only Learner},
  year =         2000
}

@inproceedings{moll2000machine,
  address =      {Stanford, California, USA},
  author =       {Moll, Robert N. and Perkins, Theodore J. and Barto,
                  Andrew G.},
  booktitle =    {Proceedings of the Seventeenth International
                  Conference on Machine Learning (ICML)},
  editor =       {Langley, Pat},
  month =        {June},
  openalex =     {W1500603392},
  pages =        {615--622},
  publisher =    {Morgan Kaufmann},
  title =        {Machine Learning for Subproblem Selection},
  year =         2000
}

@inproceedings{morimoto2000acquisition,
  address =      {Stanford, California, USA},
  author =       {Morimoto, Jun and Doya, Kenji},
  booktitle =    {Proceedings of the Seventeenth International
                  Conference on Machine Learning (ICML)},
  editor =       {Langley, Pat},
  month =        {June},
  openalex =     {W2167647761},
  pages =        {623--630},
  publisher =    {Morgan Kaufmann},
  title =        {Acquisition of stand-up behavior by a real robot
                  using hierarchical reinforcement learning},
  year =         2000
}

@inproceedings{muggleton2000learning,
  address =      {Stanford, California, USA},
  author =       {Muggleton, Stephen and Bryant, Christopher H. and
                  Srinivasan, Ashwin},
  booktitle =    {Proceedings of the Seventeenth International
                  Conference on Machine Learning (ICML)},
  editor =       {Langley, Pat},
  month =        {June},
  openalex =     {W1556635360},
  pages =        {631--638},
  publisher =    {Morgan Kaufmann},
  title =        {Learning Chomsky-like Grammars for Biological
                  Sequence Families},
  year =         2000
}

@inproceedings{mullin2000complete,
  address =      {Stanford, California, USA},
  author =       {Mullin, Matthew D. and Sukthankar, Rahul},
  booktitle =    {Proceedings of the Seventeenth International
                  Conference on Machine Learning (ICML)},
  editor =       {Langley, Pat},
  month =        {June},
  openalex =     {W1550865358},
  pages =        {639--646},
  publisher =    {Morgan Kaufmann},
  title =        {Complete Cross-Validation for Nearest Neighbor
                  Classifiers},
  year =         2000
}

@inproceedings{munos2000rates,
  address =      {Stanford, California, USA},
  author =       {Munos, Rémi and Moore, Andrew W.},
  booktitle =    {Proceedings of the Seventeenth International
                  Conference on Machine Learning (ICML)},
  editor =       {Langley, Pat},
  month =        {June},
  openalex =     {W199168817},
  pages =        {647--654},
  publisher =    {Morgan Kaufmann},
  title =        {Rates of Convergence for Variable Resolution Schemes
                  in Optimal Control},
  year =         2000
}

@inproceedings{myers2000boosting,
  address =      {Stanford, California, USA},
  author =       {Myers, Kary and Kearns, Michael and Singh, Satinder
                  and Walker, Marilyn},
  booktitle =    {Proceedings of the Seventeenth International
                  Conference on Machine Learning (ICML)},
  editor =       {Langley, Pat},
  month =        {June},
  openalex =     {W1561056154},
  pages =        {655--662},
  publisher =    {Morgan Kaufmann},
  title =        {A Boosting Approach to Topic Spotting on
                  Subdialogues},
  year =         2000
}

@inproceedings{ng2000algorithms,
  address =      {Stanford, California, USA},
  author =       {Ng, Andrew Y. and Russell, Stuart},
  booktitle =    {Proceedings of the Seventeenth International
                  Conference on Machine Learning (ICML)},
  editor =       {Langley, Pat},
  month =        {June},
  pages =        {663--670},
  publisher =    {Morgan Kaufmann},
  title =        {Algorithms for Inverse Reinforcement Learning},
  year =         2000
}

@inproceedings{nikovski2000learning,
  address =      {Stanford, California, USA},
  author =       {Nikovski, Daniel and Nourbakhsh, Illah},
  booktitle =    {Proceedings of the Seventeenth International
                  Conference on Machine Learning (ICML)},
  editor =       {Langley, Pat},
  month =        {June},
  openalex =     {W32785352},
  pages =        {671--678},
  publisher =    {Morgan Kaufmann},
  title =        {Learning Probabilistic Models for Decision-Theoretic
                  Navigation of Mobile Robots},
  year =         2000
}

@inproceedings{niyogi2000approach,
  address =      {Stanford, California, USA},
  author =       {Niyogi, Partha and Karmarkar, Narendra},
  booktitle =    {Proceedings of the Seventeenth International
                  Conference on Machine Learning (ICML)},
  editor =       {Langley, Pat},
  month =        {June},
  openalex =     {W1491106248},
  pages =        {679--686},
  publisher =    {Morgan Kaufmann},
  title =        {An Approach to Data Reduction and Clustering with
                  Theoretical Guarantees},
  year =         2000
}

@inproceedings{nomoto2000comparing,
  address =      {Stanford, California, USA},
  author =       {Nomoto, Tadashi and Matsumoto, Yūji},
  booktitle =    {Proceedings of the Seventeenth International
                  Conference on Machine Learning (ICML)},
  editor =       {Langley, Pat},
  month =        {June},
  openalex =     {W1496828627},
  pages =        {687--694},
  publisher =    {Morgan Kaufmann},
  title =        {Comparing the Minimum Description Length Principle
                  and Boosting in the Automatic Analysis of Discourse},
  year =         2000
}

@inproceedings{o'sullivan2000featureboost,
  address =      {Stanford, California, USA},
  author =       {O’Sullivan, Joseph A. and Langford, John and
                  Caruana, Rich and Blum, Avrim},
  booktitle =    {Proceedings of the Seventeenth International
                  Conference on Machine Learning (ICML)},
  editor =       {Langley, Pat},
  month =        {June},
  openalex =     {W1569504139},
  pages =        {703--710},
  publisher =    {Morgan Kaufmann},
  title =        {FeatureBoost: A Meta-Learning Algorithm that
                  Improves Model Robustness},
  year =         2000
}

@inproceedings{okamoto2000generalized,
  address =      {Stanford, California, USA},
  author =       {Okamoto, Seishi and Yugami, Nobuhiro},
  booktitle =    {Proceedings of the Seventeenth International
                  Conference on Machine Learning (ICML)},
  editor =       {Langley, Pat},
  month =        {June},
  openalex =     {W150803671},
  pages =        {695--702},
  publisher =    {Morgan Kaufmann},
  title =        {Generalized Average-Case Analyses of the Nearest
                  Neighbor Algorithm},
  year =         2000
}

@inproceedings{paccanaro2000learning,
  address =      {Stanford, California, USA},
  author =       {Paccanaro, Alberto and Hinton, Geoffrey E.},
  booktitle =    {Proceedings of the Seventeenth International
                  Conference on Machine Learning (ICML)},
  editor =       {Langley, Pat},
  month =        {June},
  openalex =     {W1595330975},
  pages =        {711--718},
  publisher =    {Morgan Kaufmann},
  title =        {Learning Distributed Representations by Mapping
                  Concepts and Relations into a Linear Space},
  year =         2000
}

@inproceedings{paliouras2000clustering,
  address =      {Stanford, California, USA},
  author =       {Paliouras, Georgios and Papatheodorou, Christos and
                  Karkaletsis, Vangelis and Spyropoulos, Constantine
                  D.},
  booktitle =    {Proceedings of the Seventeenth International
                  Conference on Machine Learning (ICML)},
  editor =       {Langley, Pat},
  month =        {June},
  pages =        {719--726},
  publisher =    {Morgan Kaufmann},
  title =        {Clustering the Users of Large Web Sites into
                  Communities},
  year =         2000
}

@inproceedings{pelleg2000xmeans,
  address =      {Stanford, California, USA},
  author =       {Pelleg, Dan and Moore, Andrew},
  booktitle =    {Proceedings of the Seventeenth International
                  Conference on Machine Learning (ICML)},
  editor =       {Langley, Pat},
  month =        {June},
  openalex =     {W1585610988},
  pages =        {727--734},
  publisher =    {Morgan Kaufmann},
  title =        {X-means: Extending K-means with Efficient Estimation
                  of the Number of Clusters},
  year =         2000
}

@inproceedings{pennock2000normative,
  address =      {Stanford, California, USA},
  author =       {Pennock, David M. and Maynard-Reid, Pedrito and
                  Giles, C. Lee and Horvitz, Eric},
  booktitle =    {Proceedings of the Seventeenth International
                  Conference on Machine Learning (ICML)},
  editor =       {Langley, Pat},
  month =        {June},
  openalex =     {W1578823092},
  pages =        {735--742},
  publisher =    {Morgan Kaufmann},
  title =        {A Normative Examination of Ensemble Learning
                  Algorithms},
  year =         2000
}

@inproceedings{pfahringer2000meta,
  address =      {Stanford, California, USA},
  author =       {Pfahringer, Bernhard and Bensusan, Hilan and
                  Giraud-Carrier, Christophe},
  booktitle =    {Proceedings of the Seventeenth International
                  Conference on Machine Learning (ICML)},
  editor =       {Langley, Pat},
  month =        {June},
  openalex =     {W1519451279},
  pages =        {743--750},
  publisher =    {Morgan Kaufmann},
  title =        {Meta-Learning by Landmarking Various Learning
                  Algorithms},
  year =         2000
}

@inproceedings{piater2000constructive,
  address =      {Stanford, California, USA},
  author =       {Piater, Justus and Grupen, Roderic A.},
  booktitle =    {Proceedings of the Seventeenth International
                  Conference on Machine Learning (ICML)},
  editor =       {Langley, Pat},
  month =        {June},
  openalex =     {W2121852052},
  pages =        {751--758},
  publisher =    {Morgan Kaufmann},
  title =        {Constructive Feature Learning and the Development of
                  Visual Expertise},
  year =         2000
}

@inproceedings{precup2000eligibility,
  address =      {Stanford, California, USA},
  author =       {Precup, Doina and Sutton, Richard S. and Singh,
                  Satinder},
  booktitle =    {Proceedings of the Seventeenth International
                  Conference on Machine Learning (ICML)},
  editor =       {Langley, Pat},
  month =        {June},
  openalex =     {W1514587017},
  pages =        {759--766},
  publisher =    {Morgan Kaufmann},
  title =        {Eligibility Traces for Off-Policy Policy Evaluation},
  year =         2000
}

@inproceedings{r2000combining,
  address =      {Stanford, California, USA},
  author =       {Randløv, Jette and Barto, Andrew G. and Rosenstein,
                  Michael T.},
  booktitle =    {Proceedings of the Seventeenth International
                  Conference on Machine Learning (ICML)},
  editor =       {Langley, Pat},
  month =        {June},
  openalex =     {W1687991450},
  pages =        {775--782},
  publisher =    {Morgan Kaufmann},
  title =        {Combining Reinforcement Learning with a Local
                  Control Algorithm},
  year =         2000
}

@inproceedings{r2000shaping,
  address =      {Stanford, California, USA},
  author =       {Randløv, Jette},
  booktitle =    {Proceedings of the Seventeenth International
                  Conference on Machine Learning (ICML)},
  editor =       {Langley, Pat},
  month =        {June},
  openalex =     {W1592853747},
  pages =        {767--774},
  publisher =    {Morgan Kaufmann},
  title =        {Shaping in Reinforcement Learning by Changing the
                  Physics of the Problem},
  year =         2000
}

@inproceedings{reynolds2000adaptive,
  address =      {Stanford, California, USA},
  author =       {Reynolds, Stuart I.},
  booktitle =    {Proceedings of the Seventeenth International
                  Conference on Machine Learning (ICML)},
  editor =       {Langley, Pat},
  month =        {June},
  openalex =     {W136800639},
  pages =        {783--790},
  publisher =    {Morgan Kaufmann},
  title =        {Adaptive Resolution Model-Free Reinforcement
                  Learning: Decision Boundary Partitioning},
  year =         2000
}

@inproceedings{richter2000knowledge,
  address =      {Stanford, California, USA},
  author =       {Richter, Corinna and Stachowiak, Jörg},
  booktitle =    {Proceedings of the Seventeenth International
                  Conference on Machine Learning (ICML)},
  editor =       {Langley, Pat},
  month =        {June},
  openalex =     {W82051758},
  pages =        {791--798},
  publisher =    {Morgan Kaufmann},
  title =        {Knowledge Propagation in Model-based Reinforcement
                  Learning Tasks},
  year =         2000
}

@inproceedings{rosenberg2000image,
  address =      {Stanford, California, USA},
  author =       {Rosenberg, Charles},
  booktitle =    {Proceedings of the Seventeenth International
                  Conference on Machine Learning (ICML)},
  editor =       {Langley, Pat},
  month =        {June},
  openalex =     {W1527429500},
  pages =        {799--806},
  publisher =    {Morgan Kaufmann},
  title =        {Image Color Constancy Using EM and Cached
                  Statistics},
  year =         2000
}

@inproceedings{ryan2000learning,
  address =      {Stanford, California, USA},
  author =       {Ryan, Malcolm and Reid, Mark D.},
  booktitle =    {Proceedings of the Seventeenth International
                  Conference on Machine Learning (ICML)},
  editor =       {Langley, Pat},
  month =        {June},
  openalex =     {W182645747},
  pages =        {807--814},
  publisher =    {Morgan Kaufmann},
  title =        {Learning to Fly: An Application of Hierarchical
                  Reinforcement Learning},
  year =         2000
}

@inproceedings{rychetsky2000direct,
  address =      {Stanford, California, USA},
  author =       {Rychetsky, M. and Shawe‐Taylor, John and Glesner,
                  Manfred},
  booktitle =    {Proceedings of the Seventeenth International
                  Conference on Machine Learning (ICML)},
  editor =       {Langley, Pat},
  month =        {June},
  openalex =     {W1538429986},
  pages =        {815--822},
  publisher =    {Morgan Kaufmann},
  title =        {Direct Bayes Point Machines},
  year =         2000
}

@inproceedings{sanner2000achieving,
  address =      {Stanford, California, USA},
  author =       {Sanner, Scott and Anderson, John R. and Lebière,
                  Christian and Lovett, Marsha C.},
  booktitle =    {Proceedings of the Seventeenth International
                  Conference on Machine Learning (ICML)},
  editor =       {Langley, Pat},
  month =        {June},
  openalex =     {W2124754061},
  pages =        {823--830},
  publisher =    {Morgan Kaufmann},
  title =        {Achieving Efficient and Cognitively Plausible
                  Learning in Backgammon},
  year =         2000
}

@inproceedings{scheffer2000predicting,
  address =      {Stanford, California, USA},
  author =       {Scheffer, Tobias},
  booktitle =    {Proceedings of the Seventeenth International
                  Conference on Machine Learning (ICML)},
  editor =       {Langley, Pat},
  month =        {June},
  openalex =     {W1511383798},
  pages =        {831--838},
  publisher =    {Morgan Kaufmann},
  title =        {Predicting the Generalization Performance of Cross
                  Validatory Model Selection Criteria},
  year =         2000
}

@inproceedings{schohn2000less,
  address =      {Stanford, California, USA},
  author =       {Schohn, Greg and Cohn, David},
  booktitle =    {Proceedings of the Seventeenth International
                  Conference on Machine Learning (ICML)},
  editor =       {Langley, Pat},
  month =        {June},
  openalex =     {W1514940655},
  pages =        {839--846},
  publisher =    {Morgan Kaufmann},
  series =       {Proceedings},
  title =        {Less is More: Active Learning with Support Vector
                  Machines},
  year =         2000
}

@inproceedings{schuurmans2000adaptive,
  address =      {Stanford, California, USA},
  author =       {Schuurmans, Dale and Southey, Finnegan},
  booktitle =    {Proceedings of the Seventeenth International
                  Conference on Machine Learning (ICML)},
  editor =       {Langley, Pat},
  month =        {June},
  openalex =     {W1540185753},
  pages =        {847--854},
  publisher =    {Morgan Kaufmann},
  series =       {Proceedings},
  title =        {An Adaptive Regularization Criterion for Supervised
                  Learning},
  year =         2000
}

@inproceedings{sebban2000instance,
  address =      {Stanford, California, USA},
  author =       {Sebban, Marc and Nock, Richard},
  booktitle =    {Proceedings of the Seventeenth International
                  Conference on Machine Learning (ICML)},
  editor =       {Langley, Pat},
  month =        {June},
  openalex =     {W1587712229},
  pages =        {855--862},
  publisher =    {Morgan Kaufmann},
  series =       {Proceedings},
  title =        {Instance Pruning as an Information Preserving
                  Problem},
  year =         2000
}

@inproceedings{segal2000incremental,
  address =      {Stanford, California, USA},
  author =       {Segal, Richard and Kephart, Jeffrey O.},
  booktitle =    {Proceedings of the Seventeenth International
                  Conference on Machine Learning (ICML)},
  editor =       {Langley, Pat},
  month =        {June},
  openalex =     {W1504070272},
  pages =        {863--870},
  publisher =    {Morgan Kaufmann},
  series =       {Proceedings},
  title =        {Incremental Learning in SwiftFile},
  year =         2000
}

@inproceedings{shultz2000using,
  address =      {Stanford, California, USA},
  author =       {Shultz, Thomas R. and Rivest, François},
  booktitle =    {Proceedings of the Seventeenth International
                  Conference on Machine Learning (ICML)},
  editor =       {Langley, Pat},
  month =        {June},
  openalex =     {W123380392},
  pages =        {871--878},
  publisher =    {Morgan Kaufmann},
  series =       {Proceedings},
  title =        {Using Knowledge to Speed Learning: A Comparison of
                  Knowledge-based Cascade-correlation and Multi-task
                  Learning},
  year =         2000
}

@inproceedings{silva2000obtaining,
  address =      {Stanford, California, USA},
  author =       {Silva, Ricardo Bezerra de Andrade e and Ludermir,
                  Teresa Bernarda},
  booktitle =    {Proceedings of the Seventeenth International
                  Conference on Machine Learning (ICML)},
  editor =       {Langley, Pat},
  month =        {June},
  pages =        {879--886},
  publisher =    {Morgan Kaufmann},
  series =       {Proceedings},
  title =        {Obtaining Simplified Rule Bases by Hybrid Learning},
  year =         2000
}

@inproceedings{singer2000learning,
  address =      {Stanford, California, USA},
  author =       {Singer, Bryan and Veloso, Manuela},
  booktitle =    {Proceedings of the Seventeenth International
                  Conference on Machine Learning (ICML)},
  editor =       {Langley, Pat},
  month =        {June},
  openalex =     {W1556378383},
  pages =        {887--894},
  publisher =    {Morgan Kaufmann},
  series =       {Proceedings},
  title =        {Learning to Predict Performance from Formula
                  Modeling and Training Data},
  year =         2000
}

@inproceedings{slattery2000discovering,
  address =      {Stanford, California, USA},
  author =       {Slattery, Seán and Mitchell, Tom M.},
  booktitle =    {Proceedings of the Seventeenth International
                  Conference on Machine Learning (ICML)},
  editor =       {Langley, Pat},
  month =        {June},
  openalex =     {W1532285064},
  pages =        {895--902},
  publisher =    {Morgan Kaufmann},
  series =       {Proceedings},
  title =        {Discovering Test Set Regularities in Relational
                  Domains},
  year =         2000
}

@inproceedings{smart2000practical,
  address =      {Stanford, California, USA},
  author =       {Smart, William D. and Kaelbling, Leslie Pack},
  booktitle =    {Proceedings of the Seventeenth International
                  Conference on Machine Learning (ICML)},
  editor =       {Langley, Pat},
  month =        {June},
  openalex =     {W1585546346},
  pages =        {903--910},
  publisher =    {Morgan Kaufmann},
  series =       {Proceedings},
  title =        {Practical Reinforcement Learning in Continuous
                  Spaces},
  year =         2000
}

@inproceedings{soh2000using,
  address =      {Stanford, California, USA},
  author =       {Soh, Leen‐Kiat and Tsatsoulis, Costas},
  booktitle =    {Proceedings of the Seventeenth International
                  Conference on Machine Learning (ICML)},
  editor =       {Langley, Pat},
  month =        {June},
  openalex =     {W2103722980},
  pages =        {919--926},
  publisher =    {Morgan Kaufmann},
  series =       {Proceedings},
  title =        {Using Learning by Discovery to Segment Remotely
                  Sensed Images},
  year =         2000
}

@inproceedings{sridharan2000multiagent,
  address =      {Stanford, California, USA},
  author =       {Sridharan, Manu and Tesauro, G.},
  booktitle =    {Proceedings of the Seventeenth International
                  Conference on Machine Learning (ICML)},
  editor =       {Langley, Pat},
  month =        {June},
  openalex =     {W1483825349},
  pages =        {927--934},
  publisher =    {Morgan Kaufmann},
  series =       {Proceedings},
  title =        {Multi-agent Q-learning and regression trees for
                  automated pricing decisions},
  year =         2000
}

@inproceedings{stone2000tpotrl,
  address =      {Stanford, California, USA},
  author =       {Stone, Peter},
  booktitle =    {Proceedings of the Seventeenth International
                  Conference on Machine Learning (ICML)},
  editor =       {Langley, Pat},
  month =        {June},
  openalex =     {W1862928768},
  pages =        {935--942},
  publisher =    {Morgan Kaufmann},
  series =       {Proceedings},
  title =        {TPOT-RL Applied to Network Routing},
  year =         2000
}

@inproceedings{strens2000bayesian,
  address =      {Stanford, California, USA},
  author =       {Strens, Malcolm J. A.},
  booktitle =    {Proceedings of the Seventeenth International
                  Conference on Machine Learning (ICML)},
  editor =       {Langley, Pat},
  month =        {June},
  openalex =     {W1582436621},
  pages =        {943--950},
  publisher =    {Morgan Kaufmann},
  series =       {Proceedings},
  title =        {A Bayesian Framework for Reinforcement Learning},
  year =         2000
}

@inproceedings{talavera2000feature,
  address =      {Stanford, California, USA},
  author =       {Talavera, Luis},
  booktitle =    {Proceedings of the Seventeenth International
                  Conference on Machine Learning (ICML)},
  editor =       {Langley, Pat},
  month =        {June},
  openalex =     {W1525435190},
  pages =        {951--958},
  publisher =    {Morgan Kaufmann},
  series =       {Proceedings},
  title =        {Feature Selection and Incremental Learning of
                  Probabilistic Concept Hierarchies},
  year =         2000
}

@inproceedings{teller2000efficient,
  address =      {Stanford, California, USA},
  author =       {Teller, Astro and Veloso, Manuela},
  booktitle =    {Proceedings of the Seventeenth International
                  Conference on Machine Learning (ICML)},
  editor =       {Langley, Pat},
  month =        {June},
  openalex =     {W1570530577},
  pages =        {959--966},
  publisher =    {Morgan Kaufmann},
  series =       {Proceedings},
  title =        {Efficient Learning Through Evolution: Neural
                  Programming and Internal Reinforcement},
  year =         2000
}

@inproceedings{teow2000selection,
  address =      {Stanford, California, USA},
  author =       {Teow, Loo-Nin and Loe, Kia-Fock},
  booktitle =    {Proceedings of the Seventeenth International
                  Conference on Machine Learning (ICML)},
  editor =       {Langley, Pat},
  month =        {June},
  openalex =     {W124155150},
  pages =        {967--974},
  publisher =    {Morgan Kaufmann},
  series =       {Proceedings},
  title =        {Selection of Support Vector Kernel Parameters for
                  Improved Generalization},
  year =         2000
}

@inproceedings{thollard2000probabilistic,
  address =      {Stanford, California, USA},
  author =       {Thollard, Franck and Dupont, Pierre and Higuera,
                  Colin de la},
  booktitle =    {Proceedings of the Seventeenth International
                  Conference on Machine Learning (ICML)},
  editor =       {Langley, Pat},
  month =        {June},
  openalex =     {W1683541793},
  pages =        {975--982},
  publisher =    {Morgan Kaufmann},
  series =       {Proceedings},
  title =        {Probabilistic DFA Inference using Kullback-Leibler
                  Divergence and Minimality},
  year =         2000
}

@inproceedings{ting2000comparative,
  address =      {Stanford, California, USA},
  author =       {Ting, Kai Ming},
  booktitle =    {Proceedings of the Seventeenth International
                  Conference on Machine Learning (ICML)},
  editor =       {Langley, Pat},
  month =        {June},
  openalex =     {W2107742354},
  pages =        {983--990},
  publisher =    {Morgan Kaufmann},
  series =       {Proceedings},
  title =        {A Comparative Study of Cost-Sensitive Boosting
                  Algorithms},
  year =         2000
}

@inproceedings{todorovski2000discovering,
  address =      {Stanford, California, USA},
  author =       {Todorovski, Ljupčo and Džeroski, Sašo and
                  Srinivasan, Ashwin and Whiteley, Jonathan and
                  Gavaghan, David J.},
  booktitle =    {Proceedings of the Seventeenth International
                  Conference on Machine Learning (ICML)},
  editor =       {Langley, Pat},
  month =        {June},
  openalex =     {W1550025788},
  pages =        {991--998},
  publisher =    {Morgan Kaufmann},
  series =       {Proceedings},
  title =        {Discovering the Structure of Partial Differential
                  Equations from Example Behaviour},
  year =         2000
}

@inproceedings{tong2000support,
  address =      {Stanford, California, USA},
  author =       {Tong, Simon and Koller, Daphne},
  booktitle =    {Proceedings of the Seventeenth International
                  Conference on Machine Learning (ICML)},
  editor =       {Langley, Pat},
  month =        {June},
  openalex =     {W1515450954},
  pages =        {999--1006},
  publisher =    {Morgan Kaufmann},
  series =       {Proceedings},
  title =        {Support Vector Machine Active Learning with
                  Application sto Text Classification},
  year =         2000
}

@inproceedings{torgo2000partial,
  address =      {Stanford, California, USA},
  author =       {Torgo, Luı́s},
  booktitle =    {Proceedings of the Seventeenth International
                  Conference on Machine Learning (ICML)},
  editor =       {Langley, Pat},
  month =        {June},
  openalex =     {W168200693},
  pages =        {1007--1014},
  publisher =    {Morgan Kaufmann},
  series =       {Proceedings},
  title =        {Partial Linear Trees},
  year =         2000
}

@inproceedings{torkkola2000mutual,
  address =      {Stanford, California, USA},
  author =       {Torkkola, Kari and Campbell, William M.},
  booktitle =    {Proceedings of the Seventeenth International
                  Conference on Machine Learning (ICML)},
  editor =       {Langley, Pat},
  month =        {June},
  openalex =     {W1569914580},
  pages =        {1015--1022},
  publisher =    {Morgan Kaufmann},
  series =       {Proceedings},
  title =        {Mutual Information in Learning Feature
                  Transformations},
  year =         2000
}

@inproceedings{towell2000learning,
  address =      {Stanford, California, USA},
  author =       {Towell, Geoffrey G. and Petsche, Thomas and Miller,
                  Michael R.},
  booktitle =    {Proceedings of the Seventeenth International
                  Conference on Machine Learning (ICML)},
  editor =       {Langley, Pat},
  month =        {June},
  openalex =     {W1588767077},
  pages =        {1031--1038},
  publisher =    {Morgan Kaufmann},
  series =       {Proceedings},
  title =        {Learning Priorities From Noisy Examples},
  year =         2000
}

@inproceedings{towell2000local,
  address =      {Stanford, California, USA},
  author =       {Towell, Geoffrey G.},
  booktitle =    {Proceedings of the Seventeenth International
                  Conference on Machine Learning (ICML)},
  editor =       {Langley, Pat},
  month =        {June},
  openalex =     {W1911632523},
  pages =        {1023--1030},
  publisher =    {Morgan Kaufmann},
  series =       {Proceedings},
  title =        {Local Expert Autoassociators for Anomaly Detection},
  year =         2000
}

@inproceedings{vaithyanathan2000hierarchical,
  address =      {Stanford, California, USA},
  author =       {Vaithyanathan, Shivakumar and Dom, Byron},
  booktitle =    {Proceedings of the Seventeenth International
                  Conference on Machine Learning (ICML)},
  editor =       {Langley, Pat},
  month =        {June},
  openalex =     {W1592327732},
  pages =        {1039--1046},
  publisher =    {Morgan Kaufmann},
  series =       {Proceedings},
  title =        {Hierarchical Unsupervised Learning},
  year =         2000
}

@inproceedings{veeser2000evolutionary,
  address =      {Stanford, California, USA},
  author =       {Veeser, Stefan},
  booktitle =    {Proceedings of the Seventeenth International
                  Conference on Machine Learning (ICML)},
  editor =       {Langley, Pat},
  month =        {June},
  openalex =     {W3555825},
  pages =        {1071--1078},
  publisher =    {Morgan Kaufmann},
  series =       {Proceedings},
  title =        {An Evolutionary Approach to Evidence-Based Learning
                  of Deterministic Finite Automata},
  year =         2000
}

@inproceedings{vijayakumar2000locally,
  address =      {Stanford, California, USA},
  author =       {Vijayakumar, Sethu and Schaal, Stefan},
  booktitle =    {Proceedings of the Seventeenth International
                  Conference on Machine Learning (ICML)},
  editor =       {Langley, Pat},
  month =        {June},
  openalex =     {W1497915382},
  pages =        {1079--1086},
  publisher =    {Morgan Kaufmann},
  series =       {Proceedings},
  title =        {Locally Weighted Projection Regression: Incremental
                  Real Time Learning in High Dimensional Space},
  year =         2000
}

@inproceedings{vilalta2000quantification,
  address =      {Stanford, California, USA},
  author =       {Vilalta, Ricardo and Oblinger, Daniel},
  booktitle =    {Proceedings of the Seventeenth International
                  Conference on Machine Learning (ICML)},
  editor =       {Langley, Pat},
  month =        {June},
  openalex =     {W1589653407},
  pages =        {1087--1094},
  publisher =    {Morgan Kaufmann},
  series =       {Proceedings},
  title =        {A Quantification of Distance Bias Between Evaluation
                  Metrics In Classification},
  year =         2000
}

@inproceedings{vucetic2000discovering,
  address =      {Stanford, California, USA},
  author =       {Vučetić, Slobodan and Obradović, Zoran},
  booktitle =    {Proceedings of the Seventeenth International
                  Conference on Machine Learning (ICML)},
  editor =       {Langley, Pat},
  month =        {June},
  openalex =     {W1503411944},
  pages =        {1095--1102},
  publisher =    {Morgan Kaufmann},
  series =       {Proceedings},
  title =        {Discovering Homogeneous Regions in Spatial Data
                  through Competition},
  year =         2000
}

@inproceedings{wagstaff2000clustering,
  address =      {Stanford, California, USA},
  author =       {Wagstaff, Kiri L. and Cardie, Claire},
  booktitle =    {Proceedings of the Seventeenth International
                  Conference on Machine Learning (ICML)},
  editor =       {Langley, Pat},
  month =        {June},
  openalex =     {W2115657355},
  pages =        {1103--1110},
  publisher =    {Morgan Kaufmann},
  series =       {Proceedings},
  title =        {Clustering with Instance-level Constraints},
  year =         2000
}

@inproceedings{walker2000using,
  address =      {Stanford, California, USA},
  author =       {Walker, Marilyn and Wright, Jeremy H. and Langkilde,
                  Irene},
  booktitle =    {Proceedings of the Seventeenth International
                  Conference on Machine Learning (ICML)},
  editor =       {Langley, Pat},
  month =        {June},
  openalex =     {W1858244615},
  pages =        {1111--1118},
  publisher =    {Morgan Kaufmann},
  series =       {Proceedings},
  title =        {Using Natural Language Processing and discourse
                  Features to Identify Understanding Errors},
  year =         2000
}

@inproceedings{wang2000solving,
  address =      {Stanford, California, USA},
  author =       {Wang, Jun and Zucker, Jean‐Daniel},
  booktitle =    {Proceedings of the Seventeenth International
                  Conference on Machine Learning (ICML)},
  editor =       {Langley, Pat},
  month =        {June},
  openalex =     {W2078579128},
  pages =        {1119--1126},
  publisher =    {Morgan Kaufmann},
  series =       {Proceedings},
  title =        {Solving Multiple-Instance Problem: a Lazy Learning
                  Approach},
  year =         2000
}

@inproceedings{washio2000enhancing,
  address =      {Stanford, California, USA},
  author =       {Washio, Takashi and Motoda, Hiroshi and Niwa, Yuji},
  booktitle =    {Proceedings of the Seventeenth International
                  Conference on Machine Learning (ICML)},
  editor =       {Langley, Pat},
  month =        {June},
  openalex =     {W1557501260},
  pages =        {1127--1134},
  publisher =    {Morgan Kaufmann},
  series =       {Proceedings},
  title =        {Enhancing the Plausibility of Law Equation
                  Discovery},
  year =         2000
}

@inproceedings{weiss2000lightweight,
  address =      {Stanford, California, USA},
  author =       {Weiss, Sholom M. and Indurkhya, Nitin},
  booktitle =    {Proceedings of the Seventeenth International
                  Conference on Machine Learning (ICML)},
  editor =       {Langley, Pat},
  month =        {June},
  openalex =     {W1513141696},
  pages =        {1135--1142},
  publisher =    {Morgan Kaufmann},
  series =       {Proceedings},
  title =        {Lightweight Rule Induction},
  year =         2000
}

@inproceedings{westerdijk2000classification,
  address =      {Stanford, California, USA},
  author =       {Westerdijk, Machiel and Wiegerinck, Wim},
  booktitle =    {Proceedings of the Seventeenth International
                  Conference on Machine Learning (ICML)},
  editor =       {Langley, Pat},
  month =        {June},
  openalex =     {W118201739},
  pages =        {1143--1150},
  publisher =    {Morgan Kaufmann},
  series =       {Proceedings},
  title =        {Classification with Multiple Latent Variable Models
                  using Maximum Entropy Discrimination},
  year =         2000
}

@inproceedings{wiering2000multiagent,
  address =      {Stanford, California, USA},
  author =       {Wiering, Marco A.},
  booktitle =    {Proceedings of the Seventeenth International
                  Conference on Machine Learning (ICML)},
  editor =       {Langley, Pat},
  month =        {June},
  pages =        {1151--1158},
  publisher =    {Morgan Kaufmann},
  series =       {Proceedings},
  title =        {Multi-Agent Reinforcement Learning for Traffic Light
                  Control},
  year =         2000
}

@inproceedings{williams2000effect,
  address =      {Stanford, California, USA},
  author =       {Williams, Christopher K. I. and Seeger, Matthias},
  booktitle =    {Proceedings of the Seventeenth International
                  Conference on Machine Learning (ICML)},
  editor =       {Langley, Pat},
  month =        {June},
  openalex =     {W1487115931},
  pages =        {1159--1166},
  publisher =    {Morgan Kaufmann},
  series =       {Proceedings},
  title =        {The Effect of the Input Density Distribution on
                  Kernel-based Classifiers},
  year =         2000
}

@inproceedings{yang2000combining,
  address =      {Stanford, California, USA},
  author =       {Yang, Yiming and Ault, Tom and Pierce, Thomas W.},
  booktitle =    {Proceedings of the Seventeenth International
                  Conference on Machine Learning (ICML)},
  editor =       {Langley, Pat},
  month =        {June},
  openalex =     {W2103716650},
  pages =        {1167--1174},
  publisher =    {Morgan Kaufmann},
  series =       {Proceedings},
  title =        {Combining Multiple Learning Strategies for Effective
                  Cross Validation},
  year =         2000
}

@inproceedings{yildiz2000linear,
  address =      {Stanford, California, USA},
  author =       {Yıldız, Olcay Taner and Alpaydın, Ethem},
  booktitle =    {Proceedings of the Seventeenth International
                  Conference on Machine Learning (ICML)},
  editor =       {Langley, Pat},
  month =        {June},
  openalex =     {W1982525872},
  pages =        {1175--1182},
  publisher =    {Morgan Kaufmann},
  series =       {Proceedings},
  title =        {LINEAR DISCRIMINANT TREES},
  year =         2000
}

@inproceedings{zaanen2000bootstrapping,
  address =      {Stanford, California, USA},
  author =       {Zaanen, Menno van},
  booktitle =    {Proceedings of the Seventeenth International
                  Conference on Machine Learning (ICML)},
  editor =       {Langley, Pat},
  month =        {June},
  openalex =     {W2953196668},
  pages =        {1063--1070},
  publisher =    {Morgan Kaufmann},
  series =       {Proceedings},
  title =        {Bootstrapping Syntax and Recursion using
                  Alignment-Based Learning},
  year =         2000
}

@inproceedings{zelikovitz2000improving,
  address =      {Stanford, California, USA},
  author =       {Zelikovitz, Sarah and Hirsh, Haym},
  booktitle =    {Proceedings of the Seventeenth International
                  Conference on Machine Learning (ICML)},
  editor =       {Langley, Pat},
  month =        {June},
  openalex =     {W1545344782},
  pages =        {1191--1198},
  publisher =    {Morgan Kaufmann},
  series =       {Proceedings},
  title =        {Improving Short-Text Classification using Unlabeled
                  Data for Classification Problems},
  year =         2000
}

@inproceedings{zupan2000induction,
  address =      {Stanford, California, USA},
  author =       {Zupan, Blaž and Bratko, Ivan and Bohanec, Marko and
                  Demšar, Janez},
  booktitle =    {Proceedings of the Seventeenth International
                  Conference on Machine Learning (ICML)},
  editor =       {Langley, Pat},
  month =        {June},
  openalex =     {W146587857},
  pages =        {1199--1206},
  publisher =    {Morgan Kaufmann},
  series =       {Proceedings},
  title =        {Induction of Concept Hierarchies from Noisy Data},
  year =         2000
}
