@inproceedings{amar2001multiple,
  address =      {Williamstown, Massachusetts, USA},
  author =       {Amar, Robert A. and Dooly, Daniel R. and Goldman,
                  Sally A. and Zhang, Qi},
  booktitle =    {Proceedings of the Eighteenth International
                  Conference on Machine Learning (ICML)},
  editor =       {Brodley, Carla E. and Danyluk, Andrea Pohoreckyj},
  month =        {June},
  pages =        {3--10},
  publisher =    {Morgan Kaufmann},
  title =        {Multiple-Instance Learning of Real-Valued Data},
  year =         2001
}

@inproceedings{an2001procedure,
  address =      {Williamstown, Massachusetts, USA},
  author =       {An and Venkataraman},
  booktitle =    {Proceedings of the Eighteenth International
                  Conference on Machine Learning (ICML)},
  editor =       {Brodley, Carla E. and Danyluk, Andrea Pohoreckyj},
  month =        {June},
  pages =        {569--576},
  publisher =    {Morgan Kaufmann},
  title =        {A procedure for unsupervised lexicon learning},
  year =         2001
}

@inproceedings{blockeel2001efficient,
  address =      {Williamstown, Massachusetts, USA},
  author =       {Blockeel, Hendrik and Struyf, Jan},
  booktitle =    {Proceedings of the Eighteenth International
                  Conference on Machine Learning (ICML)},
  editor =       {Brodley, Carla E. and Danyluk, Andrea Pohoreckyj},
  month =        {June},
  pages =        {11--18},
  publisher =    {Morgan Kaufmann},
  title =        {Efficient algorithms for decision tree
                  cross-validation},
  year =         2001
}

@inproceedings{blum2001learning,
  address =      {Williamstown, Massachusetts, USA},
  author =       {Blum, Avrim and Chawla, Shuchi},
  booktitle =    {Proceedings of the Eighteenth International
                  Conference on Machine Learning (ICML)},
  editor =       {Brodley, Carla E. and Danyluk, Andrea Pohoreckyj},
  month =        {June},
  pages =        {19--26},
  publisher =    {Morgan Kaufmann},
  title =        {Learning from Labeled and Unlabeled Data using Graph
                  Mincuts},
  year =         2001
}

@inproceedings{bowling2001convergence,
  address =      {Williamstown, Massachusetts, USA},
  author =       {Bowling, Michael H. and Veloso, Manuela M.},
  booktitle =    {Proceedings of the Eighteenth International
                  Conference on Machine Learning (ICML)},
  editor =       {Brodley, Carla E. and Danyluk, Andrea Pohoreckyj},
  month =        {June},
  pages =        {27--34},
  publisher =    {Morgan Kaufmann},
  title =        {Convergence of Gradient Dynamics with a Variable
                  Learning Rate},
  year =         2001
}

@inproceedings{chajewska2001learning,
  address =      {Williamstown, Massachusetts, USA},
  author =       {Chajewska, Urszula and Koller, Daphne and Ormoneit,
                  Dirk},
  booktitle =    {Proceedings of the Eighteenth International
                  Conference on Machine Learning (ICML)},
  editor =       {Brodley, Carla E. and Danyluk, Andrea Pohoreckyj},
  month =        {June},
  pages =        {35--42},
  publisher =    {Morgan Kaufmann},
  title =        {Learning an Agent's Utility Function by Observing
                  Behavior},
  year =         2001
}

@inproceedings{choi2001generalized,
  address =      {Williamstown, Massachusetts, USA},
  author =       {Choi, David and Roy, Benjamin Van},
  booktitle =    {Proceedings of the Eighteenth International
                  Conference on Machine Learning (ICML)},
  editor =       {Brodley, Carla E. and Danyluk, Andrea Pohoreckyj},
  month =        {June},
  pages =        {43--50},
  publisher =    {Morgan Kaufmann},
  title =        {A Generalized Kalman Filter for Fixed Point
                  Approximation and Efficient Temporal Difference
                  Learning},
  year =         2001
}

@inproceedings{chu2001unified,
  address =      {Williamstown, Massachusetts, USA},
  author =       {Chu, Wei and Keerthi, S. Sathiya and Ong, Chong Jin},
  booktitle =    {Proceedings of the Eighteenth International
                  Conference on Machine Learning (ICML)},
  editor =       {Brodley, Carla E. and Danyluk, Andrea Pohoreckyj},
  month =        {June},
  pages =        {51--58},
  publisher =    {Morgan Kaufmann},
  title =        {A Unified Loss Function in Bayesian Framework for
                  Support Vector Regression},
  year =         2001
}

@inproceedings{codrington2001boosting,
  address =      {Williamstown, Massachusetts, USA},
  author =       {Codrington, Craig W.},
  booktitle =    {Proceedings of the Eighteenth International
                  Conference on Machine Learning (ICML)},
  editor =       {Brodley, Carla E. and Danyluk, Andrea Pohoreckyj},
  month =        {June},
  pages =        {59--65},
  publisher =    {Morgan Kaufmann},
  title =        {Boosting with Confidence Information},
  year =         2001
}

@inproceedings{cristianini2001latent,
  address =      {Williamstown, Massachusetts, USA},
  author =       {Cristianini, Nello and Shawe-Taylor, John and Lodhi,
                  Huma},
  booktitle =    {Proceedings of the Eighteenth International
                  Conference on Machine Learning (ICML)},
  editor =       {Brodley, Carla E. and Danyluk, Andrea Pohoreckyj},
  month =        {June},
  pages =        {66--73},
  publisher =    {Morgan Kaufmann},
  title =        {Latent Semantic Kernels},
  year =         2001
}

@inproceedings{dearden2001structured,
  address =      {Williamstown, Massachusetts, USA},
  author =       {Dearden, Richard},
  booktitle =    {Proceedings of the Eighteenth International
                  Conference on Machine Learning (ICML)},
  editor =       {Brodley, Carla E. and Danyluk, Andrea Pohoreckyj},
  month =        {June},
  pages =        {82--89},
  publisher =    {Morgan Kaufmann},
  title =        {Structured Prioritised Sweeping},
  year =         2001
}

@inproceedings{dobra2001bias,
  address =      {Williamstown, Massachusetts, USA},
  author =       {Dobra, Alin and Gehrke, Johannes},
  booktitle =    {Proceedings of the Eighteenth International
                  Conference on Machine Learning (ICML)},
  editor =       {Brodley, Carla E. and Danyluk, Andrea Pohoreckyj},
  month =        {June},
  pages =        {90--97},
  publisher =    {Morgan Kaufmann},
  title =        {Bias Correction in Classification Tree Construction},
  year =         2001
}

@inproceedings{domeniconi2001efficient,
  address =      {Williamstown, Massachusetts, USA},
  author =       {Domeniconi, Carlotta and Gunopulos, Dimitrios},
  booktitle =    {Proceedings of the Eighteenth International
                  Conference on Machine Learning (ICML)},
  editor =       {Brodley, Carla E. and Danyluk, Andrea Pohoreckyj},
  month =        {June},
  pages =        {98--105},
  publisher =    {Morgan Kaufmann},
  title =        {An Efficient Approach for Approximating
                  Multi-dimensional Range Queries and Nearest Neighbor
                  Classification in Large Datasets},
  year =         2001
}

@inproceedings{domingos2001general,
  address =      {Williamstown, Massachusetts, USA},
  author =       {Domingos, Pedro M. and Hulten, Geoff},
  booktitle =    {Proceedings of the Eighteenth International
                  Conference on Machine Learning (ICML)},
  editor =       {Brodley, Carla E. and Danyluk, Andrea Pohoreckyj},
  month =        {June},
  pages =        {106--113},
  publisher =    {Morgan Kaufmann},
  title =        {A General Method for Scaling Up Machine Learning
                  Algorithms and its Application to Clustering},
  year =         2001
}

@inproceedings{dominguez2001visual,
  address =      {Williamstown, Massachusetts, USA},
  author =       {Dominguez, Melissa and Jacobs, Robert A.},
  booktitle =    {Proceedings of the Eighteenth International
                  Conference on Machine Learning (ICML)},
  editor =       {Brodley, Carla E. and Danyluk, Andrea Pohoreckyj},
  month =        {June},
  pages =        {114--121},
  publisher =    {Morgan Kaufmann},
  title =        {Visual Development and the Acquisition of Binocular
                  Disparity Sensitivities},
  year =         2001
}

@inproceedings{drucker2001relevance,
  address =      {Williamstown, Massachusetts, USA},
  author =       {Drucker, Harris and Shahraray, Behzad and Gibbon,
                  David C.},
  booktitle =    {Proceedings of the Eighteenth International
                  Conference on Machine Learning (ICML)},
  editor =       {Brodley, Carla E. and Danyluk, Andrea Pohoreckyj},
  month =        {June},
  pages =        {122--129},
  publisher =    {Morgan Kaufmann},
  title =        {Relevance Feedback using Support Vector Machines},
  year =         2001
}

@inproceedings{eliassirad2001theoryrefinement,
  address =      {Williamstown, Massachusetts, USA},
  author =       {Eliassi-Rad, Tina and Shavlik, Jude W.},
  booktitle =    {Proceedings of the Eighteenth International
                  Conference on Machine Learning (ICML)},
  editor =       {Brodley, Carla E. and Danyluk, Andrea Pohoreckyj},
  month =        {June},
  pages =        {130--137},
  publisher =    {Morgan Kaufmann},
  title =        {A Theory-Refinement Approach to Information
                  Extraction},
  year =         2001
}

@inproceedings{engel2001learning,
  address =      {Williamstown, Massachusetts, USA},
  author =       {Engel, Yaakov and Mannor, Shie},
  booktitle =    {Proceedings of the Eighteenth International
                  Conference on Machine Learning (ICML)},
  editor =       {Brodley, Carla E. and Danyluk, Andrea Pohoreckyj},
  month =        {June},
  pages =        {138--145},
  publisher =    {Morgan Kaufmann},
  title =        {Learning Embedded Maps of Markov Processes},
  year =         2001
}

@inproceedings{furnkranz2001round,
  address =      {Williamstown, Massachusetts, USA},
  author =       {FÃ¼rnkranz, Johannes},
  booktitle =    {Proceedings of the Eighteenth International
                  Conference on Machine Learning (ICML)},
  editor =       {Brodley, Carla E. and Danyluk, Andrea Pohoreckyj},
  month =        {June},
  pages =        {146--153},
  publisher =    {Morgan Kaufmann},
  title =        {Round Robin Rule Learning},
  year =         2001
}

@inproceedings{gartner2001wbcsvm,
  address =      {Williamstown, Massachusetts, USA},
  author =       {GÃ¤rtner, Thomas and Flach, Peter A.},
  booktitle =    {Proceedings of the Eighteenth International
                  Conference on Machine Learning (ICML)},
  editor =       {Brodley, Carla E. and Danyluk, Andrea Pohoreckyj},
  month =        {June},
  pages =        {154--161},
  publisher =    {Morgan Kaufmann},
  title =        {WBCsvm: Weighted Bayesian Classification based on
                  Support Vector Machines},
  year =         2001
}

@inproceedings{geibel2001reinforcement,
  address =      {Williamstown, Massachusetts, USA},
  author =       {Geibel, Peter},
  booktitle =    {Proceedings of the Eighteenth International
                  Conference on Machine Learning (ICML)},
  editor =       {Brodley, Carla E. and Danyluk, Andrea Pohoreckyj},
  month =        {June},
  pages =        {162--169},
  publisher =    {Morgan Kaufmann},
  title =        {Reinforcement Learning with Bounded Risk},
  year =         2001
}

@inproceedings{getoor2001learning,
  address =      {Williamstown, Massachusetts, USA},
  author =       {Getoor, Lise and Friedman, Nir and Koller, Daphne
                  and Taskar, Benjamin},
  booktitle =    {Proceedings of the Eighteenth International
                  Conference on Machine Learning (ICML)},
  editor =       {Brodley, Carla E. and Danyluk, Andrea Pohoreckyj},
  month =        {June},
  pages =        {170--177},
  publisher =    {Morgan Kaufmann},
  title =        {Learning Probabilistic Models of Relational
                  Structure},
  year =         2001
}

@inproceedings{ghani2001hypertext,
  address =      {Williamstown, Massachusetts, USA},
  author =       {Ghani, Rayid and Slattery, SeÃ¡n and Yang, Yiming},
  booktitle =    {Proceedings of the Eighteenth International
                  Conference on Machine Learning (ICML)},
  editor =       {Brodley, Carla E. and Danyluk, Andrea Pohoreckyj},
  month =        {June},
  pages =        {178--185},
  publisher =    {Morgan Kaufmann},
  title =        {Hypertext Categorization using Hyperlink Patterns
                  and Meta Data},
  year =         2001
}

@inproceedings{ghavamzadeh2001continuoustime,
  address =      {Williamstown, Massachusetts, USA},
  author =       {Ghavamzadeh, Mohammad and Mahadevan, Sridhar},
  booktitle =    {Proceedings of the Eighteenth International
                  Conference on Machine Learning (ICML)},
  editor =       {Brodley, Carla E. and Danyluk, Andrea Pohoreckyj},
  month =        {June},
  pages =        {186--193},
  publisher =    {Morgan Kaufmann},
  title =        {Continuous-Time Hierarchical Reinforcement Learning},
  year =         2001
}

@inproceedings{glickman2001evolutionary,
  address =      {Williamstown, Massachusetts, USA},
  author =       {Glickman, Matthew R. and Sycara, Katia P.},
  booktitle =    {Proceedings of the Eighteenth International
                  Conference on Machine Learning (ICML)},
  editor =       {Brodley, Carla E. and Danyluk, Andrea Pohoreckyj},
  month =        {June},
  pages =        {194--201},
  publisher =    {Morgan Kaufmann},
  title =        {Evolutionary Search, Stochastic Policies with
                  Memory, and Reinforcement Learning with Hidden
                  State},
  year =         2001
}

@inproceedings{hamerly2001bayesian,
  address =      {Williamstown, Massachusetts, USA},
  author =       {Hamerly, Greg and Elkan, Charles},
  booktitle =    {Proceedings of the Eighteenth International
                  Conference on Machine Learning (ICML)},
  editor =       {Brodley, Carla E. and Danyluk, Andrea Pohoreckyj},
  month =        {June},
  pages =        {202--209},
  publisher =    {Morgan Kaufmann},
  title =        {Bayesian approaches to failure prediction for disk
                  drives},
  year =         2001
}

@inproceedings{hutter2001general,
  address =      {Williamstown, Massachusetts, USA},
  author =       {Hutter, Marcus},
  booktitle =    {Proceedings of the Eighteenth International
                  Conference on Machine Learning (ICML)},
  editor =       {Brodley, Carla E. and Danyluk, Andrea Pohoreckyj},
  month =        {June},
  pages =        {210--217},
  publisher =    {Morgan Kaufmann},
  title =        {General Loss Bounds for Universal Sequence
                  Prediction},
  year =         2001
}

@inproceedings{jafari2001on,
  address =      {Williamstown, Massachusetts, USA},
  author =       {Jafari, Amir and Greenwald, Amy and Gondek, David
                  and Ercal, Gunes},
  booktitle =    {Proceedings of the Eighteenth International
                  Conference on Machine Learning (ICML)},
  editor =       {Brodley, Carla E. and Danyluk, Andrea Pohoreckyj},
  month =        {June},
  pages =        {226--233},
  publisher =    {Morgan Kaufmann},
  title =        {On No-Regret Learning, Fictitious Play, and Nash
                  Equilibrium},
  year =         2001
}

@inproceedings{jiang2001some,
  address =      {Williamstown, Massachusetts, USA},
  author =       {Jiang, Wenxin},
  booktitle =    {Proceedings of the Eighteenth International
                  Conference on Machine Learning (ICML)},
  editor =       {Brodley, Carla E. and Danyluk, Andrea Pohoreckyj},
  month =        {June},
  pages =        {234--241},
  publisher =    {Morgan Kaufmann},
  title =        {Some Theoretical Aspects of Boosting in the Presence
                  of Noisy Data},
  year =         2001
}

@inproceedings{jin2001learning,
  address =      {Williamstown, Massachusetts, USA},
  author =       {Jin, Rong and Alex and Hauptmann, er G.},
  booktitle =    {Proceedings of the Eighteenth International
                  Conference on Machine Learning (ICML)},
  editor =       {Brodley, Carla E. and Danyluk, Andrea Pohoreckyj},
  month =        {June},
  pages =        {242--249},
  publisher =    {Morgan Kaufmann},
  title =        {Learning to Select Good Title Words: A New Approach
                  based on Reverse Information Retrieval},
  year =         2001
}

@inproceedings{joachims2001composite,
  address =      {Williamstown, Massachusetts, USA},
  author =       {Joachims, Thorsten and Cristianini, Nello and
                  Shawe-Taylor, John},
  booktitle =    {Proceedings of the Eighteenth International
                  Conference on Machine Learning (ICML)},
  editor =       {Brodley, Carla E. and Danyluk, Andrea Pohoreckyj},
  month =        {June},
  pages =        {250--257},
  publisher =    {Morgan Kaufmann},
  title =        {Composite Kernels for Hypertext Categorisation},
  year =         2001
}

@inproceedings{kramer2001feature,
  address =      {Williamstown, Massachusetts, USA},
  author =       {Kramer, Stefan and Raedt, Luc De},
  booktitle =    {Proceedings of the Eighteenth International
                  Conference on Machine Learning (ICML)},
  editor =       {Brodley, Carla E. and Danyluk, Andrea Pohoreckyj},
  month =        {June},
  pages =        {258--265},
  publisher =    {Morgan Kaufmann},
  title =        {Feature Construction with Version Spaces for
                  Biochemical Applications},
  year =         2001
}

@inproceedings{krawiec2001pairwise,
  address =      {Williamstown, Massachusetts, USA},
  author =       {Krawiec, Krzysztof},
  booktitle =    {Proceedings of the Eighteenth International
                  Conference on Machine Learning (ICML)},
  editor =       {Brodley, Carla E. and Danyluk, Andrea Pohoreckyj},
  month =        {June},
  pages =        {266--273},
  publisher =    {Morgan Kaufmann},
  title =        {Pairwise Comparison of Hypotheses in Evolutionary
                  Learning},
  year =         2001
}

@inproceedings{krieger2001boosting,
  address =      {Williamstown, Massachusetts, USA},
  author =       {Krieger, Abba and Long, Chuan and Wyner, Abraham J.},
  booktitle =    {Proceedings of the Eighteenth International
                  Conference on Machine Learning (ICML)},
  editor =       {Brodley, Carla E. and Danyluk, Andrea Pohoreckyj},
  month =        {June},
  pages =        {274--281},
  publisher =    {Morgan Kaufmann},
  title =        {Boosting Noisy Data},
  year =         2001
}

@inproceedings{lafferty2001conditional,
  address =      {Williamstown, Massachusetts, USA},
  author =       {Lafferty, John D. and McCallum, Andrew and Fern and
                  Pereira, o C. N.},
  booktitle =    {Proceedings of the Eighteenth International
                  Conference on Machine Learning (ICML)},
  editor =       {Brodley, Carla E. and Danyluk, Andrea Pohoreckyj},
  month =        {June},
  pages =        {282--289},
  publisher =    {Morgan Kaufmann},
  title =        {Conditional Random Fields: Probabilistic Models for
                  Segmenting and Labeling Sequence Data},
  year =         2001
}

@inproceedings{langford2001improved,
  address =      {Williamstown, Massachusetts, USA},
  author =       {Langford, John and Seeger, Matthias W. and Megiddo,
                  Nimrod},
  booktitle =    {Proceedings of the Eighteenth International
                  Conference on Machine Learning (ICML)},
  editor =       {Brodley, Carla E. and Danyluk, Andrea Pohoreckyj},
  month =        {June},
  pages =        {290--297},
  publisher =    {Morgan Kaufmann},
  title =        {An Improved Predictive Accuracy Bound for Averaging
                  Classifiers},
  year =         2001
}

@inproceedings{latinne2001adjusting,
  address =      {Williamstown, Massachusetts, USA},
  author =       {Latinne, Patrice and Saerens, Marco and
                  Decaestecker, Christine},
  booktitle =    {Proceedings of the Eighteenth International
                  Conference on Machine Learning (ICML)},
  editor =       {Brodley, Carla E. and Danyluk, Andrea Pohoreckyj},
  month =        {June},
  pages =        {298--305},
  publisher =    {Morgan Kaufmann},
  title =        {Adjusting the Outputs of a Classifier to New a
                  Priori Probabilities May Significantly Improve
                  Classification Accuracy: Evidence from a multi-class
                  problem in remote sensing},
  year =         2001
}

@inproceedings{lawrence2001estimating,
  address =      {Williamstown, Massachusetts, USA},
  author =       {Lawrence, Neil D. and SchÃ¶lkopf, Bernhard},
  booktitle =    {Proceedings of the Eighteenth International
                  Conference on Machine Learning (ICML)},
  editor =       {Brodley, Carla E. and Danyluk, Andrea Pohoreckyj},
  month =        {June},
  pages =        {306--313},
  publisher =    {Morgan Kaufmann},
  title =        {Estimating a Kernel Fisher Discriminant in the
                  Presence of Label Noise},
  year =         2001
}

@inproceedings{lee2001collaborative,
  address =      {Williamstown, Massachusetts, USA},
  author =       {Lee, Wee Sun},
  booktitle =    {Proceedings of the Eighteenth International
                  Conference on Machine Learning (ICML)},
  editor =       {Brodley, Carla E. and Danyluk, Andrea Pohoreckyj},
  month =        {June},
  pages =        {314--321},
  publisher =    {Morgan Kaufmann},
  title =        {Collaborative Learning and Recommender Systems},
  year =         2001
}

@inproceedings{littman2001friendorfoe,
  address =      {Williamstown, Massachusetts, USA},
  author =       {Littman, Michael L.},
  booktitle =    {Proceedings of the Eighteenth International
                  Conference on Machine Learning (ICML)},
  editor =       {Brodley, Carla E. and Danyluk, Andrea Pohoreckyj},
  month =        {June},
  pages =        {322--328},
  publisher =    {Morgan Kaufmann},
  title =        {Friend-or-Foe Q-learning in General-Sum Games},
  year =         2001
}

@inproceedings{liu2001using,
  address =      {Williamstown, Massachusetts, USA},
  author =       {Liu, Yufeng and Emery, Rosemary and Chakrabarti,
                  Deepayan and Burgard, Wolfram and Thrun, Sebastian},
  booktitle =    {Proceedings of the Eighteenth International
                  Conference on Machine Learning (ICML)},
  editor =       {Brodley, Carla E. and Danyluk, Andrea Pohoreckyj},
  month =        {June},
  pages =        {329--336},
  publisher =    {Morgan Kaufmann},
  title =        {Using EM to Learn 3D Models of Indoor Environments
                  with Mobile Robots},
  year =         2001
}

@inproceedings{llor2001inducing,
  address =      {Williamstown, Massachusetts, USA},
  author =       {LlorÃ , Xavier and Guiu, Josep Maria Garrell i},
  booktitle =    {Proceedings of the Eighteenth International
                  Conference on Machine Learning (ICML)},
  editor =       {Brodley, Carla E. and Danyluk, Andrea Pohoreckyj},
  month =        {June},
  pages =        {337--344},
  publisher =    {Morgan Kaufmann},
  title =        {Inducing Partially-Defined Instances with
                  Evolutionary Algorithms},
  year =         2001
}

@inproceedings{marx2001coupled,
  address =      {Williamstown, Massachusetts, USA},
  author =       {Marx, Zvika and Dagan, Ido and Buhmann, Joachim M.},
  booktitle =    {Proceedings of the Eighteenth International
                  Conference on Machine Learning (ICML)},
  editor =       {Brodley, Carla E. and Danyluk, Andrea Pohoreckyj},
  month =        {June},
  pages =        {353--360},
  publisher =    {Morgan Kaufmann},
  title =        {Coupled Clustering: a Method for Detecting
                  Structural Correspondence},
  year =         2001
}

@inproceedings{mcgovern2001automatic,
  address =      {Williamstown, Massachusetts, USA},
  author =       {McGovern, Amy and Barto, Andrew G.},
  booktitle =    {Proceedings of the Eighteenth International
                  Conference on Machine Learning (ICML)},
  editor =       {Brodley, Carla E. and Danyluk, Andrea Pohoreckyj},
  month =        {June},
  pages =        {361--368},
  publisher =    {Morgan Kaufmann},
  title =        {Automatic Discovery of Subgoals in Reinforcement
                  Learning using Diverse Density},
  year =         2001
}

@inproceedings{nair2001some,
  address =      {Williamstown, Massachusetts, USA},
  author =       {Nair, Prasanth B. and Choudhury, Arindam and Keane,
                  Andy J.},
  booktitle =    {Proceedings of the Eighteenth International
                  Conference on Machine Learning (ICML)},
  editor =       {Brodley, Carla E. and Danyluk, Andrea Pohoreckyj},
  month =        {June},
  pages =        {369--376},
  publisher =    {Morgan Kaufmann},
  title =        {Some Greedy Algorithms for Sparse Nonlinear
                  Regression},
  year =         2001
}

@inproceedings{ng2001convergence,
  address =      {Williamstown, Massachusetts, USA},
  author =       {Ng, Andrew Y. and Jordan, Michael I.},
  booktitle =    {Proceedings of the Eighteenth International
                  Conference on Machine Learning (ICML)},
  editor =       {Brodley, Carla E. and Danyluk, Andrea Pohoreckyj},
  month =        {June},
  pages =        {377--384},
  publisher =    {Morgan Kaufmann},
  title =        {Convergence rates of the Voting Gibbs classifier,
                  with application to Bayesian feature selection},
  year =         2001
}

@inproceedings{nouretdinov2001ridge,
  address =      {Williamstown, Massachusetts, USA},
  author =       {Nouretdinov, Ilia and Melluish, Thomas and Vovk,
                  Volodya},
  booktitle =    {Proceedings of the Eighteenth International
                  Conference on Machine Learning (ICML)},
  editor =       {Brodley, Carla E. and Danyluk, Andrea Pohoreckyj},
  month =        {June},
  pages =        {385--392},
  publisher =    {Morgan Kaufmann},
  title =        {Ridge Regression Confidence Machine},
  year =         2001
}

@inproceedings{papagelis2001breeding,
  address =      {Williamstown, Massachusetts, USA},
  author =       {Papagelis, Athanassios and Kalles, Dimitrios},
  booktitle =    {Proceedings of the Eighteenth International
                  Conference on Machine Learning (ICML)},
  editor =       {Brodley, Carla E. and Danyluk, Andrea Pohoreckyj},
  month =        {June},
  pages =        {393--400},
  publisher =    {Morgan Kaufmann},
  title =        {Breeding Decision Trees Using Evolutionary
                  Techniques},
  year =         2001
}

@inproceedings{pelleg2001mixtures,
  address =      {Williamstown, Massachusetts, USA},
  author =       {Pelleg, Dan and Moore, Andrew W.},
  booktitle =    {Proceedings of the Eighteenth International
                  Conference on Machine Learning (ICML)},
  editor =       {Brodley, Carla E. and Danyluk, Andrea Pohoreckyj},
  month =        {June},
  pages =        {401--408},
  publisher =    {Morgan Kaufmann},
  title =        {Mixtures of Rectangles: Interpretable Soft
                  Clustering},
  year =         2001
}

@inproceedings{perkins2001lyapunov,
  address =      {Williamstown, Massachusetts, USA},
  author =       {Perkins, Theodore J. and Barto, Andrew G.},
  booktitle =    {Proceedings of the Eighteenth International
                  Conference on Machine Learning (ICML)},
  editor =       {Brodley, Carla E. and Danyluk, Andrea Pohoreckyj},
  month =        {June},
  pages =        {409--416},
  publisher =    {Morgan Kaufmann},
  title =        {Lyapunov-Constrained Action Sets for Reinforcement
                  Learning},
  year =         2001
}

@inproceedings{precup2001off,
  address =      {Williamstown, Massachusetts, USA},
  author =       {Precup, Doina and Sutton, Richard S. and Dasgupta,
                  Sanjoy},
  booktitle =    {Proceedings of the Eighteenth International
                  Conference on Machine Learning (ICML)},
  editor =       {Brodley, Carla E. and Danyluk, Andrea Pohoreckyj},
  month =        {June},
  pages =        {417--424},
  publisher =    {Morgan Kaufmann},
  title =        {Off-Policy Temporal Difference Learning with
                  Function Approximation},
  year =         2001
}

@inproceedings{ray2001multiple,
  address =      {Williamstown, Massachusetts, USA},
  author =       {Ray, Soumya and Page, David},
  booktitle =    {Proceedings of the Eighteenth International
                  Conference on Machine Learning (ICML)},
  editor =       {Brodley, Carla E. and Danyluk, Andrea Pohoreckyj},
  month =        {June},
  pages =        {425--432},
  publisher =    {Morgan Kaufmann},
  title =        {Multiple Instance Regression},
  year =         2001
}

@inproceedings{robniksikonja2001comprehensible,
  address =      {Williamstown, Massachusetts, USA},
  author =       {Robnik-Sikonja, Marko and Kononenko, Igor},
  booktitle =    {Proceedings of the Eighteenth International
                  Conference on Machine Learning (ICML)},
  editor =       {Brodley, Carla E. and Danyluk, Andrea Pohoreckyj},
  month =        {June},
  pages =        {433--440},
  publisher =    {Morgan Kaufmann},
  title =        {Comprehensible Interpretation of Relief's Estimates},
  year =         2001
}

@inproceedings{roy2001toward,
  address =      {Williamstown, Massachusetts, USA},
  author =       {Roy, Nicholas and McCallum, Andrew},
  booktitle =    {Proceedings of the Eighteenth International
                  Conference on Machine Learning (ICML)},
  editor =       {Brodley, Carla E. and Danyluk, Andrea Pohoreckyj},
  month =        {June},
  pages =        {441--448},
  publisher =    {Morgan Kaufmann},
  title =        {Toward Optimal Active Learning through Sampling
                  Estimation of Error Reduction},
  year =         2001
}

@inproceedings{rozsypal2001using,
  address =      {Williamstown, Massachusetts, USA},
  author =       {Rozsypal, Antonin and Kubat, Miroslav},
  booktitle =    {Proceedings of the Eighteenth International
                  Conference on Machine Learning (ICML)},
  editor =       {Brodley, Carla E. and Danyluk, Andrea Pohoreckyj},
  month =        {June},
  pages =        {449--456},
  publisher =    {Morgan Kaufmann},
  title =        {Using the Genetic Algorithm to Reduce the Size of a
                  Nearest-Neighbor Classifier and to Select Relevant
                  Attributes},
  year =         2001
}

@inproceedings{sarkar2001application,
  address =      {Williamstown, Massachusetts, USA},
  author =       {Sarkar, Manish and Leong, Tze-Yun},
  booktitle =    {Proceedings of the Eighteenth International
                  Conference on Machine Learning (ICML)},
  editor =       {Brodley, Carla E. and Danyluk, Andrea Pohoreckyj},
  month =        {June},
  pages =        {465--472},
  publisher =    {Morgan Kaufmann},
  title =        {Application of Fuzzy Similarity-Based Fractal
                  Dimensions to Characterize Medical Time Series},
  year =         2001
}

@inproceedings{sato2001average,
  address =      {Williamstown, Massachusetts, USA},
  author =       {Sato, Makoto and Kobayashi, Shigenobu},
  booktitle =    {Proceedings of the Eighteenth International
                  Conference on Machine Learning (ICML)},
  editor =       {Brodley, Carla E. and Danyluk, Andrea Pohoreckyj},
  month =        {June},
  pages =        {473--480},
  publisher =    {Morgan Kaufmann},
  title =        {Average-Reward Reinforcement Learning for Variance
                  Penalized Markov Decision Problems},
  year =         2001
}

@inproceedings{scheffer2001incremental,
  address =      {Williamstown, Massachusetts, USA},
  author =       {Scheffer, Tobias and Wrobel, Stefan},
  booktitle =    {Proceedings of the Eighteenth International
                  Conference on Machine Learning (ICML)},
  editor =       {Brodley, Carla E. and Danyluk, Andrea Pohoreckyj},
  month =        {June},
  pages =        {481--488},
  publisher =    {Morgan Kaufmann},
  title =        {Incremental Maximization of Non-Instance-Averaging
                  Utility Functions with Applications to Knowledge
                  Discovery Problems},
  year =         2001
}

@inproceedings{schwabacher2001discovering,
  address =      {Williamstown, Massachusetts, USA},
  author =       {Schwabacher, Mark and Langley, Pat},
  booktitle =    {Proceedings of the Eighteenth International
                  Conference on Machine Learning (ICML)},
  editor =       {Brodley, Carla E. and Danyluk, Andrea Pohoreckyj},
  month =        {June},
  pages =        {489--496},
  publisher =    {Morgan Kaufmann},
  title =        {Discovering Communicable Scientific Knowledge from
                  Spatio-Temporal Data},
  year =         2001
}

@inproceedings{sebastiani2001clustering,
  address =      {Williamstown, Massachusetts, USA},
  author =       {Sebastiani, Paola and Ramoni, Marco},
  booktitle =    {Proceedings of the Eighteenth International
                  Conference on Machine Learning (ICML)},
  editor =       {Brodley, Carla E. and Danyluk, Andrea Pohoreckyj},
  month =        {June},
  pages =        {497--504},
  publisher =    {Morgan Kaufmann},
  title =        {Clustering Continuous Time Series},
  year =         2001
}

@inproceedings{sebban2001boosting,
  address =      {Williamstown, Massachusetts, USA},
  author =       {Sebban, Marc and Nock, Richard and Lallich,
                  StÃ©phane},
  booktitle =    {Proceedings of the Eighteenth International
                  Conference on Machine Learning (ICML)},
  editor =       {Brodley, Carla E. and Danyluk, Andrea Pohoreckyj},
  month =        {June},
  pages =        {505--512},
  publisher =    {Morgan Kaufmann},
  title =        {Boosting Neighborhood-Based Classifiers},
  year =         2001
}

@inproceedings{seldin2001unsupervised,
  address =      {Williamstown, Massachusetts, USA},
  author =       {Seldin, Yevgeny and Bejerano, Gill and Tishby,
                  Naftali},
  booktitle =    {Proceedings of the Eighteenth International
                  Conference on Machine Learning (ICML)},
  editor =       {Brodley, Carla E. and Danyluk, Andrea Pohoreckyj},
  month =        {June},
  pages =        {513--520},
  publisher =    {Morgan Kaufmann},
  title =        {Unsupervised Sequence Segmentation by a Mixture of
                  Switching Variable Memory Markov Sources},
  year =         2001
}

@inproceedings{shakhnarovich2001smoothed,
  address =      {Williamstown, Massachusetts, USA},
  author =       {Shakhnarovich, Gregory and El-Yaniv, Ran and Baram,
                  Yoram},
  booktitle =    {Proceedings of the Eighteenth International
                  Conference on Machine Learning (ICML)},
  editor =       {Brodley, Carla E. and Danyluk, Andrea Pohoreckyj},
  month =        {June},
  pages =        {521--528},
  publisher =    {Morgan Kaufmann},
  title =        {Smoothed Bootstrap and Statistical Data Cloning for
                  Classifier Evaluation},
  year =         2001
}

@inproceedings{singer2001learning,
  address =      {Williamstown, Massachusetts, USA},
  author =       {Singer, Bryan and Veloso, Manuela M.},
  booktitle =    {Proceedings of the Eighteenth International
                  Conference on Machine Learning (ICML)},
  editor =       {Brodley, Carla E. and Danyluk, Andrea Pohoreckyj},
  month =        {June},
  pages =        {529--536},
  publisher =    {Morgan Kaufmann},
  title =        {Learning to Generate Fast Signal Processing
                  Implementations},
  year =         2001
}

@inproceedings{stone2001scaling,
  address =      {Williamstown, Massachusetts, USA},
  author =       {Stone, Peter and Sutton, Richard S.},
  booktitle =    {Proceedings of the Eighteenth International
                  Conference on Machine Learning (ICML)},
  editor =       {Brodley, Carla E. and Danyluk, Andrea Pohoreckyj},
  month =        {June},
  pages =        {537--544},
  publisher =    {Morgan Kaufmann},
  title =        {Scaling Reinforcement Learning toward RoboCup
                  Soccer},
  year =         2001
}

@inproceedings{strens2001direct,
  address =      {Williamstown, Massachusetts, USA},
  author =       {Strens, Malcolm J. A. and Moore, Andrew W.},
  booktitle =    {Proceedings of the Eighteenth International
                  Conference on Machine Learning (ICML)},
  editor =       {Brodley, Carla E. and Danyluk, Andrea Pohoreckyj},
  month =        {June},
  pages =        {545--552},
  publisher =    {Morgan Kaufmann},
  title =        {Direct Policy Search using Paired Statistical Tests},
  year =         2001
}

@inproceedings{tao2001multi,
  address =      {Williamstown, Massachusetts, USA},
  author =       {Tao, Nigel and Baxter, Jonathan and Weaver, Lex},
  booktitle =    {Proceedings of the Eighteenth International
                  Conference on Machine Learning (ICML)},
  editor =       {Brodley, Carla E. and Danyluk, Andrea Pohoreckyj},
  month =        {June},
  pages =        {553--560},
  publisher =    {Morgan Kaufmann},
  title =        {A Multi-Agent Policy-Gradient Approach to Network
                  Routing},
  year =         2001
}

@inproceedings{thollard2001improving,
  address =      {Williamstown, Massachusetts, USA},
  author =       {Thollard, Franck},
  booktitle =    {Proceedings of the Eighteenth International
                  Conference on Machine Learning (ICML)},
  editor =       {Brodley, Carla E. and Danyluk, Andrea Pohoreckyj},
  month =        {June},
  pages =        {561--568},
  publisher =    {Morgan Kaufmann},
  title =        {Improving Probabilistic Grammatical Inference Core
                  Algorithms with Post-processing Techniques},
  year =         2001
}

@inproceedings{wagstaff2001constrained,
  address =      {Williamstown, Massachusetts, USA},
  author =       {Wagstaff, Kiri and Cardie, Claire and Rogers, Seth
                  and SchrÃ¶d, Stefan},
  booktitle =    {Proceedings of the Eighteenth International
                  Conference on Machine Learning (ICML)},
  editor =       {Brodley, Carla E. and Danyluk, Andrea Pohoreckyj},
  month =        {June},
  pages =        {577--584},
  publisher =    {Morgan Kaufmann},
  title =        {Constrained K-means Clustering with Background
                  Knowledge},
  year =         2001
}

@inproceedings{wiering2001reinforcement,
  address =      {Williamstown, Massachusetts, USA},
  author =       {Wiering, Marco A.},
  booktitle =    {Proceedings of the Eighteenth International
                  Conference on Machine Learning (ICML)},
  editor =       {Brodley, Carla E. and Danyluk, Andrea Pohoreckyj},
  month =        {June},
  pages =        {585--592},
  publisher =    {Morgan Kaufmann},
  title =        {Reinforcement Learning in Dynamic Environments using
                  Instantiated Information},
  year =         2001
}

@inproceedings{wyatt2001exploration,
  address =      {Williamstown, Massachusetts, USA},
  author =       {Wyatt, Jeremy L.},
  booktitle =    {Proceedings of the Eighteenth International
                  Conference on Machine Learning (ICML)},
  editor =       {Brodley, Carla E. and Danyluk, Andrea Pohoreckyj},
  month =        {June},
  pages =        {593--600},
  publisher =    {Morgan Kaufmann},
  title =        {Exploration Control in Reinforcement Learning using
                  Optimistic Model Selection},
  year =         2001
}

@inproceedings{xing2001feature,
  address =      {Williamstown, Massachusetts, USA},
  author =       {Xing, Eric P. and Jordan, Michael I. and Karp,
                  Richard M.},
  booktitle =    {Proceedings of the Eighteenth International
                  Conference on Machine Learning (ICML)},
  editor =       {Brodley, Carla E. and Danyluk, Andrea Pohoreckyj},
  month =        {June},
  pages =        {601--608},
  publisher =    {Morgan Kaufmann},
  title =        {Feature selection for high-dimensional genomic
                  microarray data},
  year =         2001
}

@inproceedings{zadrozny2001obtaining,
  address =      {Williamstown, Massachusetts, USA},
  author =       {Zadrozny, Bianca and Elkan, Charles},
  booktitle =    {Proceedings of the Eighteenth International
                  Conference on Machine Learning (ICML)},
  editor =       {Brodley, Carla E. and Danyluk, Andrea Pohoreckyj},
  month =        {June},
  pages =        {609--616},
  publisher =    {Morgan Kaufmann},
  title =        {Obtaining calibrated probability estimates from
                  decision trees and naive Bayesian classifiers},
  year =         2001
}

@inproceedings{zhang2001learnability,
  address =      {Williamstown, Massachusetts, USA},
  author =       {Zhang, Huajie and Ling, Charles X.},
  booktitle =    {Proceedings of the Eighteenth International
                  Conference on Machine Learning (ICML)},
  editor =       {Brodley, Carla E. and Danyluk, Andrea Pohoreckyj},
  month =        {June},
  pages =        {617--623},
  publisher =    {Morgan Kaufmann},
  title =        {Learnability of Augmented Naive Bayes in Nonimal
                  Domains},
  year =         2001
}

@inproceedings{zhang2001some,
  address =      {Williamstown, Massachusetts, USA},
  author =       {Zhang, Tong},
  booktitle =    {Proceedings of the Eighteenth International
                  Conference on Machine Learning (ICML)},
  editor =       {Brodley, Carla E. and Danyluk, Andrea Pohoreckyj},
  month =        {June},
  pages =        {624--631},
  publisher =    {Morgan Kaufmann},
  title =        {Some Sparse Approximation Bounds for Regression
                  Problems},
  year =         2001
}

@inproceedings{zinkevich2001symmetry,
  address =      {Williamstown, Massachusetts, USA},
  author =       {Zinkevich, Martin and Balch, Tucker R.},
  booktitle =    {Proceedings of the Eighteenth International
                  Conference on Machine Learning (ICML)},
  editor =       {Brodley, Carla E. and Danyluk, Andrea Pohoreckyj},
  month =        {June},
  pages =        632,
  publisher =    {Morgan Kaufmann},
  title =        {Symmetry in Markov Decision Processes and its
                  Implications for Single Agent and Multiagent
                  Learning},
  year =         2001
}
