@inproceedings{aberdeen2002scalable,
 address = {Sydney, Australia},
 author = {Aberdeen, Douglas and Baxter, Jonathan},
 booktitle = {Machine Learning: Proceedings of the Nineteenth International Conference (ICML)},
 editor = {Sammut, Claude and Hoffmann, Achim G.},
 month = {July},
 pages = {3--10},
 publisher = {Morgan Kaufmann},
 title = {Scalable Internal-State Policy-Gradient Methods for POMDPs},
 year = {2002}
}

@inproceedings{alex2002to,
 address = {Sydney, Australia},
 author = {Alex, and Seewald, er K.},
 booktitle = {Machine Learning: Proceedings of the Nineteenth International Conference (ICML)},
 editor = {Sammut, Claude and Hoffmann, Achim G.},
 month = {July},
 pages = {554--561},
 publisher = {Morgan Kaufmann},
 title = {How to Make Stacking Better and Faster While Also Taking Care of an Unknown Weakness},
 year = {2002}
}

@inproceedings{alphonse2002feature,
 address = {Sydney, Australia},
 author = {Alphonse, Érick and Matwin, Stan},
 booktitle = {Machine Learning: Proceedings of the Nineteenth International Conference (ICML)},
 editor = {Sammut, Claude and Hoffmann, Achim G.},
 month = {July},
 pages = {11--18},
 publisher = {Morgan Kaufmann},
 title = {Feature Subset Selection and Inductive Logic Programming},
 year = {2002}
}

@inproceedings{an2002learning,
 address = {Sydney, Australia},
 author = {An, and Panangadan, and Dyer, Michael G.},
 booktitle = {Machine Learning: Proceedings of the Nineteenth International Conference (ICML)},
 editor = {Sammut, Claude and Hoffmann, Achim G.},
 month = {July},
 pages = {474--481},
 publisher = {Morgan Kaufmann},
 title = {Learning Spatial and Temporal Correlation for Navigation in a 2-Dimensional Continuous World},
 year = {2002}
}

@inproceedings{basu2002semisupervised,
 address = {Sydney, Australia},
 author = {Basu, Sugato and Banerjee, Arindam and Mooney, Raymond J.},
 booktitle = {Machine Learning: Proceedings of the Nineteenth International Conference (ICML)},
 editor = {Sammut, Claude and Hoffmann, Achim G.},
 month = {July},
 pages = {27--34},
 publisher = {Morgan Kaufmann},
 title = {Semi-supervised Clustering by Seeding},
 year = {2002}
}

@inproceedings{bianchetti2002constraintbased,
 address = {Sydney, Australia},
 author = {Bianchetti, Jacques Ales and Rouveirol, Céline and Sebag, Michèle},
 booktitle = {Machine Learning: Proceedings of the Nineteenth International Conference (ICML)},
 editor = {Sammut, Claude and Hoffmann, Achim G.},
 month = {July},
 pages = {35--42},
 publisher = {Morgan Kaufmann},
 title = {Constraint-based Learning of Long Relational Concepts},
 year = {2002}
}

@inproceedings{bockhorst2002exploiting,
 address = {Sydney, Australia},
 author = {Bockhorst, Joseph and Craven, Mark},
 booktitle = {Machine Learning: Proceedings of the Nineteenth International Conference (ICML)},
 editor = {Sammut, Claude and Hoffmann, Achim G.},
 month = {July},
 pages = {43--50},
 publisher = {Morgan Kaufmann},
 title = {Exploiting Relations Among Concepts to Acquire Weakly Labeled Training Data},
 year = {2002}
}

@inproceedings{bonet2002epsilonoptimal,
 address = {Sydney, Australia},
 author = {Bonet, Blai},
 booktitle = {Machine Learning: Proceedings of the Nineteenth International Conference (ICML)},
 editor = {Sammut, Claude and Hoffmann, Achim G.},
 month = {July},
 pages = {51--58},
 publisher = {Morgan Kaufmann},
 title = {An epsilon-Optimal Grid-Based Algorithm for Partially Observable Markov Decision Processes},
 year = {2002}
}

@inproceedings{bringmann2002transformationbased,
 address = {Sydney, Australia},
 author = {Bringmann, Björn and Kramer, Stefan and Neubarth, Friedrich and Pirker, Hannes and Widmer, Gerhard},
 booktitle = {Machine Learning: Proceedings of the Nineteenth International Conference (ICML)},
 editor = {Sammut, Claude and Hoffmann, Achim G.},
 month = {July},
 pages = {59--66},
 publisher = {Morgan Kaufmann},
 title = {Transformation-Based Regression},
 year = {2002}
}

@inproceedings{chen2002new,
 address = {Sydney, Australia},
 author = {Chen, Zheng and Wenyin, Liu and Zhang, Feng},
 booktitle = {Machine Learning: Proceedings of the Nineteenth International Conference (ICML)},
 editor = {Sammut, Claude and Hoffmann, Achim G.},
 month = {July},
 pages = {67--74},
 publisher = {Morgan Kaufmann},
 title = {A New Statistical Approach to Personal Name Extraction},
 year = {2002}
}

@inproceedings{chisholm2002learning,
 address = {Sydney, Australia},
 author = {Chisholm, Michael and Tadepalli, Prasad},
 booktitle = {Machine Learning: Proceedings of the Nineteenth International Conference (ICML)},
 editor = {Sammut, Claude and Hoffmann, Achim G.},
 month = {July},
 pages = {75--82},
 publisher = {Morgan Kaufmann},
 title = {Learning Decision Rules by Randomized Iterative Local Search},
 year = {2002}
}

@inproceedings{crawford2002iems,
 address = {Sydney, Australia},
 author = {Crawford, Elisabeth and Kay, Judy and McCreath, Eric},
 booktitle = {Machine Learning: Proceedings of the Nineteenth International Conference (ICML)},
 editor = {Sammut, Claude and Hoffmann, Achim G.},
 month = {July},
 pages = {83--90},
 publisher = {Morgan Kaufmann},
 title = {IEMS - The Intelligent Email Sorter},
 year = {2002}
}

@inproceedings{dash2002exact,
 address = {Sydney, Australia},
 author = {Dash, Denver and Cooper, Gregory F.},
 booktitle = {Machine Learning: Proceedings of the Nineteenth International Conference (ICML)},
 editor = {Sammut, Claude and Hoffmann, Achim G.},
 month = {July},
 pages = {91--98},
 publisher = {Morgan Kaufmann},
 title = {Exact Model Averaging with Naive Bayesian Classifiers},
 year = {2002}
}

@inproceedings{decoste2002anytime,
 address = {Sydney, Australia},
 author = {DeCoste, Dennis},
 booktitle = {Machine Learning: Proceedings of the Nineteenth International Conference (ICML)},
 editor = {Sammut, Claude and Hoffmann, Achim G.},
 month = {July},
 pages = {99--106},
 publisher = {Morgan Kaufmann},
 title = {Anytime Interval-Valued Outputs for Kernel Machines: Fast Support Vector Machine Classification via Distance Geometry},
 year = {2002}
}

@inproceedings{dietterich2002action,
 address = {Sydney, Australia},
 author = {Dietterich, Thomas G. and Busquets, Dídac and Mántaras, Ramón López de and Sierra, Carles},
 booktitle = {Machine Learning: Proceedings of the Nineteenth International Conference (ICML)},
 editor = {Sammut, Claude and Hoffmann, Achim G.},
 month = {July},
 pages = {107--114},
 publisher = {Morgan Kaufmann},
 title = {Action Refinement in Reinforcement Learning by Probability Smoothing},
 year = {2002}
}

@inproceedings{driessens2002integrating,
 address = {Sydney, Australia},
 author = {Driessens, Kurt and Dzeroski, Saso},
 booktitle = {Machine Learning: Proceedings of the Nineteenth International Conference (ICML)},
 editor = {Sammut, Claude and Hoffmann, Achim G.},
 month = {July},
 pages = {115--122},
 publisher = {Morgan Kaufmann},
 title = {Integrating Experimentation and Guidance in Relational Reinforcement Learning},
 year = {2002}
}

@inproceedings{dzeroski2002is,
 address = {Sydney, Australia},
 author = {Dzeroski, Saso and Zenko, Bernard},
 booktitle = {Machine Learning: Proceedings of the Nineteenth International Conference (ICML)},
 editor = {Sammut, Claude and Hoffmann, Achim G.},
 month = {July},
 pages = {123--130},
 publisher = {Morgan Kaufmann},
 title = {Is Combining Classifiers Better than Selecting the Best One},
 year = {2002}
}

@inproceedings{elomaa2002fast,
 address = {Sydney, Australia},
 author = {Elomaa, Tapio and Rousu, Juho},
 booktitle = {Machine Learning: Proceedings of the Nineteenth International Conference (ICML)},
 editor = {Sammut, Claude and Hoffmann, Achim G.},
 month = {July},
 pages = {131--138},
 publisher = {Morgan Kaufmann},
 title = {Fast Minimum Training Error Discretization},
 year = {2002}
}

@inproceedings{ferri2002learning,
 address = {Sydney, Australia},
 author = {Ferri, César and Flach, Peter A. and Hernández-Orallo, José},
 booktitle = {Machine Learning: Proceedings of the Nineteenth International Conference (ICML)},
 editor = {Sammut, Claude and Hoffmann, Achim G.},
 month = {July},
 pages = {139--146},
 publisher = {Morgan Kaufmann},
 title = {Learning Decision Trees Using the Area Under the ROC Curve},
 year = {2002}
}

@inproceedings{fitzgibbon2002univariate,
 address = {Sydney, Australia},
 author = {Fitzgibbon, Leigh J. and Dowe, David L. and Allison, Lloyd},
 booktitle = {Machine Learning: Proceedings of the Nineteenth International Conference (ICML)},
 editor = {Sammut, Claude and Hoffmann, Achim G.},
 month = {July},
 pages = {147--154},
 publisher = {Morgan Kaufmann},
 title = {Univariate Polynomial Inference by Monte Carlo Message Length Approximation},
 year = {2002}
}

@inproceedings{gaertner2002multiinstance,
 address = {Sydney, Australia},
 author = {Gärtner, Thomas and Flach, Peter A. and Kowalczyk, Adam and Smola, J. and Alex, },
 booktitle = {Machine Learning: Proceedings of the Nineteenth International Conference (ICML)},
 editor = {Sammut, Claude and Hoffmann, Achim G.},
 month = {July},
 pages = {179--186},
 publisher = {Morgan Kaufmann},
 title = {Multi-Instance Kernels},
 year = {2002}
}

@inproceedings{gama2002analysis,
 address = {Sydney, Australia},
 author = {Gama, João},
 booktitle = {Machine Learning: Proceedings of the Nineteenth International Conference (ICML)},
 editor = {Sammut, Claude and Hoffmann, Achim G.},
 month = {July},
 pages = {155--162},
 publisher = {Morgan Kaufmann},
 title = {An Analysis of Functional Trees},
 year = {2002}
}

@inproceedings{gamberger2002descriptive,
 address = {Sydney, Australia},
 author = {Gamberger, Dragan and Lavrac, Nada},
 booktitle = {Machine Learning: Proceedings of the Nineteenth International Conference (ICML)},
 editor = {Sammut, Claude and Hoffmann, Achim G.},
 month = {July},
 pages = {163--170},
 publisher = {Morgan Kaufmann},
 title = {Descriptive Induction through Subgroup Discovery: A Case Study in a Medical Domain},
 year = {2002}
}

@inproceedings{garg2002on,
 address = {Sydney, Australia},
 author = {Garg, Ashutosh and Har-Peled, Sariel and Roth, Dan},
 booktitle = {Machine Learning: Proceedings of the Nineteenth International Conference (ICML)},
 editor = {Sammut, Claude and Hoffmann, Achim G.},
 month = {July},
 pages = {171--178},
 publisher = {Morgan Kaufmann},
 title = {On Generalization Bounds, Projection Profile, and Margin Distribution},
 year = {2002}
}

@inproceedings{ghani2002combining,
 address = {Sydney, Australia},
 author = {Ghani, Rayid},
 booktitle = {Machine Learning: Proceedings of the Nineteenth International Conference (ICML)},
 editor = {Sammut, Claude and Hoffmann, Achim G.},
 month = {July},
 pages = {187--194},
 publisher = {Morgan Kaufmann},
 title = {Combining Labeled and Unlabeled Data for MultiClass Text Categorization},
 year = {2002}
}

@inproceedings{ghavamzadeh2002hierarchically,
 address = {Sydney, Australia},
 author = {Ghavamzadeh, Mohammad and Mahadevan, Sridhar},
 booktitle = {Machine Learning: Proceedings of the Nineteenth International Conference (ICML)},
 editor = {Sammut, Claude and Hoffmann, Achim G.},
 month = {July},
 pages = {195--202},
 publisher = {Morgan Kaufmann},
 title = {Hierarchically Optimal Average Reward Reinforcement Learning},
 year = {2002}
}

@inproceedings{globerson2002sufficient,
 address = {Sydney, Australia},
 author = {Globerson, Amir and Tishby, Naftali},
 booktitle = {Machine Learning: Proceedings of the Nineteenth International Conference (ICML)},
 editor = {Sammut, Claude and Hoffmann, Achim G.},
 month = {July},
 pages = {203--210},
 publisher = {Morgan Kaufmann},
 title = {Sufficient Dimensionality Reduction - A Novel Analysis Method},
 year = {2002}
}

@inproceedings{goebel2002unified,
 address = {Sydney, Australia},
 author = {Goebel, Michael and Riddle, Patricia J. and Barley, Mike},
 booktitle = {Machine Learning: Proceedings of the Nineteenth International Conference (ICML)},
 editor = {Sammut, Claude and Hoffmann, Achim G.},
 month = {July},
 pages = {211--218},
 publisher = {Morgan Kaufmann},
 title = {A Unified Decomposition of Ensemble Loss for Predicting Ensemble Performance},
 year = {2002}
}

@inproceedings{gonzalez2002graphbased,
 address = {Sydney, Australia},
 author = {Gonzalez, Jesus A. and Holder, Lawrence B. and Cook, Diane J.},
 booktitle = {Machine Learning: Proceedings of the Nineteenth International Conference (ICML)},
 editor = {Sammut, Claude and Hoffmann, Achim G.},
 month = {July},
 pages = {219--226},
 publisher = {Morgan Kaufmann},
 title = {Graph-Based Relational Concept Learning},
 year = {2002}
}

@inproceedings{guestrin2002algorithmdirected,
 address = {Sydney, Australia},
 author = {Guestrin, Carlos and Patrascu, Relu and Schuurmans, Dale},
 booktitle = {Machine Learning: Proceedings of the Nineteenth International Conference (ICML)},
 editor = {Sammut, Claude and Hoffmann, Achim G.},
 month = {July},
 pages = {235--242},
 publisher = {Morgan Kaufmann},
 title = {Algorithm-Directed Exploration for Model-Based Reinforcement Learning in Factored MDPs},
 year = {2002}
}

@inproceedings{guestrin2002coordinated,
 address = {Sydney, Australia},
 author = {Guestrin, Carlos and Lagoudakis, Michail G. and Parr, Ronald},
 booktitle = {Machine Learning: Proceedings of the Nineteenth International Conference (ICML)},
 editor = {Sammut, Claude and Hoffmann, Achim G.},
 month = {July},
 pages = {227--234},
 publisher = {Morgan Kaufmann},
 title = {Coordinated Reinforcement Learning},
 year = {2002}
}

@inproceedings{hengst2002discovering,
 address = {Sydney, Australia},
 author = {Hengst, Bernhard},
 booktitle = {Machine Learning: Proceedings of the Nineteenth International Conference (ICML)},
 editor = {Sammut, Claude and Hoffmann, Achim G.},
 month = {July},
 pages = {243--250},
 publisher = {Morgan Kaufmann},
 title = {Discovering Hierarchy in Reinforcement Learning with HEXQ},
 year = {2002}
}

@inproceedings{ho2002classification,
 address = {Sydney, Australia},
 author = {Ho, Colin K. M.},
 booktitle = {Machine Learning: Proceedings of the Nineteenth International Conference (ICML)},
 editor = {Sammut, Claude and Hoffmann, Achim G.},
 month = {July},
 pages = {251--258},
 publisher = {Morgan Kaufmann},
 title = {Classification Value Grouping},
 year = {2002}
}

@inproceedings{jensen2002linkage,
 address = {Sydney, Australia},
 author = {Jensen, David D. and Neville, Jennifer},
 booktitle = {Machine Learning: Proceedings of the Nineteenth International Conference (ICML)},
 editor = {Sammut, Claude and Hoffmann, Achim G.},
 month = {July},
 pages = {259--266},
 publisher = {Morgan Kaufmann},
 title = {Linkage and Autocorrelation Cause Feature Selection Bias in Relational Learning},
 year = {2002}
}

@inproceedings{kakade2002alternate,
 address = {Sydney, Australia},
 author = {Kakade, Sham M. and Teh, Yee Whye and Roweis, Sam T.},
 booktitle = {Machine Learning: Proceedings of the Nineteenth International Conference (ICML)},
 editor = {Sammut, Claude and Hoffmann, Achim G.},
 month = {July},
 pages = {275--282},
 publisher = {Morgan Kaufmann},
 title = {An Alternate Objective Function for Markovian Fields},
 year = {2002}
}

@inproceedings{kakade2002approximately,
 address = {Sydney, Australia},
 author = {Kakade, Sham M. and Langford, John},
 booktitle = {Machine Learning: Proceedings of the Nineteenth International Conference (ICML)},
 editor = {Sammut, Claude and Hoffmann, Achim G.},
 month = {July},
 pages = {267--274},
 publisher = {Morgan Kaufmann},
 title = {Approximately Optimal Approximate Reinforcement Learning},
 year = {2002}
}

@inproceedings{kashima2002kernels,
 address = {Sydney, Australia},
 author = {Kashima, Hisashi and Koyanagi, Teruo},
 booktitle = {Machine Learning: Proceedings of the Nineteenth International Conference (ICML)},
 editor = {Sammut, Claude and Hoffmann, Achim G.},
 month = {July},
 pages = {291--298},
 publisher = {Morgan Kaufmann},
 title = {Kernels for Semi-Structured Data},
 year = {2002}
}

@inproceedings{keerthi2002fast,
 address = {Sydney, Australia},
 author = {Keerthi, S. Sathiya and Duan, Kaibo and Shevade, Shirish K. and Poo, Aun Neow},
 booktitle = {Machine Learning: Proceedings of the Nineteenth International Conference (ICML)},
 editor = {Sammut, Claude and Hoffmann, Achim G.},
 month = {July},
 pages = {299--306},
 publisher = {Morgan Kaufmann},
 title = {A Fast Dual Algorithm for Kernel Logistic Regression},
 year = {2002}
}

@inproceedings{klein2002from,
 address = {Sydney, Australia},
 author = {Klein, Dan and Sep and Kamvar, Ar D. and Manning, Christopher D.},
 booktitle = {Machine Learning: Proceedings of the Nineteenth International Conference (ICML)},
 editor = {Sammut, Claude and Hoffmann, Achim G.},
 month = {July},
 pages = {307--314},
 publisher = {Morgan Kaufmann},
 title = {From Instance-Level Constraints to Space-Level Constraints: Making the Most of Prior Knowledge in Data Clustering},
 year = {2002}
}

@inproceedings{kondor2002diffusion,
 address = {Sydney, Australia},
 author = {Kondor, Risi and Lafferty, John D.},
 booktitle = {Machine Learning: Proceedings of the Nineteenth International Conference (ICML)},
 editor = {Sammut, Claude and Hoffmann, Achim G.},
 month = {July},
 pages = {315--322},
 publisher = {Morgan Kaufmann},
 title = {Diffusion Kernels on Graphs and Other Discrete Input Spaces},
 year = {2002}
}

@inproceedings{lanckriet2002learning,
 address = {Sydney, Australia},
 author = {Lanckriet, Gert R. G. and Cristianini, Nello and Bartlett, Peter L. and Ghaoui, Laurent El and Jordan, Michael I.},
 booktitle = {Machine Learning: Proceedings of the Nineteenth International Conference (ICML)},
 editor = {Sammut, Claude and Hoffmann, Achim G.},
 month = {July},
 pages = {323--330},
 publisher = {Morgan Kaufmann},
 title = {Learning the Kernel Matrix with Semi-Definite Programming},
 year = {2002}
}

@inproceedings{langford2002combining,
 address = {Sydney, Australia},
 author = {Langford, John},
 booktitle = {Machine Learning: Proceedings of the Nineteenth International Conference (ICML)},
 editor = {Sammut, Claude and Hoffmann, Achim G.},
 month = {July},
 pages = {331--338},
 publisher = {Morgan Kaufmann},
 title = {Combining Training Set and Test Set Bounds},
 year = {2002}
}

@inproceedings{langford2002competitive,
 address = {Sydney, Australia},
 author = {Langford, John and Zinkevich, Martin and Kakade, Sham M.},
 booktitle = {Machine Learning: Proceedings of the Nineteenth International Conference (ICML)},
 editor = {Sammut, Claude and Hoffmann, Achim G.},
 month = {July},
 pages = {339--346},
 publisher = {Morgan Kaufmann},
 title = {Competitive Analysis of the Explore/Exploit Tradeoff},
 year = {2002}
}

@inproceedings{langley2002inducing,
 address = {Sydney, Australia},
 author = {Langley, Pat and Sánchez, Javier Nicolás and Todorovski, Ljupco and Dzeroski, Saso},
 booktitle = {Machine Learning: Proceedings of the Nineteenth International Conference (ICML)},
 editor = {Sammut, Claude and Hoffmann, Achim G.},
 month = {July},
 pages = {347--354},
 publisher = {Morgan Kaufmann},
 title = {Inducing Process Models from Continuous Data},
 year = {2002}
}

@inproceedings{laud2002reinforcement,
 address = {Sydney, Australia},
 author = {Laud, Adam and DeJong, Gerald},
 booktitle = {Machine Learning: Proceedings of the Nineteenth International Conference (ICML)},
 editor = {Sammut, Claude and Hoffmann, Achim G.},
 month = {July},
 pages = {355--362},
 publisher = {Morgan Kaufmann},
 title = {Reinforcement Learning and Shaping: Encouraging Intended Behaviors},
 year = {2002}
}

@inproceedings{lebanon2002cranking,
 address = {Sydney, Australia},
 author = {Lebanon, Guy and Lafferty, John D.},
 booktitle = {Machine Learning: Proceedings of the Nineteenth International Conference (ICML)},
 editor = {Sammut, Claude and Hoffmann, Achim G.},
 month = {July},
 pages = {363--370},
 publisher = {Morgan Kaufmann},
 title = {Cranking: Combining Rankings Using Conditional Probability Models on Permutations},
 year = {2002}
}

@inproceedings{leckie2002learning,
 address = {Sydney, Australia},
 author = {Leckie, Christopher and Ramamohanarao, Kotagiri},
 booktitle = {Machine Learning: Proceedings of the Nineteenth International Conference (ICML)},
 editor = {Sammut, Claude and Hoffmann, Achim G.},
 month = {July},
 pages = {371--378},
 publisher = {Morgan Kaufmann},
 title = {Learning to Share Distributed Probabilistic Beliefs},
 year = {2002}
}

@inproceedings{li2002perceptron,
 address = {Sydney, Australia},
 author = {Li, Yaoyong and Zaragoza, Hugo and Herbrich, Ralf and Shawe-Taylor, John and K, Jaz S. and Ola, },
 booktitle = {Machine Learning: Proceedings of the Nineteenth International Conference (ICML)},
 editor = {Sammut, Claude and Hoffmann, Achim G.},
 month = {July},
 pages = {379--386},
 publisher = {Morgan Kaufmann},
 title = {The Perceptron Algorithm with Uneven Margins},
 year = {2002}
}

@inproceedings{liu2002feature,
 address = {Sydney, Australia},
 author = {Liu, Huan and Motoda, Hiroshi and Yu, Lei},
 booktitle = {Machine Learning: Proceedings of the Nineteenth International Conference (ICML)},
 editor = {Sammut, Claude and Hoffmann, Achim G.},
 month = {July},
 pages = {395--402},
 publisher = {Morgan Kaufmann},
 title = {Feature Selection with Selective Sampling},
 year = {2002}
}

@inproceedings{liu2002partially,
 address = {Sydney, Australia},
 author = {Liu, Bing and Lee, Wee Sun and Yu, Philip S. and Li, Xiaoli},
 booktitle = {Machine Learning: Proceedings of the Nineteenth International Conference (ICML)},
 editor = {Sammut, Claude and Hoffmann, Achim G.},
 month = {July},
 pages = {387--394},
 publisher = {Morgan Kaufmann},
 title = {Partially Supervised Classification of Text Documents},
 year = {2002}
}

@inproceedings{lu2002investigating,
 address = {Sydney, Australia},
 author = {Lu, Fletcher and Patrascu, Relu and Schuurmans, Dale},
 booktitle = {Machine Learning: Proceedings of the Nineteenth International Conference (ICML)},
 editor = {Sammut, Claude and Hoffmann, Achim G.},
 month = {July},
 pages = {403--410},
 publisher = {Morgan Kaufmann},
 title = {Investigating the Maximum Likelihood Alternative to TD(lambda)},
 year = {2002}
}

@inproceedings{merke2002necessary,
 address = {Sydney, Australia},
 author = {Merke, Artur and Schoknecht, Ralf},
 booktitle = {Machine Learning: Proceedings of the Nineteenth International Conference (ICML)},
 editor = {Sammut, Claude and Hoffmann, Achim G.},
 month = {July},
 pages = {411--418},
 publisher = {Morgan Kaufmann},
 title = {A Necessary Condition of Convergence for Reinforcement Learning with Function Approximation},
 year = {2002}
}

@inproceedings{meyer2002towards,
 address = {Sydney, Australia},
 author = {Meyer, Carsten and Beyerlein, Peter},
 booktitle = {Machine Learning: Proceedings of the Nineteenth International Conference (ICML)},
 editor = {Sammut, Claude and Hoffmann, Achim G.},
 month = {July},
 pages = {419--426},
 publisher = {Morgan Kaufmann},
 title = {Towards "Large Margin" Speech Recognizers by Boosting and Discriminative Training},
 year = {2002}
}

@inproceedings{mladenic2002learning,
 address = {Sydney, Australia},
 author = {Mladenic, Dunja},
 booktitle = {Machine Learning: Proceedings of the Nineteenth International Conference (ICML)},
 editor = {Sammut, Claude and Hoffmann, Achim G.},
 month = {July},
 pages = {427--434},
 publisher = {Morgan Kaufmann},
 title = {Learning word normalization using word suffix and context from unlabeled data},
 year = {2002}
}

@inproceedings{muslea2002active,
 address = {Sydney, Australia},
 author = {Muslea, Ion and Minton, Steven and Knoblock, Craig A.},
 booktitle = {Machine Learning: Proceedings of the Nineteenth International Conference (ICML)},
 editor = {Sammut, Claude and Hoffmann, Achim G.},
 month = {July},
 pages = {435--442},
 publisher = {Morgan Kaufmann},
 title = {Active + Semi-supervised Learning = Robust Multi-View Learning},
 year = {2002}
}

@inproceedings{muslea2002adaptive,
 address = {Sydney, Australia},
 author = {Muslea, Ion and Minton, Steven and Knoblock, Craig A.},
 booktitle = {Machine Learning: Proceedings of the Nineteenth International Conference (ICML)},
 editor = {Sammut, Claude and Hoffmann, Achim G.},
 month = {July},
 pages = {443--450},
 publisher = {Morgan Kaufmann},
 title = {Adaptive View Validation: A First Step Towards Automatic View Detection},
 year = {2002}
}

@inproceedings{o2002stock,
 address = {Sydney, Australia},
 author = {O, Jangmin and Lee, Jae Won and Zhang, Byoung-Tak},
 booktitle = {Machine Learning: Proceedings of the Nineteenth International Conference (ICML)},
 editor = {Sammut, Claude and Hoffmann, Achim G.},
 month = {July},
 pages = {451--458},
 publisher = {Morgan Kaufmann},
 title = {Stock Trading System Using Reinforcement Learning with Cooperative Agents},
 year = {2002}
}

@inproceedings{oates2002learning,
 address = {Sydney, Australia},
 author = {Oates, Tim and Desai, Devina and Bhat, Vinay},
 booktitle = {Machine Learning: Proceedings of the Nineteenth International Conference (ICML)},
 editor = {Sammut, Claude and Hoffmann, Achim G.},
 month = {July},
 pages = {459--465},
 publisher = {Morgan Kaufmann},
 title = {Learning k-Reversible Context-Free Grammars from Positive Structural Examples},
 year = {2002}
}

@inproceedings{oliver2002mmihmm,
 address = {Sydney, Australia},
 author = {Oliver, Nuria and Garg, Ashutosh},
 booktitle = {Machine Learning: Proceedings of the Nineteenth International Conference (ICML)},
 editor = {Sammut, Claude and Hoffmann, Achim G.},
 month = {July},
 pages = {466--473},
 publisher = {Morgan Kaufmann},
 title = {MMIHMM: Maximum Mutual Information Hidden Markov Models},
 year = {2002}
}

@inproceedings{park2002boosted,
 address = {Sydney, Australia},
 author = {Park, Seong-Bae and Zhang, Byoung-Tak},
 booktitle = {Machine Learning: Proceedings of the Nineteenth International Conference (ICML)},
 editor = {Sammut, Claude and Hoffmann, Achim G.},
 month = {July},
 pages = {482--489},
 publisher = {Morgan Kaufmann},
 title = {A Boosted Maximum Entropy Model for Learning Text Chunking},
 year = {2002}
}

@inproceedings{perkins2002on,
 address = {Sydney, Australia},
 author = {Perkins, Theodore J. and Pendrith, Mark D.},
 booktitle = {Machine Learning: Proceedings of the Nineteenth International Conference (ICML)},
 editor = {Sammut, Claude and Hoffmann, Achim G.},
 month = {July},
 pages = {490--497},
 publisher = {Morgan Kaufmann},
 title = {On the Existence of Fixed Points for Q-Learning and Sarsa in Partially Observable Domains},
 year = {2002}
}

@inproceedings{peshkin2002learning,
 address = {Sydney, Australia},
 author = {Peshkin, Leonid and Shelton, Christian R.},
 booktitle = {Machine Learning: Proceedings of the Nineteenth International Conference (ICML)},
 editor = {Sammut, Claude and Hoffmann, Achim G.},
 month = {July},
 pages = {498--505},
 publisher = {Morgan Kaufmann},
 title = {Learning from Scarce Experience},
 year = {2002}
}

@inproceedings{pickett2002policyblocks,
 address = {Sydney, Australia},
 author = {Pickett, Marc and Barto, Andrew G.},
 booktitle = {Machine Learning: Proceedings of the Nineteenth International Conference (ICML)},
 editor = {Sammut, Claude and Hoffmann, Achim G.},
 month = {July},
 pages = {506--513},
 publisher = {Morgan Kaufmann},
 title = {PolicyBlocks: An Algorithm for Creating Useful Macro-Actions in Reinforcement Learning},
 year = {2002}
}

@inproceedings{raskutti2002using,
 address = {Sydney, Australia},
 author = {Raskutti, Bhavani and Ferrá, Herman L. and Kowalczyk, Adam},
 booktitle = {Machine Learning: Proceedings of the Nineteenth International Conference (ICML)},
 editor = {Sammut, Claude and Hoffmann, Achim G.},
 month = {July},
 pages = {514--521},
 publisher = {Morgan Kaufmann},
 title = {Using Unlabelled Data for Text Classification through Addition of Cluster Parameters},
 year = {2002}
}

@inproceedings{ryan2002using,
 address = {Sydney, Australia},
 author = {Ryan, Malcolm R. K.},
 booktitle = {Machine Learning: Proceedings of the Nineteenth International Conference (ICML)},
 editor = {Sammut, Claude and Hoffmann, Achim G.},
 month = {July},
 pages = {522--529},
 publisher = {Morgan Kaufmann},
 title = {Using Abstract Models of Behaviours to Automatically Generate Reinforcement Learning Hierarchies},
 year = {2002}
}

@inproceedings{s2002modelbased,
 address = {Sydney, Australia},
 author = {S, and Seri, eep and Tadepalli, Prasad},
 booktitle = {Machine Learning: Proceedings of the Nineteenth International Conference (ICML)},
 editor = {Sammut, Claude and Hoffmann, Achim G.},
 month = {July},
 pages = {562--569},
 publisher = {Morgan Kaufmann},
 title = {Model-based Hierarchical Average-reward Reinforcement Learning},
 year = {2002}
}

@inproceedings{saunders2002syllables,
 address = {Sydney, Australia},
 author = {Saunders, Craig and Tschach, Hauke and Shawe-Taylor, John},
 booktitle = {Machine Learning: Proceedings of the Nineteenth International Conference (ICML)},
 editor = {Sammut, Claude and Hoffmann, Achim G.},
 month = {July},
 pages = {530--537},
 publisher = {Morgan Kaufmann},
 title = {Syllables and other String Kernel Extensions},
 year = {2002}
}

@inproceedings{schapire2002incorporating,
 address = {Sydney, Australia},
 author = {Schapire, Robert E. and Rochery, Marie and Rahim, Mazin G. and Gupta, Narendra K.},
 booktitle = {Machine Learning: Proceedings of the Nineteenth International Conference (ICML)},
 editor = {Sammut, Claude and Hoffmann, Achim G.},
 month = {July},
 pages = {538--545},
 publisher = {Morgan Kaufmann},
 title = {Incorporating Prior Knowledge into Boosting},
 year = {2002}
}

@inproceedings{schapire2002modeling,
 address = {Sydney, Australia},
 author = {Schapire, Robert E. and Stone, Peter and McAllester, David A. and Littman, Michael L. and Csirik, János A.},
 booktitle = {Machine Learning: Proceedings of the Nineteenth International Conference (ICML)},
 editor = {Sammut, Claude and Hoffmann, Achim G.},
 month = {July},
 pages = {546--553},
 publisher = {Morgan Kaufmann},
 title = {Modeling Auction Price Uncertainty Using Boosting-based Conditional Density Estimation},
 year = {2002}
}

@inproceedings{sep2002interpreting,
 address = {Sydney, Australia},
 author = {Sep and Kamvar, Ar D. and Klein, Dan and Manning, Christopher D.},
 booktitle = {Machine Learning: Proceedings of the Nineteenth International Conference (ICML)},
 editor = {Sammut, Claude and Hoffmann, Achim G.},
 month = {July},
 pages = {283--290},
 publisher = {Morgan Kaufmann},
 title = {Interpreting and Extending Classical Agglomerative Clustering Algorithms Using a Model-Based Approach},
 year = {2002}
}

@inproceedings{shapiro2002separating,
 address = {Sydney, Australia},
 author = {Shapiro, Daniel G. and Langley, Pat},
 booktitle = {Machine Learning: Proceedings of the Nineteenth International Conference (ICML)},
 editor = {Sammut, Claude and Hoffmann, Achim G.},
 month = {July},
 pages = {570--577},
 publisher = {Morgan Kaufmann},
 title = {Separating Skills from Preference: Using Learning to Program by Reward},
 year = {2002}
}

@inproceedings{slonim2002discriminative,
 address = {Sydney, Australia},
 author = {Slonim, Noam and Bejerano, Gill and Fine, Shai and Tishby, Naftali},
 booktitle = {Machine Learning: Proceedings of the Nineteenth International Conference (ICML)},
 editor = {Sammut, Claude and Hoffmann, Achim G.},
 month = {July},
 pages = {578--585},
 publisher = {Morgan Kaufmann},
 title = {Discriminative Feature Selection via Multiclass Variable Memory Markov Model},
 year = {2002}
}

@inproceedings{stirling2002learning,
 address = {Sydney, Australia},
 author = {Stirling, David},
 booktitle = {Machine Learning: Proceedings of the Nineteenth International Conference (ICML)},
 editor = {Sammut, Claude and Hoffmann, Achim G.},
 month = {July},
 pages = {586--593},
 publisher = {Morgan Kaufmann},
 title = {Learning to Fly by Controlling Dynamic Instabilities},
 year = {2002}
}

@inproceedings{stracuzzi2002randomized,
 address = {Sydney, Australia},
 author = {Stracuzzi, David J. and Utgoff, Paul E.},
 booktitle = {Machine Learning: Proceedings of the Nineteenth International Conference (ICML)},
 editor = {Sammut, Claude and Hoffmann, Achim G.},
 month = {July},
 pages = {594--601},
 publisher = {Morgan Kaufmann},
 title = {Randomized Variable Elimination},
 year = {2002}
}

@inproceedings{strens2002markov,
 address = {Sydney, Australia},
 author = {Strens, Malcolm J. A. and Bernhardt, Mark and Everett, Nicholas},
 booktitle = {Machine Learning: Proceedings of the Nineteenth International Conference (ICML)},
 editor = {Sammut, Claude and Hoffmann, Achim G.},
 month = {July},
 pages = {602--609},
 publisher = {Morgan Kaufmann},
 title = {Markov Chain Monte Carlo Sampling using Direct Search Optimization},
 year = {2002}
}

@inproceedings{suc2002qualitative,
 address = {Sydney, Australia},
 author = {Suc, Dorian and Bratko, Ivan},
 booktitle = {Machine Learning: Proceedings of the Nineteenth International Conference (ICML)},
 editor = {Sammut, Claude and Hoffmann, Achim G.},
 month = {July},
 pages = {610--617},
 publisher = {Morgan Kaufmann},
 title = {Qualitative reverse engineering},
 year = {2002}
}

@inproceedings{takechi2002finding,
 address = {Sydney, Australia},
 author = {Takechi, Fumio and Suzuki, Einoshin},
 booktitle = {Machine Learning: Proceedings of the Nineteenth International Conference (ICML)},
 editor = {Sammut, Claude and Hoffmann, Achim G.},
 month = {July},
 pages = {618--625},
 publisher = {Morgan Kaufmann},
 title = {Finding an Optimal Gain-Ratio Subset-Split Test for a Set-Valued Attribute in Decision Tree Induction},
 year = {2002}
}

@inproceedings{teow2002refining,
 address = {Sydney, Australia},
 author = {Teow, Loo-Nin and Liu, Haifeng and Ng, Hwee Tou and Yap, Eric},
 booktitle = {Machine Learning: Proceedings of the Nineteenth International Conference (ICML)},
 editor = {Sammut, Claude and Hoffmann, Achim G.},
 month = {July},
 pages = {626--633},
 publisher = {Morgan Kaufmann},
 title = {Refining the Wrapper Approach - Smoothed Error Estimates for Feature Selection},
 year = {2002}
}

@inproceedings{tham2002sparse,
 address = {Sydney, Australia},
 author = {Tham, Shien-Shin and Doucet, Arnaud and Ramamohanarao, Kotagiri},
 booktitle = {Machine Learning: Proceedings of the Nineteenth International Conference (ICML)},
 editor = {Sammut, Claude and Hoffmann, Achim G.},
 month = {July},
 pages = {634--641},
 publisher = {Morgan Kaufmann},
 title = {Sparse Bayesian Learning for Regression and Classification using Markov Chain Monte Carlo},
 year = {2002}
}

@inproceedings{ting2002issues,
 address = {Sydney, Australia},
 author = {Ting, Kai Ming},
 booktitle = {Machine Learning: Proceedings of the Nineteenth International Conference (ICML)},
 editor = {Sammut, Claude and Hoffmann, Achim G.},
 month = {July},
 pages = {642--649},
 publisher = {Morgan Kaufmann},
 title = {Issues in Classifier Evaluation using Optimal Cost Curves},
 year = {2002}
}

@inproceedings{wang2002modeling,
 address = {Sydney, Australia},
 author = {Wang, Yong and Witten, Ian H.},
 booktitle = {Machine Learning: Proceedings of the Nineteenth International Conference (ICML)},
 editor = {Sammut, Claude and Hoffmann, Achim G.},
 month = {July},
 pages = {650--657},
 publisher = {Morgan Kaufmann},
 title = {Modeling for Optimal Probability Prediction},
 year = {2002}
}

@inproceedings{wu2002mining,
 address = {Sydney, Australia},
 author = {Wu, Xindong and Zhang, Chengqi and Zhang, Shichao},
 booktitle = {Machine Learning: Proceedings of the Nineteenth International Conference (ICML)},
 editor = {Sammut, Claude and Hoffmann, Achim G.},
 month = {July},
 pages = {658--665},
 publisher = {Morgan Kaufmann},
 title = {Mining Both Positive and Negative Association Rules},
 year = {2002}
}

@inproceedings{yang2002nondisjoint,
 address = {Sydney, Australia},
 author = {Yang, Ying and Webb, Geoffrey I.},
 booktitle = {Machine Learning: Proceedings of the Nineteenth International Conference (ICML)},
 editor = {Sammut, Claude and Hoffmann, Achim G.},
 month = {July},
 pages = {666--673},
 publisher = {Morgan Kaufmann},
 title = {Non-Disjoint Discretization for Naive-Bayes Classifiers},
 year = {2002}
}

@inproceedings{zhang2002contentbased,
 address = {Sydney, Australia},
 author = {Zhang, Qi and Goldman, Sally A. and Yu, Wei and Fritts, Jason E.},
 booktitle = {Machine Learning: Proceedings of the Nineteenth International Conference (ICML)},
 editor = {Sammut, Claude and Hoffmann, Achim G.},
 month = {July},
 pages = {682--689},
 publisher = {Morgan Kaufmann},
 title = {Content-Based Image Retrieval Using Multiple-Instance Learning},
 year = {2002}
}

@inproceedings{zhang2002representational,
 address = {Sydney, Australia},
 author = {Zhang, Huajie and Ling, Charles X.},
 booktitle = {Machine Learning: Proceedings of the Nineteenth International Conference (ICML)},
 editor = {Sammut, Claude and Hoffmann, Achim G.},
 month = {July},
 pages = {674--681},
 publisher = {Morgan Kaufmann},
 title = {Representational Upper Bounds of Bayesian Networks},
 year = {2002}
}

@inproceedings{zhang2002statistical,
 address = {Sydney, Australia},
 author = {Zhang, Tong},
 booktitle = {Machine Learning: Proceedings of the Nineteenth International Conference (ICML)},
 editor = {Sammut, Claude and Hoffmann, Achim G.},
 month = {July},
 pages = {690--700},
 publisher = {Morgan Kaufmann},
 title = {Statistical Behavior and Consistency of Support Vector Machines, Boosting, and Beyond},
 year = {2002}
}

@inproceedings{zubek2002pruning,
 address = {Sydney, Australia},
 author = {Zubek, Valentina Bayer and Dietterich, Thomas G.},
 booktitle = {Machine Learning: Proceedings of the Nineteenth International Conference (ICML)},
 editor = {Sammut, Claude and Hoffmann, Achim G.},
 month = {July},
 pages = {19--26},
 publisher = {Morgan Kaufmann},
 title = {Pruning Improves Heuristic Search for Cost-Sensitive Learning},
 year = {2002}
}
