@inproceedings{alex2003representational,
  address = {Washington DC, USA},
  author = {Alex, and Kalousis, ros and Hilario, Melanie},
  booktitle = {Machine Learning: Proceedings of the Twentieth International Conference (ICML)},
  editor = {Fawcett, Tom and Mishra, Nina},
  month = {August},
  note = {<http://www.aaai.org/Library/ICML/2003/icml03-043.php>},
  openalex = {W1758907577},
  pages = {313–320},
  publisher = {AAAI Press},
  title = {Representational Issues in Meta-Learning},
  year = {2003}
}

@inproceedings{altun2003hidden,
  address = {Washington DC, USA},
  author = {Altun, Yasemin and Tsochantaridis, Ioannis and Hofmann, Thomas},
  booktitle = {Machine Learning: Proceedings of the Twentieth International Conference (ICML)},
  editor = {Fawcett, Tom and Mishra, Nina},
  month = {August},
  note = {<http://www.aaai.org/Library/ICML/2003/icml03-004.php>},
  openalex = {W2139686264},
  pages = {3–10},
  publisher = {AAAI Press},
  title = {Hidden Markov Support Vector Machines},
  year = {2003}
}

@inproceedings{baram2003online,
  address = {Washington DC, USA},
  author = {Baram, Yoram and El-Yaniv, Ran and Luz, Kobi},
  booktitle = {Machine Learning: Proceedings of the Twentieth International Conference (ICML)},
  editor = {Fawcett, Tom and Mishra, Nina},
  month = {August},
  note = {<http://www.aaai.org/Library/ICML/2003/icml03-006.php>},
  openalex = {W2140679654},
  pages = {19–26},
  publisher = {AAAI Press},
  title = {Online Choice of Active Learning Algorithms},
  year = {2003}
}

@inproceedings{barhillel2003learning,
  address = {Washington DC, USA},
  author = {Bar-Hillel, Aharon and Hertz, Tomer and Shental, Noam and Weinshall, Daphna},
  booktitle = {Machine Learning: Proceedings of the Twentieth International Conference (ICML)},
  editor = {Fawcett, Tom and Mishra, Nina},
  month = {August},
  note = {<http://www.aaai.org/Library/ICML/2003/icml03-005.php>},
  openalex = {W2159583439},
  pages = {11–18},
  publisher = {AAAI Press},
  title = {Learning Distance Functions using Equivalence Relations},
  year = {2003}
}

@inproceedings{berardi2003learning,
  address = {Washington DC, USA},
  author = {Berardi, Margherita and Ceci, Michelangelo and Esposito, Floriana and Malerba, Donato},
  booktitle = {Machine Learning: Proceedings of the Twentieth International Conference (ICML)},
  editor = {Fawcett, Tom and Mishra, Nina},
  month = {August},
  note = {<http://www.aaai.org/Library/ICML/2003/icml03-007.php>},
  openalex = {W2139689856},
  pages = {27–34},
  publisher = {AAAI Press},
  title = {Learning Logic Programs for Layout Analysis Correction},
  year = {2003}
}

@inproceedings{bi2003multiobjective,
  address = {Washington DC, USA},
  author = {Bi, Jinbo},
  booktitle = {Machine Learning: Proceedings of the Twentieth International Conference (ICML)},
  editor = {Fawcett, Tom and Mishra, Nina},
  month = {August},
  note = {<http://www.aaai.org/Library/ICML/2003/icml03-008.php>},
  openalex = {W2134881335},
  pages = {35–42},
  publisher = {AAAI Press},
  title = {Multi-Objective Programming in SVMs},
  year = {2003}
}

@inproceedings{bi2003regression,
  address = {Washington DC, USA},
  author = {Bi, Jinbo and Bennett, Kristin P.},
  booktitle = {Machine Learning: Proceedings of the Twentieth International Conference (ICML)},
  editor = {Fawcett, Tom and Mishra, Nina},
  month = {August},
  note = {<http://www.aaai.org/Library/ICML/2003/icml03-009.php>},
  openalex = {W2153095534},
  pages = {43–50},
  publisher = {AAAI Press},
  title = {Regression Error Characteristic Curves},
  year = {2003}
}

@inproceedings{bouckaert2003choosing,
  address = {Washington DC, USA},
  author = {Bouckaert, Remco R.},
  booktitle = {Machine Learning: Proceedings of the Twentieth International Conference (ICML)},
  editor = {Fawcett, Tom and Mishra, Nina},
  month = {August},
  note = {<http://www.aaai.org/Library/ICML/2003/icml03-010.php>},
  openalex = {W2159895197},
  pages = {51–58},
  publisher = {AAAI Press},
  title = {Choosing Between Two Learning Algorithms Based on Calibrated Tests},
  year = {2003}
}

@inproceedings{brinker2003incorporating,
  address = {Washington DC, USA},
  author = {Brinker, Klaus},
  booktitle = {Machine Learning: Proceedings of the Twentieth International Conference (ICML)},
  editor = {Fawcett, Tom and Mishra, Nina},
  month = {August},
  note = {<http://www.aaai.org/Library/ICML/2003/icml03-011.php>},
  openalex = {W1845402413},
  pages = {59–66},
  publisher = {AAAI Press},
  title = {Incorporating Diversity in Active Learning with Support Vector Machines},
  year = {2003}
}

@inproceedings{brown2003use,
  address = {Washington DC, USA},
  author = {Brown, Gavin and Wyatt, Jeremy L.},
  booktitle = {Machine Learning: Proceedings of the Twentieth International Conference (ICML)},
  editor = {Fawcett, Tom and Mishra, Nina},
  month = {August},
  note = {<http://www.aaai.org/Library/ICML/2003/icml03-012.php>},
  openalex = {W2109001240},
  pages = {67–74},
  publisher = {AAAI Press},
  title = {The Use of the Ambiguity Decomposition in Neural Network Ensemble Learning Methods},
  year = {2003}
}

@inproceedings{cerquides2003tractable,
  address = {Washington DC, USA},
  author = {Cerquides, Jesús and Mántaras, Ramón López de},
  booktitle = {Machine Learning: Proceedings of the Twentieth International Conference (ICML)},
  editor = {Fawcett, Tom and Mishra, Nina},
  month = {August},
  note = {<http://www.aaai.org/Library/ICML/2003/icml03-013.php>},
  openalex = {W1504070454},
  pages = {75–82},
  publisher = {AAAI Press},
  title = {Tractable Bayesian Learning of Tree Augmented Naive Bayes Models},
  year = {2003}
}

@inproceedings{conitzer2003awesome,
  address = {Washington DC, USA},
  author = {Conitzer, Vincent and S, Tuomas},
  booktitle = {Machine Learning: Proceedings of the Twentieth International Conference (ICML)},
  editor = {Fawcett, Tom and Mishra, Nina},
  month = {August},
  note = {<http://www.aaai.org/Library/ICML/2003/icml03-014.php>},
  openalex = {W2103437045},
  pages = {83–90},
  publisher = {AAAI Press},
  title = {AWESOME: A General Multiagent Learning Algorithm that Converges in Self-Play and Learns a Best Response Against Stationary Opponents},
  year = {2003}
}

@inproceedings{conitzer2003blwolf,
  address = {Washington DC, USA},
  author = {Conitzer, Vincent and S, Tuomas},
  booktitle = {Machine Learning: Proceedings of the Twentieth International Conference (ICML)},
  editor = {Fawcett, Tom and Mishra, Nina},
  month = {August},
  note = {<http://www.aaai.org/Library/ICML/2003/icml03-015.php>},
  openalex = {W1542456458},
  pages = {91–98},
  publisher = {AAAI Press},
  title = {BL-WoLF: A Framework For Loss-Bounded Learnability In Zero-Sum Games},
  year = {2003}
}

@inproceedings{cozman2003semisupervised,
  address = {Washington DC, USA},
  author = {Cozman, Fábio Gagliardi and Cohen, Ira and Cirelo, Marcelo Cesar},
  booktitle = {Machine Learning: Proceedings of the Twentieth International Conference (ICML)},
  editor = {Fawcett, Tom and Mishra, Nina},
  month = {August},
  note = {<http://www.aaai.org/Library/ICML/2003/icml03-016.php>},
  pages = {99–106},
  publisher = {AAAI Press},
  title = {Semi-Supervised Learning of Mixture Models},
  year = {2003}
}

@inproceedings{cumby2003on,
  address = {Washington DC, USA},
  author = {Cumby, Chad M. and Roth, Dan},
  booktitle = {Machine Learning: Proceedings of the Twentieth International Conference (ICML)},
  editor = {Fawcett, Tom and Mishra, Nina},
  month = {August},
  note = {<http://www.aaai.org/Library/ICML/2003/icml03-017.php>},
  openalex = {W2129665406},
  pages = {107–114},
  publisher = {AAAI Press},
  title = {On Kernel Methods for Relational Learning},
  year = {2003}
}

@inproceedings{decoste2003fast,
  address = {Washington DC, USA},
  author = {DeCoste, Dennis and Mazzoni, Dominic},
  booktitle = {Machine Learning: Proceedings of the Twentieth International Conference (ICML)},
  editor = {Fawcett, Tom and Mishra, Nina},
  month = {August},
  note = {<http://www.aaai.org/Library/ICML/2003/icml03-018.php>},
  openalex = {W2155120195},
  pages = {115–122},
  publisher = {AAAI Press},
  title = {Fast Query-Optimized Kernel Machine Classification Via Incremental Approximate Nearest Support Vectors},
  year = {2003}
}

@inproceedings{driessens2003relational,
  address = {Washington DC, USA},
  author = {Driessens, Kurt and Ramon, Jan},
  booktitle = {Machine Learning: Proceedings of the Twentieth International Conference (ICML)},
  editor = {Fawcett, Tom and Mishra, Nina},
  month = {August},
  note = {<http://www.aaai.org/Library/ICML/2003/icml03-019.php>},
  openalex = {W2148411640},
  pages = {123–130},
  publisher = {AAAI Press},
  title = {Relational Instance Based Regression for Relational Reinforcement Learning},
  year = {2003}
}

@inproceedings{duff2003design,
  address = {Washington DC, USA},
  author = {Duff, Michael O.},
  booktitle = {Machine Learning: Proceedings of the Twentieth International Conference (ICML)},
  editor = {Fawcett, Tom and Mishra, Nina},
  month = {August},
  note = {<http://www.aaai.org/Library/ICML/2003/icml03-020.php>},
  pages = {131–138},
  publisher = {AAAI Press},
  title = {Design for an Optimal Probe},
  year = {2003}
}

@inproceedings{duff2003diffusion,
  address = {Washington DC, USA},
  author = {Duff, Michael O.},
  booktitle = {Machine Learning: Proceedings of the Twentieth International Conference (ICML)},
  editor = {Fawcett, Tom and Mishra, Nina},
  month = {August},
  note = {<http://www.aaai.org/Library/ICML/2003/icml03-021.php>},
  openalex = {W1921802869},
  pages = {139–146},
  publisher = {AAAI Press},
  title = {Diffusion Approximation for Bayesian Markov Chains},
  year = {2003}
}

@inproceedings{elkan2003using,
  address = {Washington DC, USA},
  author = {Elkan, Charles},
  booktitle = {Machine Learning: Proceedings of the Twentieth International Conference (ICML)},
  editor = {Fawcett, Tom and Mishra, Nina},
  month = {August},
  note = {<http://www.aaai.org/Library/ICML/2003/icml03-022.php>},
  openalex = {W2171852577},
  pages = {147–153},
  publisher = {AAAI Press},
  title = {Using the Triangle Inequality to Accelerate k-Means},
  year = {2003}
}

@inproceedings{engel2003bayes,
  address = {Washington DC, USA},
  author = {Engel, Yaakov and Mannor, Shie and Meir, Ron},
  booktitle = {Machine Learning: Proceedings of the Twentieth International Conference (ICML)},
  editor = {Fawcett, Tom and Mishra, Nina},
  month = {August},
  note = {<http://www.aaai.org/Library/ICML/2003/icml03-023.php>},
  openalex = {W2132849848},
  pages = {154–161},
  publisher = {AAAI Press},
  title = {Bayes Meets Bellman: The Gaussian Process Approach to Temporal Difference Learning},
  year = {2003}
}

@inproceedings{evendar2003action,
  address = {Washington DC, USA},
  author = {Even-Dar, Eyal and Mannor, Shie and Mansour, Yishay},
  booktitle = {Machine Learning: Proceedings of the Twentieth International Conference (ICML)},
  editor = {Fawcett, Tom and Mishra, Nina},
  month = {August},
  note = {<http://www.aaai.org/Library/ICML/2003/icml03-024.php>},
  openalex = {W2126774211},
  pages = {162–169},
  publisher = {AAAI Press},
  title = {Action Elimination and Stopping Conditions for Reinforcement Learning},
  year = {2003}
}

@inproceedings{fan2003utilizing,
  address = {Washington DC, USA},
  author = {Fan, James and Lau, Raymond and Miikkulainen, Risto},
  booktitle = {Machine Learning: Proceedings of the Twentieth International Conference (ICML)},
  editor = {Fawcett, Tom and Mishra, Nina},
  month = {August},
  note = {<http://www.aaai.org/Library/ICML/2003/icml03-025.php>},
  openalex = {W2171248580},
  pages = {170–177},
  publisher = {AAAI Press},
  title = {Utilizing Domain Knowledge in Neuroevolution},
  year = {2003}
}

@inproceedings{fern2003boosting,
  address = {Washington DC, USA},
  author = {Fern, Xiaoli Zhang and Brodley, Carla E.},
  booktitle = {Machine Learning: Proceedings of the Twentieth International Conference (ICML)},
  editor = {Fawcett, Tom and Mishra, Nina},
  month = {August},
  note = {<http://www.aaai.org/Library/ICML/2003/icml03-026.php>},
  pages = {178–185},
  publisher = {AAAI Press},
  title = {Boosting Lazy Decision Trees},
  year = {2003}
}

@inproceedings{fern2003random,
  address = {Washington DC, USA},
  author = {Fern, Xiaoli Zhang and Brodley, Carla E.},
  booktitle = {Machine Learning: Proceedings of the Twentieth International Conference (ICML)},
  editor = {Fawcett, Tom and Mishra, Nina},
  month = {August},
  note = {<http://www.aaai.org/Library/ICML/2003/icml03-027.php>},
  pages = {186–193},
  publisher = {AAAI Press},
  title = {Random Projection for High Dimensional Data Clustering: A Cluster Ensemble Approach},
  year = {2003}
}

@inproceedings{flach2003geometry,
  address = {Washington DC, USA},
  author = {Flach, Peter A.},
  booktitle = {Machine Learning: Proceedings of the Twentieth International Conference (ICML)},
  editor = {Fawcett, Tom and Mishra, Nina},
  month = {August},
  note = {<http://www.aaai.org/Library/ICML/2003/icml03-028.php>},
  openalex = {W2143017915},
  pages = {194–201},
  publisher = {AAAI Press},
  title = {The Geometry of ROC Space: Understanding Machine Learning Metrics through ROC Isometrics},
  year = {2003}
}

@inproceedings{fuernkranz2003analysis,
  address = {Washington DC, USA},
  author = {Fü rnkranz, Johannes and Flach, Peter A.},
  booktitle = {Machine Learning: Proceedings of the Twentieth International Conference (ICML)},
  editor = {Fawcett, Tom and Mishra, Nina},
  month = {August},
  note = {<http://www.aaai.org/Library/ICML/2003/icml03-029.php>},
  openalex = {W1619336345},
  pages = {202–209},
  publisher = {AAAI Press},
  title = {An Analysis of Rule Evaluation Metrics},
  year = {2003}
}

@inproceedings{garg2003margin,
  address = {Washington DC, USA},
  author = {Garg, Ashutosh and Roth, Dan},
  booktitle = {Machine Learning: Proceedings of the Twentieth International Conference (ICML)},
  editor = {Fawcett, Tom and Mishra, Nina},
  month = {August},
  note = {<http://www.aaai.org/Library/ICML/2003/icml03-030.php>},
  openalex = {W2128384737},
  pages = {210–217},
  publisher = {AAAI Press},
  title = {Margin Distribution and Learning},
  year = {2003}
}

@inproceedings{geibel2003perceptron,
  address = {Washington DC, USA},
  author = {Geibel, Peter and Wysotzki, Fritz},
  booktitle = {Machine Learning: Proceedings of the Twentieth International Conference (ICML)},
  editor = {Fawcett, Tom and Mishra, Nina},
  month = {August},
  note = {<http://www.aaai.org/Library/ICML/2003/icml03-031.php>},
  openalex = {W2170259985},
  pages = {218–225},
  publisher = {AAAI Press},
  title = {Perceptron Based Learning with Example Dependent and Noisy Costs},
  year = {2003}
}

@inproceedings{ghavamzadeh2003hierarchical,
  address = {Washington DC, USA},
  author = {Ghavamzadeh, Mohammad and Mahadevan, Sridhar},
  booktitle = {Machine Learning: Proceedings of the Twentieth International Conference (ICML)},
  editor = {Fawcett, Tom and Mishra, Nina},
  month = {August},
  note = {<http://www.aaai.org/Library/ICML/2003/icml03-032.php>},
  openalex = {W2139394304},
  pages = {226–233},
  publisher = {AAAI Press},
  title = {Hierarchical Policy Gradient Algorithms},
  year = {2003}
}

@inproceedings{graepel2003solving,
  address = {Washington DC, USA},
  author = {Graepel, Thore},
  booktitle = {Machine Learning: Proceedings of the Twentieth International Conference (ICML)},
  editor = {Fawcett, Tom and Mishra, Nina},
  month = {August},
  note = {<http://www.aaai.org/Library/ICML/2003/icml03-033.php>},
  openalex = {W349861868},
  pages = {234–241},
  publisher = {AAAI Press},
  title = {Solving Noisy Linear Operator Equations by Gaussian Processes: Application to Ordinary and Partial Differential Equations},
  year = {2003}
}

@inproceedings{greenwald2003correlated,
  address = {Washington DC, USA},
  author = {Greenwald, Amy and Hall, Keith},
  booktitle = {Machine Learning: Proceedings of the Twentieth International Conference (ICML)},
  editor = {Fawcett, Tom and Mishra, Nina},
  month = {August},
  note = {<http://www.aaai.org/Library/ICML/2003/icml03-034.php>},
  openalex = {W2164637474},
  pages = {242–249},
  publisher = {AAAI Press},
  title = {Correlated Q-Learning},
  year = {2003}
}

@inproceedings{harrington2003online,
  address = {Washington DC, USA},
  author = {Harrington, Edward F.},
  booktitle = {Machine Learning: Proceedings of the Twentieth International Conference (ICML)},
  editor = {Fawcett, Tom and Mishra, Nina},
  month = {August},
  note = {<http://www.aaai.org/Library/ICML/2003/icml03-035.php>},
  openalex = {W2120350143},
  pages = {250–257},
  publisher = {AAAI Press},
  title = {Online Ranking/Collaborative Filtering Using the Perceptron Algorithm},
  year = {2003}
}

@inproceedings{isaac2003goaldirected,
  address = {Washington DC, USA},
  author = {Isaac, Andrew and Sammut, Claude},
  booktitle = {Machine Learning: Proceedings of the Twentieth International Conference (ICML)},
  editor = {Fawcett, Tom and Mishra, Nina},
  month = {August},
  note = {<http://www.aaai.org/Library/ICML/2003/icml03-036.php>},
  openalex = {W2170396035},
  pages = {258–265},
  publisher = {AAAI Press},
  title = {Goal-directed Learning to Fly},
  year = {2003}
}

@inproceedings{jaeger2003probabilistic,
  address = {Washington DC, USA},
  author = {Jaeger, Manfred},
  booktitle = {Machine Learning: Proceedings of the Twentieth International Conference (ICML)},
  editor = {Fawcett, Tom and Mishra, Nina},
  month = {August},
  note = {<http://www.aaai.org/Library/ICML/2003/icml03-037.php>},
  openalex = {W2138689857},
  pages = {266–273},
  publisher = {AAAI Press},
  title = {Probabilistic Classifiers and the Concepts They Recognize},
  year = {2003}
}

@inproceedings{jensen2003avoiding,
  address = {Washington DC, USA},
  author = {Jensen, David D. and Neville, Jennifer and Hay, Michael},
  booktitle = {Machine Learning: Proceedings of the Twentieth International Conference (ICML)},
  editor = {Fawcett, Tom and Mishra, Nina},
  month = {August},
  note = {<http://www.aaai.org/Library/ICML/2003/icml03-038.php>},
  openalex = {W2140127353},
  pages = {274–281},
  publisher = {AAAI Press},
  title = {Avoiding Bias when Aggregating Relational Data with Degree Disparity},
  year = {2003}
}

@inproceedings{jin2003faster,
  address = {Washington DC, USA},
  author = {Jin, Rong and Yan, Rong and Zhang, Jian and Alex, and Hauptmann, er G.},
  booktitle = {Machine Learning: Proceedings of the Twentieth International Conference (ICML)},
  editor = {Fawcett, Tom and Mishra, Nina},
  month = {August},
  note = {<http://www.aaai.org/Library/ICML/2003/icml03-039.php>},
  openalex = {W2148576472},
  pages = {282–289},
  publisher = {AAAI Press},
  title = {A Faster Iterative Scaling Algorithm for Conditional Exponential Model},
  year = {2003}
}

@inproceedings{joachims2003transductive,
  address = {Washington DC, USA},
  author = {Joachims, Thorsten},
  booktitle = {Machine Learning: Proceedings of the Twentieth International Conference (ICML)},
  editor = {Fawcett, Tom and Mishra, Nina},
  month = {August},
  note = {<http://www.aaai.org/Library/ICML/2003/icml03-040.php>},
  openalex = {W2111557120},
  pages = {290–297},
  publisher = {AAAI Press},
  title = {Transductive Learning via Spectral Graph Partitioning},
  year = {2003}
}

@inproceedings{johnson2003evolving,
  address = {Washington DC, USA},
  author = {Johnson, Judy and Tsioutsiouliklis, Kostas and Giles, C. Lee},
  booktitle = {Machine Learning: Proceedings of the Twentieth International Conference (ICML)},
  editor = {Fawcett, Tom and Mishra, Nina},
  month = {August},
  note = {<http://www.aaai.org/Library/ICML/2003/icml03-041.php>},
  openalex = {W2121294789},
  pages = {298–305},
  publisher = {AAAI Press},
  title = {Evolving Strategies for Focused Web Crawling},
  year = {2003}
}

@inproceedings{kakade2003exploration,
  address = {Washington DC, USA},
  author = {Kakade, Sham M. and Kearns, Michael J. and Langford, John},
  booktitle = {Machine Learning: Proceedings of the Twentieth International Conference (ICML)},
  editor = {Fawcett, Tom and Mishra, Nina},
  month = {August},
  note = {<http://www.aaai.org/Library/ICML/2003/icml03-042.php>},
  openalex = {W1747856733},
  pages = {306–312},
  publisher = {AAAI Press},
  title = {Exploration in Metric State Spaces},
  year = {2003}
}

@inproceedings{kashima2003marginalized,
  address = {Washington DC, USA},
  author = {Kashima, Hisashi and Tsuda, Koji and Inokuchi, Akihiro},
  booktitle = {Machine Learning: Proceedings of the Twentieth International Conference (ICML)},
  editor = {Fawcett, Tom and Mishra, Nina},
  month = {August},
  note = {<http://www.aaai.org/Library/ICML/2003/icml03-044.php>},
  openalex = {W1835509607},
  pages = {321–328},
  publisher = {AAAI Press},
  title = {Marginalized Kernels Between Labeled Graphs},
  year = {2003}
}

@inproceedings{kaski2003informative,
  address = {Washington DC, USA},
  author = {Kaski, Samuel and Peltonen, Jaakko},
  booktitle = {Machine Learning: Proceedings of the Twentieth International Conference (ICML)},
  editor = {Fawcett, Tom and Mishra, Nina},
  month = {August},
  note = {<http://www.aaai.org/Library/ICML/2003/icml03-045.php>},
  openalex = {W1616726216},
  pages = {329–336},
  publisher = {AAAI Press},
  title = {Informative Discriminant Analysis},
  year = {2003}
}

@inproceedings{kennedy2003characteristics,
  address = {Washington DC, USA},
  author = {Kennedy, William G. and Jong, Kenneth A. De},
  booktitle = {Machine Learning: Proceedings of the Twentieth International Conference (ICML)},
  editor = {Fawcett, Tom and Mishra, Nina},
  month = {August},
  note = {<http://www.aaai.org/Library/ICML/2003/icml03-046.php>},
  openalex = {W2128744932},
  pages = {337–344},
  publisher = {AAAI Press},
  title = {Characteristics of Long-term Learning in Soar and its Application to the Utility Problem},
  year = {2003}
}

@inproceedings{kirshner2003unsupervised,
  address = {Washington DC, USA},
  author = {Kirshner, Sergey and Parise, Sridevi and Smyth, Padhraic},
  booktitle = {Machine Learning: Proceedings of the Twentieth International Conference (ICML)},
  editor = {Fawcett, Tom and Mishra, Nina},
  month = {August},
  note = {<http://www.aaai.org/Library/ICML/2003/icml03-047.php>},
  openalex = {W1512687168},
  pages = {345–352},
  publisher = {AAAI Press},
  title = {Unsupervised Learning with Permuted Data},
  year = {2003}
}

@inproceedings{klautau2003discriminative,
  address = {Washington DC, USA},
  author = {Klautau, Aldebaro and Jevtic, Nikola and Orlitsky, Alon},
  booktitle = {Machine Learning: Proceedings of the Twentieth International Conference (ICML)},
  editor = {Fawcett, Tom and Mishra, Nina},
  month = {August},
  note = {<http://www.aaai.org/Library/ICML/2003/icml03-048.php>},
  openalex = {W2164903192},
  pages = {353–360},
  publisher = {AAAI Press},
  title = {Discriminative Gaussian Mixture Models: A Comparison with Kernel Classifiers},
  year = {2003}
}

@inproceedings{kondor2003kernel,
  address = {Washington DC, USA},
  author = {Kondor, Risi and Jebara, Tony},
  booktitle = {Machine Learning: Proceedings of the Twentieth International Conference (ICML)},
  editor = {Fawcett, Tom and Mishra, Nina},
  month = {August},
  note = {<http://www.aaai.org/Library/ICML/2003/icml03-049.php>},
  openalex = {W2157041524},
  pages = {361–368},
  publisher = {AAAI Press},
  title = {A Kernel Between Sets of Vectors},
  year = {2003}
}

@inproceedings{kotnik2003significance,
  address = {Washington DC, USA},
  author = {Kotnik, Clifford and Kalita, Jugal K.},
  booktitle = {Machine Learning: Proceedings of the Twentieth International Conference (ICML)},
  editor = {Fawcett, Tom and Mishra, Nina},
  month = {August},
  note = {<http://www.aaai.org/Library/ICML/2003/icml03-050.php>},
  openalex = {W1678811083},
  pages = {369–375},
  publisher = {AAAI Press},
  title = {The Significance of Temporal-Difference Learning in Self-Play Training TD-Rummy versus EVO-rummy},
  year = {2003}
}

@inproceedings{krawiec2003visual,
  address = {Washington DC, USA},
  author = {Krawiec, Krzysztof and Bhanu, Bir},
  booktitle = {Machine Learning: Proceedings of the Twentieth International Conference (ICML)},
  editor = {Fawcett, Tom and Mishra, Nina},
  month = {August},
  note = {<http://www.aaai.org/Library/ICML/2003/icml03-051.php>},
  openalex = {W2149228163},
  pages = {376–383},
  publisher = {AAAI Press},
  title = {Visual Learning by Evolutionary Feature Synthesis},
  year = {2003}
}

@inproceedings{krishnapuram2003classification,
  address = {Washington DC, USA},
  author = {Krishnapuram, Raghu and Chitrapura, Krishna Prasad and Joshi, Sachindra},
  booktitle = {Machine Learning: Proceedings of the Twentieth International Conference (ICML)},
  editor = {Fawcett, Tom and Mishra, Nina},
  month = {August},
  note = {<http://www.aaai.org/Library/ICML/2003/icml03-052.php>},
  openalex = {W1953972434},
  pages = {384–391},
  publisher = {AAAI Press},
  title = {Classification of Text Documents Based on Minimum System Entropy},
  year = {2003}
}

@inproceedings{kubica2003finding,
  address = {Washington DC, USA},
  author = {Kubica, Jeremy and Moore, Andrew W. and Cohn, David and Schneider, Jeff G.},
  booktitle = {Machine Learning: Proceedings of the Twentieth International Conference (ICML)},
  editor = {Fawcett, Tom and Mishra, Nina},
  month = {August},
  note = {<http://www.aaai.org/Library/ICML/2003/icml03-053.php>},
  openalex = {W2153717768},
  pages = {392–399},
  publisher = {AAAI Press},
  title = {Finding Underlying Connections: A Fast Graph-Based Method for Link Analysis and Collaboration Queries},
  year = {2003}
}

@inproceedings{kwok2003learning,
  address = {Washington DC, USA},
  author = {Kwok, James T. and Tsang, Ivor W.},
  booktitle = {Machine Learning: Proceedings of the Twentieth International Conference (ICML)},
  editor = {Fawcett, Tom and Mishra, Nina},
  month = {August},
  note = {<http://www.aaai.org/Library/ICML/2003/icml03-054.php>},
  openalex = {W1823600381},
  pages = {400–407},
  publisher = {AAAI Press},
  title = {Learning with Idealized Kernels},
  year = {2003}
}

@inproceedings{kwok2003preimage,
  address = {Washington DC, USA},
  author = {Kwok, James T. and Tsang, Ivor W.},
  booktitle = {Machine Learning: Proceedings of the Twentieth International Conference (ICML)},
  editor = {Fawcett, Tom and Mishra, Nina},
  month = {August},
  note = {<http://www.aaai.org/Library/ICML/2003/icml03-055.php>},
  openalex = {W2133396101},
  pages = {408–415},
  publisher = {AAAI Press},
  title = {The Pre-Image Problem in Kernel Methods},
  year = {2003}
}

@inproceedings{lachiche2003improving,
  address = {Washington DC, USA},
  author = {Lachiche, Nicolas and Flach, Peter A.},
  booktitle = {Machine Learning: Proceedings of the Twentieth International Conference (ICML)},
  editor = {Fawcett, Tom and Mishra, Nina},
  month = {August},
  note = {<http://www.aaai.org/Library/ICML/2003/icml03-056.php>},
  openalex = {W2124265506},
  pages = {416–423},
  publisher = {AAAI Press},
  title = {Improving Accuracy and Cost of Two-class and Multi-class Probabilistic Classifiers Using ROC Curves},
  year = {2003}
}

@inproceedings{lagoudakis2003reinforcement,
  address = {Washington DC, USA},
  author = {Lagoudakis, Michail G. and Parr, Ronald},
  booktitle = {Machine Learning: Proceedings of the Twentieth International Conference (ICML)},
  editor = {Fawcett, Tom and Mishra, Nina},
  month = {August},
  note = {<http://www.aaai.org/Library/ICML/2003/icml03-057.php>},
  openalex = {W2134289401},
  pages = {424–431},
  publisher = {AAAI Press},
  title = {Reinforcement Learning as Classification: Leveraging Modern Classifiers},
  year = {2003}
}

@inproceedings{langley2003robust,
  address = {Washington DC, USA},
  author = {Langley, Pat and George, Dileep and Bay, Stephen D. and Saito, Kazumi},
  booktitle = {Machine Learning: Proceedings of the Twentieth International Conference (ICML)},
  editor = {Fawcett, Tom and Mishra, Nina},
  month = {August},
  note = {<http://www.aaai.org/Library/ICML/2003/icml03-058.php>},
  openalex = {W1677942699},
  pages = {432–439},
  publisher = {AAAI Press},
  title = {Robust Induction of Process Models from Time-Series Data},
  year = {2003}
}

@inproceedings{laud2003influence,
  address = {Washington DC, USA},
  author = {Laud, Adam and DeJong, Gerald},
  booktitle = {Machine Learning: Proceedings of the Twentieth International Conference (ICML)},
  editor = {Fawcett, Tom and Mishra, Nina},
  month = {August},
  note = {<http://www.aaai.org/Library/ICML/2003/icml03-059.php>},
  openalex = {W1769460679},
  pages = {440–447},
  publisher = {AAAI Press},
  title = {The Influence of Reward on the Speed of Reinforcement Learning: An Analysis of Shaping},
  year = {2003}
}

@inproceedings{lee2003learning,
  address = {Washington DC, USA},
  author = {Lee, Wee Sun and Liu, Bing},
  booktitle = {Machine Learning: Proceedings of the Twentieth International Conference (ICML)},
  editor = {Fawcett, Tom and Mishra, Nina},
  month = {August},
  note = {<http://www.aaai.org/Library/ICML/2003/icml03-060.php>},
  openalex = {W2133227149},
  pages = {448–455},
  publisher = {AAAI Press},
  title = {Learning with Positive and Unlabeled Examples Using Weighted Logistic Regression},
  year = {2003}
}

@inproceedings{leskovec2003linear,
  address = {Washington DC, USA},
  author = {Leskovec, Jure and Shawe-Taylor, John},
  booktitle = {Machine Learning: Proceedings of the Twentieth International Conference (ICML)},
  editor = {Fawcett, Tom and Mishra, Nina},
  month = {August},
  note = {<http://www.aaai.org/Library/ICML/2003/icml03-061.php>},
  openalex = {W2163194396},
  pages = {456–463},
  publisher = {AAAI Press},
  title = {Linear Programming Boosting for Uneven Datasets},
  year = {2003}
}

@inproceedings{li2003loss,
  address = {Washington DC, USA},
  author = {Li, Fan and Yang, Yiming},
  booktitle = {Machine Learning: Proceedings of the Twentieth International Conference (ICML)},
  editor = {Fawcett, Tom and Mishra, Nina},
  month = {August},
  note = {<http://www.aaai.org/Library/ICML/2003/icml03-063.php>},
  openalex = {W2109679423},
  pages = {472–479},
  publisher = {AAAI Press},
  title = {A Loss Function Analysis for Classification Methods in Text Categorization},
  year = {2003}
}

@inproceedings{li2003text,
  address = {Washington DC, USA},
  author = {Li, Cong and Wen, Ji-Rong and Li, Hang},
  booktitle = {Machine Learning: Proceedings of the Twentieth International Conference (ICML)},
  editor = {Fawcett, Tom and Mishra, Nina},
  month = {August},
  note = {<http://www.aaai.org/Library/ICML/2003/icml03-062.php>},
  openalex = {W2103749038},
  pages = {464–471},
  publisher = {AAAI Press},
  title = {Text Classification Using Stochastic Keyword Generation},
  year = {2003}
}

@inproceedings{ling2003decision,
  address = {Washington DC, USA},
  author = {Ling, Charles X. and Yan, Robert J.},
  booktitle = {Machine Learning: Proceedings of the Twentieth International Conference (ICML)},
  editor = {Fawcett, Tom and Mishra, Nina},
  month = {August},
  note = {<http://www.aaai.org/Library/ICML/2003/icml03-064.php>},
  openalex = {W2101499181},
  pages = {480–487},
  publisher = {AAAI Press},
  title = {Decision Tree with Better Ranking},
  year = {2003}
}

@inproceedings{liu2003evaluation,
  address = {Washington DC, USA},
  author = {Liu, Tao and Liu, Shengping and Chen, Zheng and Ma, Wei-Ying},
  booktitle = {Machine Learning: Proceedings of the Twentieth International Conference (ICML)},
  editor = {Fawcett, Tom and Mishra, Nina},
  month = {August},
  note = {<http://www.aaai.org/Library/ICML/2003/icml03-065.php>},
  openalex = {W2116237179},
  pages = {488–495},
  publisher = {AAAI Press},
  title = {An Evaluation on Feature Selection for Text Clustering},
  year = {2003}
}

@inproceedings{lu2003linkbased,
  address = {Washington DC, USA},
  author = {Lu, Qing and Getoor, Lise},
  booktitle = {Machine Learning: Proceedings of the Twentieth International Conference (ICML)},
  editor = {Fawcett, Tom and Mishra, Nina},
  month = {August},
  note = {<http://www.aaai.org/Library/ICML/2003/icml03-066.php>},
  openalex = {W1908728294},
  pages = {496–503},
  publisher = {AAAI Press},
  title = {Link-based Classification},
  year = {2003}
}

@inproceedings{mamitsuka2003hierarchical,
  address = {Washington DC, USA},
  author = {Mamitsuka, Hiroshi},
  booktitle = {Machine Learning: Proceedings of the Twentieth International Conference (ICML)},
  editor = {Fawcett, Tom and Mishra, Nina},
  month = {August},
  note = {<http://www.aaai.org/Library/ICML/2003/icml03-067.php>},
  openalex = {W1796740284},
  pages = {504–511},
  publisher = {AAAI Press},
  title = {Hierarchical Latent Knowledge Analysis for Co-occurrence Data},
  year = {2003}
}

@inproceedings{mannor2003cross,
  address = {Washington DC, USA},
  author = {Mannor, Shie and Rubinstein, Reuven Y. and Gat, Yohai},
  booktitle = {Machine Learning: Proceedings of the Twentieth International Conference (ICML)},
  editor = {Fawcett, Tom and Mishra, Nina},
  month = {August},
  note = {<http://www.aaai.org/Library/ICML/2003/icml03-068.php>},
  openalex = {W2163302320},
  pages = {512–519},
  publisher = {AAAI Press},
  title = {The Cross Entropy Method for Fast Policy Search},
  year = {2003}
}

@inproceedings{mcgovern2003identifying,
  address = {Washington DC, USA},
  author = {McGovern, Amy and Jensen, David D.},
  booktitle = {Machine Learning: Proceedings of the Twentieth International Conference (ICML)},
  editor = {Fawcett, Tom and Mishra, Nina},
  month = {August},
  note = {<http://www.aaai.org/Library/ICML/2003/icml03-070.php>},
  openalex = {W1961336068},
  pages = {528–535},
  publisher = {AAAI Press},
  title = {Identifying Predictive Structures in Relational Data Using Multiple Instance Learning},
  year = {2003}
}

@inproceedings{mcmahan2003planning,
  address = {Washington DC, USA},
  author = {McMahan, H. Brendan and Gordon, Geoffrey J. and Blum, Avrim},
  booktitle = {Machine Learning: Proceedings of the Twentieth International Conference (ICML)},
  editor = {Fawcett, Tom and Mishra, Nina},
  month = {August},
  note = {<http://www.aaai.org/Library/ICML/2003/icml03-071.php>},
  openalex = {W2113351146},
  pages = {536–543},
  publisher = {AAAI Press},
  title = {Planning in the Presence of Cost Functions Controlled by an Adversary},
  year = {2003}
}

@inproceedings{mesterharm2003using,
  address = {Washington DC, USA},
  author = {Mesterharm, Chris},
  booktitle = {Machine Learning: Proceedings of the Twentieth International Conference (ICML)},
  editor = {Fawcett, Tom and Mishra, Nina},
  month = {August},
  note = {<http://www.aaai.org/Library/ICML/2003/icml03-072.php>},
  openalex = {W2152290818},
  pages = {544–551},
  publisher = {AAAI Press},
  title = {Using Linear-threshold Algorithms to Combine Multi-class Sub-experts},
  year = {2003}
}

@inproceedings{moore2003optimal,
  address = {Washington DC, USA},
  author = {Moore, Andrew W. and Wong, Weng-Keen},
  booktitle = {Machine Learning: Proceedings of the Twentieth International Conference (ICML)},
  editor = {Fawcett, Tom and Mishra, Nina},
  month = {August},
  note = {<http://www.aaai.org/Library/ICML/2003/icml03-073.php>},
  openalex = {W2105940436},
  pages = {552–559},
  publisher = {AAAI Press},
  title = {Optimal Reinsertion: A New Search Operator for Accelerated and More Accurate Bayesian Network Structure Learning},
  year = {2003}
}

@inproceedings{munos2003error,
  address = {Washington DC, USA},
  author = {Munos, Rémi},
  booktitle = {Machine Learning: Proceedings of the Twentieth International Conference (ICML)},
  editor = {Fawcett, Tom and Mishra, Nina},
  month = {August},
  note = {<http://www.aaai.org/Library/ICML/2003/icml03-074.php>},
  openalex = {W1730555343},
  pages = {560–567},
  publisher = {AAAI Press},
  title = {Error Bounds for Approximate Policy Iteration},
  year = {2003}
}

@inproceedings{ong2003machine,
  address = {Washington DC, USA},
  author = {Ong, Cheng Soon and Alex and Smola, er J.},
  booktitle = {Machine Learning: Proceedings of the Twentieth International Conference (ICML)},
  editor = {Fawcett, Tom and Mishra, Nina},
  month = {August},
  note = {<http://www.aaai.org/Library/ICML/2003/icml03-075.php>},
  openalex = {W2183349318},
  pages = {568–575},
  publisher = {AAAI Press},
  title = {Machine Learning with Hyperkernels},
  year = {2003}
}

@inproceedings{ontaon2003justificationbased,
  address = {Washington DC, USA},
  author = {Ontañón, Santiago and Plaza, Enric},
  booktitle = {Machine Learning: Proceedings of the Twentieth International Conference (ICML)},
  editor = {Fawcett, Tom and Mishra, Nina},
  month = {August},
  note = {<http://www.aaai.org/Library/ICML/2003/icml03-076.php>},
  openalex = {W2164521760},
  pages = {576–583},
  publisher = {AAAI Press},
  title = {Justification-based Multiagent Learning},
  year = {2003}
}

@inproceedings{pavlov2003mixtures,
  address = {Washington DC, USA},
  author = {Pavlov, Dmitry and Alex and Popescul, Rín and Pennock, David M. and Ungar, Lyle H.},
  booktitle = {Machine Learning: Proceedings of the Twentieth International Conference (ICML)},
  editor = {Fawcett, Tom and Mishra, Nina},
  month = {August},
  note = {<http://www.aaai.org/Library/ICML/2003/icml03-077.php>},
  openalex = {W1929850838},
  pages = {584–591},
  publisher = {AAAI Press},
  title = {Mixtures of Conditional Maximum Entropy Models},
  year = {2003}
}

@inproceedings{perkins2003online,
  address = {Washington DC, USA},
  author = {Perkins, Simon and Theiler, James},
  booktitle = {Machine Learning: Proceedings of the Twentieth International Conference (ICML)},
  editor = {Fawcett, Tom and Mishra, Nina},
  month = {August},
  note = {<http://www.aaai.org/Library/ICML/2003/icml03-078.php>},
  openalex = {W1887132526},
  pages = {592–599},
  publisher = {AAAI Press},
  title = {Online Feature Selection using Grafting},
  year = {2003}
}

@inproceedings{porter2003weighted,
  address = {Washington DC, USA},
  author = {Porter, Reid B. and Eads, Damian and Hush, Don R. and Theiler, James},
  booktitle = {Machine Learning: Proceedings of the Twentieth International Conference (ICML)},
  editor = {Fawcett, Tom and Mishra, Nina},
  month = {August},
  note = {<http://www.aaai.org/Library/ICML/2003/icml03-079.php>},
  pages = {600–607},
  publisher = {AAAI Press},
  title = {Weighted Order Statistic Classifiers with Large Rank-Order Margin},
  year = {2003}
}

@inproceedings{ravindran2003relativized,
  address = {Washington DC, USA},
  author = {Ravindran, Balaraman and Barto, Andrew G.},
  booktitle = {Machine Learning: Proceedings of the Twentieth International Conference (ICML)},
  editor = {Fawcett, Tom and Mishra, Nina},
  month = {August},
  note = {<http://www.aaai.org/Library/ICML/2003/icml03-080.php>},
  openalex = {W1612195517},
  pages = {608–615},
  publisher = {AAAI Press},
  title = {Relativized Options: Choosing the Right Transformation},
  year = {2003}
}

@inproceedings{rennie2003tackling,
  address = {Washington DC, USA},
  author = {Rennie, Jason D. M. and Shih, Lawrence and Teevan, Jaime and Karger, David R.},
  booktitle = {Machine Learning: Proceedings of the Twentieth International Conference (ICML)},
  editor = {Fawcett, Tom and Mishra, Nina},
  month = {August},
  note = {<http://www.aaai.org/Library/ICML/2003/icml03-081.php>},
  openalex = {W2140336868},
  pages = {616–623},
  publisher = {AAAI Press},
  title = {Tackling the Poor Assumptions of Naive Bayes Text Classifiers},
  year = {2003}
}

@inproceedings{richardson2003learning,
  address = {Washington DC, USA},
  author = {Richardson, Matthew and Domingos, Pedro M.},
  booktitle = {Machine Learning: Proceedings of the Twentieth International Conference (ICML)},
  editor = {Fawcett, Tom and Mishra, Nina},
  month = {August},
  note = {<http://www.aaai.org/Library/ICML/2003/icml03-082.php>},
  openalex = {W2130420534},
  pages = {624–631},
  publisher = {AAAI Press},
  title = {Learning with Knowledge from Multiple Experts},
  year = {2003}
}

@inproceedings{rivest2003combining,
  address = {Washington DC, USA},
  author = {Rivest, François and Precup, Doina},
  booktitle = {Machine Learning: Proceedings of the Twentieth International Conference (ICML)},
  editor = {Fawcett, Tom and Mishra, Nina},
  month = {August},
  note = {<http://www.aaai.org/Library/ICML/2003/icml03-083.php>},
  openalex = {W2096712730},
  pages = {632–639},
  publisher = {AAAI Press},
  title = {Combining TD-learning with Cascade-correlation Networks},
  year = {2003}
}

@inproceedings{rosipal2003kernel,
  address = {Washington DC, USA},
  author = {Rosipal, Roman and Trejo, Leonard J. and Matthews, Bryan},
  booktitle = {Machine Learning: Proceedings of the Twentieth International Conference (ICML)},
  editor = {Fawcett, Tom and Mishra, Nina},
  month = {August},
  note = {<http://www.aaai.org/Library/ICML/2003/icml03-084.php>},
  openalex = {W2111206974},
  pages = {640–647},
  publisher = {AAAI Press},
  title = {Kernel PLS-SVC for Linear and Nonlinear Classification},
  year = {2003}
}

@inproceedings{ruckert2003stochastic,
  address = {Washington DC, USA},
  author = {Rückert, Ulrich and Kramer, Stefan},
  booktitle = {Machine Learning: Proceedings of the Twentieth International Conference (ICML)},
  editor = {Fawcett, Tom and Mishra, Nina},
  month = {August},
  note = {<http://www.aaai.org/Library/ICML/2003/icml03-085.php>},
  openalex = {W2118196231},
  pages = {648–655},
  publisher = {AAAI Press},
  title = {Stochastic Local Search in k-Term DNF Learning},
  year = {2003}
}

@inproceedings{russell2003qdecomposition,
  address = {Washington DC, USA},
  author = {Russell, Stuart and Zimdars, Andrew},
  booktitle = {Machine Learning: Proceedings of the Twentieth International Conference (ICML)},
  editor = {Fawcett, Tom and Mishra, Nina},
  month = {August},
  note = {<http://www.aaai.org/Library/ICML/2003/icml03-086.php>},
  openalex = {W2136202932},
  pages = {656–663},
  publisher = {AAAI Press},
  title = {Q-Decomposition for Reinforcement Learning Agents},
  year = {2003}
}

@inproceedings{salakhutdinov2003adaptive,
  address = {Washington DC, USA},
  author = {Salakhutdinov, Ruslan and Roweis, Sam T.},
  booktitle = {Machine Learning: Proceedings of the Twentieth International Conference (ICML)},
  editor = {Fawcett, Tom and Mishra, Nina},
  month = {August},
  note = {<http://www.aaai.org/Library/ICML/2003/icml03-087.php>},
  openalex = {W2140440049},
  pages = {664–671},
  publisher = {AAAI Press},
  title = {Adaptive Overrelaxed Bound Optimization Methods},
  year = {2003}
}

@inproceedings{salakhutdinov2003optimization,
  address = {Washington DC, USA},
  author = {Salakhutdinov, Ruslan and Roweis, Sam T. and Ghahramani, Zoubin},
  booktitle = {Machine Learning: Proceedings of the Twentieth International Conference (ICML)},
  editor = {Fawcett, Tom and Mishra, Nina},
  month = {August},
  note = {<http://www.aaai.org/Library/ICML/2003/icml03-088.php>},
  openalex = {W2155042384},
  pages = {672–679},
  publisher = {AAAI Press},
  title = {Optimization with EM and Expectation-Conjugate-Gradient},
  year = {2003}
}

@inproceedings{schoknecht2003td(0),
  address = {Washington DC, USA},
  author = {Schoknecht, Ralf and Merke, Artur},
  booktitle = {Machine Learning: Proceedings of the Twentieth International Conference (ICML)},
  editor = {Fawcett, Tom and Mishra, Nina},
  month = {August},
  note = {<http://www.aaai.org/Library/ICML/2003/icml03-089.php>},
  openalex = {W2170902787},
  pages = {680–687},
  publisher = {AAAI Press},
  title = {TD(0) Converges Provably Faster than the Residual Gradient Algorithm},
  year = {2003}
}

@inproceedings{sebban2003on,
  address = {Washington DC, USA},
  author = {Sebban, Marc and Janodet, Jean-Christophe},
  booktitle = {Machine Learning: Proceedings of the Twentieth International Conference (ICML)},
  editor = {Fawcett, Tom and Mishra, Nina},
  month = {August},
  note = {<http://www.aaai.org/Library/ICML/2003/icml03-090.php>},
  openalex = {W2167929037},
  pages = {688–695},
  publisher = {AAAI Press},
  title = {On State Merging in Grammatical Inference: A Statistical Approach for Dealing with Noisy Data},
  year = {2003}
}

@inproceedings{shih2003text,
  address = {Washington DC, USA},
  author = {Shih, Lawrence and Rennie, Jason D. M. and Chang, Yu-Han and Karger, David R.},
  booktitle = {Machine Learning: Proceedings of the Twentieth International Conference (ICML)},
  editor = {Fawcett, Tom and Mishra, Nina},
  month = {August},
  note = {<http://www.aaai.org/Library/ICML/2003/icml03-091.php>},
  openalex = {W2100531911},
  pages = {696–703},
  publisher = {AAAI Press},
  title = {Text Bundling: Statistics Based Data-Reduction},
  year = {2003}
}

@inproceedings{si2003flexible,
  address = {Washington DC, USA},
  author = {Si, Luo and Jin, Rong},
  booktitle = {Machine Learning: Proceedings of the Twentieth International Conference (ICML)},
  editor = {Fawcett, Tom and Mishra, Nina},
  month = {August},
  note = {<http://www.aaai.org/Library/ICML/2003/icml03-092.php>},
  openalex = {W2170304975},
  pages = {704–711},
  publisher = {AAAI Press},
  title = {Flexible Mixture Model for Collaborative Filtering},
  year = {2003}
}

@inproceedings{singh2003learning,
  address = {Washington DC, USA},
  author = {Singh, Satinder and Littman, Michael L. and Jong, Nicholas K. and Pardoe, David and Stone, Peter},
  booktitle = {Machine Learning: Proceedings of the Twentieth International Conference (ICML)},
  editor = {Fawcett, Tom and Mishra, Nina},
  month = {August},
  note = {<http://www.aaai.org/Library/ICML/2003/icml03-093.php>},
  openalex = {W2123542217},
  pages = {712–719},
  publisher = {AAAI Press},
  title = {Learning Predictive State Representations},
  year = {2003}
}

@inproceedings{srebro2003weighted,
  address = {Washington DC, USA},
  author = {Srebro, Nathan and Jaakkola, Tommi S.},
  booktitle = {Machine Learning: Proceedings of the Twentieth International Conference (ICML)},
  editor = {Fawcett, Tom and Mishra, Nina},
  month = {August},
  note = {<http://www.aaai.org/Library/ICML/2003/icml03-094.php>},
  openalex = {W2165395308},
  pages = {720–727},
  publisher = {AAAI Press},
  title = {Weighted Low-Rank Approximations},
  year = {2003}
}

@inproceedings{stimpson2003learning,
  address = {Washington DC, USA},
  author = {Stimpson, Jeff L. and Goodrich, Michael A.},
  booktitle = {Machine Learning: Proceedings of the Twentieth International Conference (ICML)},
  editor = {Fawcett, Tom and Mishra, Nina},
  month = {August},
  note = {<http://www.aaai.org/Library/ICML/2003/icml03-095.php>},
  openalex = {W1656616331},
  pages = {728–735},
  publisher = {AAAI Press},
  title = {Learning To Cooperate in a Social Dilemma: A Satisficing Approach to Bargaining},
  year = {2003}
}

@inproceedings{strens2003evolutionary,
  address = {Washington DC, USA},
  author = {Strens, Malcolm J. A.},
  booktitle = {Machine Learning: Proceedings of the Twentieth International Conference (ICML)},
  editor = {Fawcett, Tom and Mishra, Nina},
  month = {August},
  note = {<http://www.aaai.org/Library/ICML/2003/icml03-096.php>},
  openalex = {W2109594430},
  pages = {736–743},
  publisher = {AAAI Press},
  title = {Evolutionary MCMC Sampling and Optimization in Discrete Spaces},
  year = {2003}
}

@inproceedings{taskar2003learning,
  address = {Washington DC, USA},
  author = {Taskar, Benjamin and Wong, Ming Fai and Koller, Daphne},
  booktitle = {Machine Learning: Proceedings of the Twentieth International Conference (ICML)},
  editor = {Fawcett, Tom and Mishra, Nina},
  month = {August},
  note = {<http://www.aaai.org/Library/ICML/2003/icml03-097.php>},
  openalex = {W2134125014},
  pages = {744–751},
  publisher = {AAAI Press},
  title = {Learning on the Test Data: Leveraging Unseen Features},
  year = {2003}
}

@inproceedings{valentini2003low,
  address = {Washington DC, USA},
  author = {Valentini, Giorgio and Dietterich, Thomas G.},
  booktitle = {Machine Learning: Proceedings of the Twentieth International Conference (ICML)},
  editor = {Fawcett, Tom and Mishra, Nina},
  month = {August},
  note = {<http://www.aaai.org/Library/ICML/2003/icml03-098.php>},
  openalex = {W2153428419},
  pages = {752–759},
  publisher = {AAAI Press},
  title = {Low Bias Bagged Support Vector Machines},
  year = {2003}
}

@inproceedings{vishwanathan2003simplesvm,
  address = {Washington DC, USA},
  author = {Vishwanathan, S. V. N. and Alex and Smola, er J. and Murty, M. Narasimha},
  booktitle = {Machine Learning: Proceedings of the Twentieth International Conference (ICML)},
  editor = {Fawcett, Tom and Mishra, Nina},
  month = {August},
  note = {<http://www.aaai.org/Library/ICML/2003/icml03-099.php>},
  pages = {760–767},
  publisher = {AAAI Press},
  title = {SimpleSVM},
  year = {2003}
}

@inproceedings{vovk2003testing,
  address = {Washington DC, USA},
  author = {Vovk, Vladimir and Nouretdinov, Ilia and Gammerman, Alex},
  booktitle = {Machine Learning: Proceedings of the Twentieth International Conference (ICML)},
  editor = {Fawcett, Tom and Mishra, Nina},
  month = {August},
  note = {<http://www.aaai.org/Library/ICML/2003/icml03-100.php>},
  openalex = {W135042828},
  pages = {768–775},
  publisher = {AAAI Press},
  title = {Testing Exchangeability On-Line},
  year = {2003}
}

@inproceedings{wang2003learning,
  address = {Washington DC, USA},
  author = {Wang, Shaojun and Schuurmans, Dale and Peng, Fuchun and Zhao, Yunxin},
  booktitle = {Machine Learning: Proceedings of the Twentieth International Conference (ICML)},
  editor = {Fawcett, Tom and Mishra, Nina},
  month = {August},
  note = {<http://www.aaai.org/Library/ICML/2003/icml03-102.php>},
  openalex = {W2108408304},
  pages = {784–791},
  publisher = {AAAI Press},
  title = {Learning Mixture Models with the Latent Maximum Entropy Principle},
  year = {2003}
}

@inproceedings{wang2003modelbased,
  address = {Washington DC, USA},
  author = {Wang, Xin and Dietterich, Thomas G.},
  booktitle = {Machine Learning: Proceedings of the Twentieth International Conference (ICML)},
  editor = {Fawcett, Tom and Mishra, Nina},
  month = {August},
  note = {<http://www.aaai.org/Library/ICML/2003/icml03-101.php>},
  openalex = {W2099270968},
  pages = {776–783},
  publisher = {AAAI Press},
  title = {Model-based Policy Gradient Reinforcement Learning},
  year = {2003}
}

@inproceedings{wiewiora2003principled,
  address = {Washington DC, USA},
  author = {Wiewiora, Eric and Cottrell, Garrison W. and Elkan, Charles},
  booktitle = {Machine Learning: Proceedings of the Twentieth International Conference (ICML)},
  editor = {Fawcett, Tom and Mishra, Nina},
  month = {August},
  note = {<http://www.aaai.org/Library/ICML/2003/icml03-103.php>},
  openalex = {W2164419340},
  pages = {792–799},
  publisher = {AAAI Press},
  title = {Principled Methods for Advising Reinforcement Learning Agents},
  year = {2003}
}

@inproceedings{winner2003distill,
  address = {Washington DC, USA},
  author = {Winner, Elly and Veloso, Manuela M.},
  booktitle = {Machine Learning: Proceedings of the Twentieth International Conference (ICML)},
  editor = {Fawcett, Tom and Mishra, Nina},
  month = {August},
  note = {<http://www.aaai.org/Library/ICML/2003/icml03-104.php>},
  openalex = {W2138030830},
  pages = {800–807},
  publisher = {AAAI Press},
  title = {DISTILL: Learning Domain-Specific Planners by Example},
  year = {2003}
}

@inproceedings{wong2003bayesian,
  address = {Washington DC, USA},
  author = {Wong, Weng-Keen and Moore, Andrew W. and Cooper, Gregory F. and Wagner, Michael M.},
  booktitle = {Machine Learning: Proceedings of the Twentieth International Conference (ICML)},
  editor = {Fawcett, Tom and Mishra, Nina},
  month = {August},
  note = {<http://www.aaai.org/Library/ICML/2003/icml03-105.php>},
  openalex = {W2150398577},
  pages = {808–815},
  publisher = {AAAI Press},
  title = {Bayesian Network Anomaly Pattern Detection for Disease Outbreaks},
  year = {2003}
}

@inproceedings{wu2003adaptive,
  address = {Washington DC, USA},
  author = {Wu, Gang and Chang, Edward Y.},
  booktitle = {Machine Learning: Proceedings of the Twentieth International Conference (ICML)},
  editor = {Fawcett, Tom and Mishra, Nina},
  month = {August},
  note = {<http://www.aaai.org/Library/ICML/2003/icml03-106.php>},
  openalex = {W2109283550},
  pages = {816–823},
  publisher = {AAAI Press},
  title = {Adaptive Feature-Space Conformal Transformation for Imbalanced-Data Learning},
  year = {2003}
}

@inproceedings{wu2003new,
  address = {Washington DC, USA},
  author = {Wu, Xiaoyun and Srihari, Rohini K.},
  booktitle = {Machine Learning: Proceedings of the Twentieth International Conference (ICML)},
  editor = {Fawcett, Tom and Mishra, Nina},
  month = {August},
  note = {<http://www.aaai.org/Library/ICML/2003/icml03-107.php>},
  pages = {824–831},
  publisher = {AAAI Press},
  title = {New í-Support Vector Machines and their Sequential Minimal Optimization},
  year = {2003}
}

@inproceedings{yamada2003crossentropy,
  address = {Washington DC, USA},
  author = {Yamada, Takeshi and Saito, Kazumi and Ueda, Naonori},
  booktitle = {Machine Learning: Proceedings of the Twentieth International Conference (ICML)},
  editor = {Fawcett, Tom and Mishra, Nina},
  month = {August},
  note = {<http://www.aaai.org/Library/ICML/2003/icml03-108.php>},
  openalex = {W2157885368},
  pages = {832–839},
  publisher = {AAAI Press},
  title = {Cross-Entropy Directed Embedding of Network Data},
  year = {2003}
}

@inproceedings{yamada2003decisiontree,
  address = {Washington DC, USA},
  author = {Yamada, Yuu and Suzuki, Einoshin and Yokoi, Hideto and Takabayashi, Katsuhiko},
  booktitle = {Machine Learning: Proceedings of the Twentieth International Conference (ICML)},
  editor = {Fawcett, Tom and Mishra, Nina},
  month = {August},
  note = {<http://www.aaai.org/Library/ICML/2003/icml03-109.php>},
  openalex = {W2129308322},
  pages = {840–847},
  publisher = {AAAI Press},
  title = {Decision-tree Induction from Time-series Data Based on a Standard-example Split Test},
  year = {2003}
}

@inproceedings{yan2003optimizing,
  address = {Washington DC, USA},
  author = {Yan, Lian and Dodier, Robert H. and Mozer, Michael and Wolniewicz, Richard H.},
  booktitle = {Machine Learning: Proceedings of the Twentieth International Conference (ICML)},
  editor = {Fawcett, Tom and Mishra, Nina},
  month = {August},
  note = {<http://www.aaai.org/Library/ICML/2003/icml03-110.php>},
  openalex = {W2129957127},
  pages = {848–855},
  publisher = {AAAI Press},
  title = {Optimizing Classifier Performance via an Approximation to the Wilcoxon-Mann-Whitney Statistic},
  year = {2003}
}

@inproceedings{yu2003feature,
  address = {Washington DC, USA},
  author = {Yu, Lei and Liu, Huan},
  booktitle = {Machine Learning: Proceedings of the Twentieth International Conference (ICML)},
  editor = {Fawcett, Tom and Mishra, Nina},
  month = {August},
  note = {<http://www.aaai.org/Library/ICML/2003/icml03-111.php>},
  openalex = {W1661871015},
  pages = {856–863},
  publisher = {AAAI Press},
  title = {Feature Selection for High-Dimensional Data: A Fast Correlation-Based Filter Solution},
  year = {2003}
}

@inproceedings{zha2003isometric,
  address = {Washington DC, USA},
  author = {Zha, Hongyuan and Zhang, Zhenyue},
  booktitle = {Machine Learning: Proceedings of the Twentieth International Conference (ICML)},
  editor = {Fawcett, Tom and Mishra, Nina},
  month = {August},
  note = {<http://www.aaai.org/Library/ICML/2003/icml03-112.php>},
  openalex = {W1588347817},
  pages = {864–871},
  publisher = {AAAI Press},
  title = {Isometric Embedding and Continuum ISOMAP},
  year = {2003}
}

@inproceedings{zhang2003exploration,
  address = {Washington DC, USA},
  author = {Zhang, Yi and Xu, Wei and Callan, James P.},
  booktitle = {Machine Learning: Proceedings of the Twentieth International Conference (ICML)},
  editor = {Fawcett, Tom and Mishra, Nina},
  month = {August},
  note = {<http://www.aaai.org/Library/ICML/2003/icml03-116.php>},
  pages = {896–903},
  publisher = {AAAI Press},
  title = {Exploration and Exploitation in Adaptive Filtering Based on Bayesian Active Learning},
  year = {2003}
}

@inproceedings{zhang2003learning,
  address = {Washington DC, USA},
  author = {Zhang, Zhihua},
  booktitle = {Machine Learning: Proceedings of the Twentieth International Conference (ICML)},
  editor = {Fawcett, Tom and Mishra, Nina},
  month = {August},
  note = {<http://www.aaai.org/Library/ICML/2003/icml03-113.php>},
  openalex = {W2099006875},
  pages = {872–879},
  publisher = {AAAI Press},
  title = {Learning Metrics via Discriminant Kernels and Multidimensional Scaling: Toward Expected Euclidean Representation},
  year = {2003}
}

@inproceedings{zhang2003learning2,
  address = {Washington DC, USA},
  author = {Zhang, Jun and Honavar, Vasant G.},
  booktitle = {Machine Learning: Proceedings of the Twentieth International Conference (ICML)},
  editor = {Fawcett, Tom and Mishra, Nina},
  month = {August},
  note = {<http://www.aaai.org/Library/ICML/2003/icml03-114.php>},
  openalex = {W1613284388},
  pages = {880–887},
  publisher = {AAAI Press},
  title = {Learning from Attribute Value Taxonomies and Partially Specified Instances},
  year = {2003}
}

@inproceedings{zhang2003modified,
  address = {Washington DC, USA},
  author = {Zhang, Jian and Jin, Rong and Yang, Yiming},
  booktitle = {Machine Learning: Proceedings of the Twentieth International Conference (ICML)},
  editor = {Fawcett, Tom and Mishra, Nina},
  month = {August},
  note = {<http://www.aaai.org/Library/ICML/2003/icml03-115.php>},
  openalex = {W2140214528},
  pages = {888–895},
  publisher = {AAAI Press},
  title = {Modified Logistic Regression: An Approximation to SVM and Its Applications in Large-Scale Text Categorization},
  year = {2003}
}

@inproceedings{zhang2003on,
  address = {Washington DC, USA},
  author = {Zhang, Tong and Yu, Bin},
  booktitle = {Machine Learning: Proceedings of the Twentieth International Conference (ICML)},
  editor = {Fawcett, Tom and Mishra, Nina},
  month = {August},
  note = {<http://www.aaai.org/Library/ICML/2003/icml03-117.php>},
  openalex = {W1907200519},
  pages = {904–911},
  publisher = {AAAI Press},
  title = {On the Convergence of Boosting Procedures},
  year = {2003}
}

@inproceedings{zhu2003eliminating,
  address = {Washington DC, USA},
  author = {Zhu, Xingquan and Wu, Xindong and Chen, Qijun},
  booktitle = {Machine Learning: Proceedings of the Twentieth International Conference (ICML)},
  editor = {Fawcett, Tom and Mishra, Nina},
  month = {August},
  note = {<http://www.aaai.org/Library/ICML/2003/icml03-119.php>},
  openalex = {W1898031563},
  pages = {920–927},
  publisher = {AAAI Press},
  title = {Eliminating Class Noise in Large Datasets},
  year = {2003}
}

@inproceedings{zhu2003semisupervised,
  address = {Washington DC, USA},
  author = {Zhu, Xiaojin and Ghahramani, Zoubin and Lafferty, John D.},
  booktitle = {Machine Learning: Proceedings of the Twentieth International Conference (ICML)},
  editor = {Fawcett, Tom and Mishra, Nina},
  month = {August},
  note = {<http://www.aaai.org/Library/ICML/2003/icml03-118.php>},
  openalex = {W2139823104},
  pages = {912–919},
  publisher = {AAAI Press},
  title = {Semi-Supervised Learning Using Gaussian Fields and Harmonic Functions},
  year = {2003}
}

@inproceedings{zinkevich2003online,
  address = {Washington DC, USA},
  author = {Zinkevich, Martin},
  booktitle = {Machine Learning: Proceedings of the Twentieth International Conference (ICML)},
  editor = {Fawcett, Tom and Mishra, Nina},
  month = {August},
  note = {<http://www.aaai.org/Library/ICML/2003/icml03-120.php>},
  openalex = {W2148825261},
  pages = {928–936},
  publisher = {AAAI Press},
  title = {Online Convex Programming and Generalized Infinitesimal Gradient Ascent},
  year = {2003}
}
