@inproceedings{abbeel2004apprenticeship,
  address = {Banff, Alberta, Canada},
  author = {Abbeel, Pieter and Ng, Andrew Y.},
  booktitle = {Machine Learning: Proceedings of the Twenty-First International Conference (ICML)},
  doi = {10.1145/1015330.1015430},
  editor = {Brodley, Carla E.},
  month = {July},
  note = {<<https://doi.org/10.1145/1015330.1015430>>},
  openalex = {W1999874108},
  publisher = {ACM},
  series = {ACM International Conference Proceeding Series},
  title = {Apprenticeship learning via inverse reinforcement learning},
  volume = {69},
  year = {2004}
}

@inproceedings{agarwal2004learning,
  address = {Banff, Alberta, Canada},
  author = {Agarwal, Ankur and Triggs, Bill},
  booktitle = {Machine Learning: Proceedings of the Twenty-First International Conference (ICML)},
  doi = {10.1145/1015330.1015343},
  editor = {Brodley, Carla E.},
  month = {July},
  note = {<<https://doi.org/10.1145/1015330.1015343>>},
  openalex = {W2013247637},
  publisher = {ACM},
  series = {ACM International Conference Proceeding Series},
  title = {Learning to track 3D human motion from silhouettes},
  volume = {69},
  year = {2004}
}

@inproceedings{ahn2004multiplicative,
  address = {Banff, Alberta, Canada},
  author = {Ahn, Jong-Hoon and Choi, Seungjin and Oh, Jong-Hoon},
  booktitle = {Machine Learning: Proceedings of the Twenty-First International Conference (ICML)},
  doi = {10.1145/1015330.1015379},
  editor = {Brodley, Carla E.},
  month = {July},
  note = {<<https://doi.org/10.1145/1015330.1015379>>},
  openalex = {W2098445696},
  publisher = {ACM},
  series = {ACM International Conference Proceeding Series},
  title = {A multiplicative up-propagation algorithm},
  volume = {69},
  year = {2004}
}

@inproceedings{altun2004gaussian,
  address = {Banff, Alberta, Canada},
  author = {Altun, Yasemin and Hofmann, Thomas and Alex, and Smola, Er J.},
  booktitle = {Machine Learning: Proceedings of the Twenty-First International Conference (ICML)},
  doi = {10.1145/1015330.1015433},
  editor = {Brodley, Carla E.},
  month = {July},
  note = {<<https://doi.org/10.1145/1015330.1015433>>},
  openalex = {W2008400752},
  publisher = {ACM},
  series = {ACM International Conference Proceeding Series},
  title = {Gaussian process classification for segmenting and annotating sequences},
  volume = {69},
  year = {2004}
}

@inproceedings{appice2004redundant,
  address = {Banff, Alberta, Canada},
  author = {Appice, Annalisa and Ceci, Michelangelo and Rawles, Simon Alan and Flach, Peter A.},
  booktitle = {Machine Learning: Proceedings of the Twenty-First International Conference (ICML)},
  doi = {10.1145/1015330.1015397},
  editor = {Brodley, Carla E.},
  month = {July},
  note = {<<https://doi.org/10.1145/1015330.1015397>>},
  publisher = {ACM},
  series = {ACM International Conference Proceeding Series},
  title = {Redundant feature elimination for multi-class problems},
  volume = {69},
  year = {2004}
}

@inproceedings{bach2004multiple,
  address = {Banff, Alberta, Canada},
  author = {Bach, Francis R. and Lanckriet, Gert R. G. and Jordan, Michael I.},
  booktitle = {Machine Learning: Proceedings of the Twenty-First International Conference (ICML)},
  doi = {10.1145/1015330.1015424},
  editor = {Brodley, Carla E.},
  month = {July},
  note = {<<https://doi.org/10.1145/1015330.1015424>>},
  publisher = {ACM},
  series = {ACM International Conference Proceeding Series},
  title = {Multiple kernel learning, conic duality, and the SMO algorithm},
  volume = {69},
  year = {2004}
}

@inproceedings{bahamonde2004feature,
  address = {Banff, Alberta, Canada},
  author = {Bahamonde, Antonio and Bayón, Gustavo F. and Díez, Jorge and Quevedo, José Ramón and Luaces, Oscar and Coz, Juan José del and Alonso, Jaime and Goyache, Félix},
  booktitle = {Machine Learning: Proceedings of the Twenty-First International Conference (ICML)},
  doi = {10.1145/1015330.1015378},
  editor = {Brodley, Carla E.},
  month = {July},
  note = {<<https://doi.org/10.1145/1015330.1015378>>},
  publisher = {ACM},
  series = {ACM International Conference Proceeding Series},
  title = {Feature subset selection for learning preferences: a case study},
  volume = {69},
  year = {2004}
}

@inproceedings{banerjee2004information,
  address = {Banff, Alberta, Canada},
  author = {Banerjee, Arindam and Dhillon, Inderjit S. and Ghosh, Joydeep and Merugu, Srujana},
  booktitle = {Machine Learning: Proceedings of the Twenty-First International Conference (ICML)},
  doi = {10.1145/1015330.1015431},
  editor = {Brodley, Carla E.},
  month = {July},
  note = {<<https://doi.org/10.1145/1015330.1015431>>},
  openalex = {W2050109298},
  publisher = {ACM},
  series = {ACM International Conference Proceeding Series},
  title = {An information theoretic analysis of maximum likelihood mixture estimation for exponential families},
  volume = {69},
  year = {2004}
}

@inproceedings{basilico2004unifying,
  address = {Banff, Alberta, Canada},
  author = {Basilico, Justin and Hofmann, Thomas},
  booktitle = {Machine Learning: Proceedings of the Twenty-First International Conference (ICML)},
  doi = {10.1145/1015330.1015394},
  editor = {Brodley, Carla E.},
  month = {July},
  note = {<<https://doi.org/10.1145/1015330.1015394>>},
  openalex = {W2108153239},
  publisher = {ACM},
  series = {ACM International Conference Proceeding Series},
  title = {Unifying collaborative and content-based filtering},
  volume = {69},
  year = {2004}
}

@inproceedings{baskiotis2004c4.5,
  address = {Banff, Alberta, Canada},
  author = {Baskiotis, Nicolas and Sebag, Michèle},
  booktitle = {Machine Learning: Proceedings of the Twenty-First International Conference (ICML)},
  doi = {10.1145/1015330.1015398},
  editor = {Brodley, Carla E.},
  month = {July},
  note = {<<https://doi.org/10.1145/1015330.1015398>>},
  openalex = {W2154684505},
  publisher = {ACM},
  series = {ACM International Conference Proceeding Series},
  title = {C4.5 competence map: a phase transition-inspired approach},
  volume = {69},
  year = {2004}
}

@inproceedings{bilenko2004integrating,
  address = {Banff, Alberta, Canada},
  author = {Bilenko, Mikhail and Basu, Sugato and Mooney, Raymond J.},
  booktitle = {Machine Learning: Proceedings of the Twenty-First International Conference (ICML)},
  doi = {10.1145/1015330.1015360},
  editor = {Brodley, Carla E.},
  month = {July},
  note = {<<https://doi.org/10.1145/1015330.1015360>>},
  openalex = {W2096100960},
  publisher = {ACM},
  series = {ACM International Conference Proceeding Series},
  title = {Integrating constraints and metric learning in semi-supervised clustering},
  volume = {69},
  year = {2004}
}

@inproceedings{blei2004variational,
  address = {Banff, Alberta, Canada},
  author = {Blei, David M. and Jordan, Michael I.},
  booktitle = {Machine Learning: Proceedings of the Twenty-First International Conference (ICML)},
  doi = {10.1145/1015330.1015439},
  editor = {Brodley, Carla E.},
  month = {July},
  note = {<<https://doi.org/10.1145/1015330.1015439>>},
  openalex = {W2109176692},
  publisher = {ACM},
  series = {ACM International Conference Proceeding Series},
  title = {Variational methods for the Dirichlet process},
  volume = {69},
  year = {2004}
}

@inproceedings{blum2004semisupervised,
  address = {Banff, Alberta, Canada},
  author = {Blum, Avrim and Lafferty, John D. and Rwebangira, Mugizi Robert and Reddy, Rajashekar},
  booktitle = {Machine Learning: Proceedings of the Twenty-First International Conference (ICML)},
  doi = {10.1145/1015330.1015429},
  editor = {Brodley, Carla E.},
  month = {July},
  note = {<<https://doi.org/10.1145/1015330.1015429>>},
  openalex = {W2061526129},
  publisher = {ACM},
  series = {ACM International Conference Proceeding Series},
  title = {Semi-supervised learning using randomized mincuts},
  volume = {69},
  year = {2004}
}

@inproceedings{bouckaert2004estimating,
  address = {Banff, Alberta, Canada},
  author = {Bouckaert, Remco R.},
  booktitle = {Machine Learning: Proceedings of the Twenty-First International Conference (ICML)},
  doi = {10.1145/1015330.1015338},
  editor = {Brodley, Carla E.},
  month = {July},
  note = {<<https://doi.org/10.1145/1015330.1015338>>},
  openalex = {W2162410173},
  publisher = {ACM},
  series = {ACM International Conference Proceeding Series},
  title = {Estimating replicability of classifier learning experiments},
  volume = {69},
  year = {2004}
}

@inproceedings{brefeld2004coem,
  address = {Banff, Alberta, Canada},
  author = {Brefeld, Ulf and Scheffer, Tobias},
  booktitle = {Machine Learning: Proceedings of the Twenty-First International Conference (ICML)},
  doi = {10.1145/1015330.1015350},
  editor = {Brodley, Carla E.},
  month = {July},
  note = {<<https://doi.org/10.1145/1015330.1015350>>},
  openalex = {W2111700528},
  publisher = {ACM},
  series = {ACM International Conference Proceeding Series},
  title = {Co-EM support vector learning},
  volume = {69},
  year = {2004}
}

@inproceedings{brinker2004active,
  address = {Banff, Alberta, Canada},
  author = {Brinker, Klaus},
  booktitle = {Machine Learning: Proceedings of the Twenty-First International Conference (ICML)},
  doi = {10.1145/1015330.1015331},
  editor = {Brodley, Carla E.},
  month = {July},
  note = {<<https://doi.org/10.1145/1015330.1015331>>},
  openalex = {W2156285243},
  publisher = {ACM},
  series = {ACM International Conference Proceeding Series},
  title = {Active learning of label ranking functions},
  volume = {69},
  year = {2004}
}

@inproceedings{caruana2004ensemble,
  address = {Banff, Alberta, Canada},
  author = {Caruana, Rich and Alex, and Niculescu-Mizil, Ru and Crew, Geoff and Ksikes, Alex},
  booktitle = {Machine Learning: Proceedings of the Twenty-First International Conference (ICML)},
  doi = {10.1145/1015330.1015432},
  editor = {Brodley, Carla E.},
  month = {July},
  note = {<<https://doi.org/10.1145/1015330.1015432>>},
  openalex = {W1980264541},
  publisher = {ACM},
  series = {ACM International Conference Proceeding Series},
  title = {Ensemble selection from libraries of models},
  volume = {69},
  year = {2004}
}

@inproceedings{castillo2004comparative,
  address = {Banff, Alberta, Canada},
  author = {Castillo, Lourdes Peña and Wrobel, Stefan},
  booktitle = {Machine Learning: Proceedings of the Twenty-First International Conference (ICML)},
  doi = {10.1145/1015330.1015334},
  editor = {Brodley, Carla E.},
  month = {July},
  note = {<<https://doi.org/10.1145/1015330.1015334>>},
  openalex = {W2162816544},
  publisher = {ACM},
  series = {ACM International Conference Proceeding Series},
  title = {A comparative study on methods for reducing myopia of hill-climbing search in multirelational learning},
  volume = {69},
  year = {2004}
}

@inproceedings{chang2004locally,
  address = {Banff, Alberta, Canada},
  author = {Chang, Hong and Yeung, Dit-Yan},
  booktitle = {Machine Learning: Proceedings of the Twenty-First International Conference (ICML)},
  doi = {10.1145/1015330.1015391},
  editor = {Brodley, Carla E.},
  month = {July},
  note = {<<https://doi.org/10.1145/1015330.1015391>>},
  openalex = {W2116647992},
  publisher = {ACM},
  series = {ACM International Conference Proceeding Series},
  title = {Locally linear metric adaptation for semi-supervised clustering},
  volume = {69},
  year = {2004}
}

@inproceedings{chu2004graphical,
  address = {Banff, Alberta, Canada},
  author = {Chu, Wei and Ghahramani, Zoubin and Wild, David L.},
  booktitle = {Machine Learning: Proceedings of the Twenty-First International Conference (ICML)},
  doi = {10.1145/1015330.1015354},
  editor = {Brodley, Carla E.},
  month = {July},
  note = {<<https://doi.org/10.1145/1015330.1015354>>},
  openalex = {W2171665237},
  publisher = {ACM},
  series = {ACM International Conference Proceeding Series},
  title = {A graphical model for protein secondary structure prediction},
  volume = {69},
  year = {2004}
}

@inproceedings{climer2004take,
  address = {Banff, Alberta, Canada},
  author = {Climer, Sharlee and Zhang, Weixiong},
  booktitle = {Machine Learning: Proceedings of the Twenty-First International Conference (ICML)},
  doi = {10.1145/1015330.1015419},
  editor = {Brodley, Carla E.},
  month = {July},
  note = {<<https://doi.org/10.1145/1015330.1015419>>},
  publisher = {ACM},
  series = {ACM International Conference Proceeding Series},
  title = {Take a walk and cluster genes: a TSP-based approach to optimal rearrangement clustering},
  volume = {69},
  year = {2004}
}

@inproceedings{collobert2004links,
  address = {Banff, Alberta, Canada},
  author = {Collobert, Ronan and Bengio, Samy},
  booktitle = {Machine Learning: Proceedings of the Twenty-First International Conference (ICML)},
  doi = {10.1145/1015330.1015415},
  editor = {Brodley, Carla E.},
  month = {July},
  note = {<<https://doi.org/10.1145/1015330.1015415>>},
  openalex = {W1978381081},
  publisher = {ACM},
  series = {ACM International Conference Proceeding Series},
  title = {Links between perceptrons, MLPs and SVMs},
  volume = {69},
  year = {2004}
}

@inproceedings{conitzer2004communication,
  address = {Banff, Alberta, Canada},
  author = {Conitzer, Vincent and S, Tuomas},
  booktitle = {Machine Learning: Proceedings of the Twenty-First International Conference (ICML)},
  doi = {10.1145/1015330.1015351},
  editor = {Brodley, Carla E.},
  month = {July},
  note = {<<https://doi.org/10.1145/1015330.1015351>>},
  openalex = {W2048717128},
  publisher = {ACM},
  series = {ACM International Conference Proceeding Series},
  title = {Communication complexity as a lower bound for learning in games},
  volume = {69},
  year = {2004}
}

@inproceedings{cortes2004distribution,
  address = {Banff, Alberta, Canada},
  author = {Cortes, Corinna and Mohri, Mehryar},
  booktitle = {Machine Learning: Proceedings of the Twenty-First International Conference (ICML)},
  doi = {10.1145/1015330.1015434},
  editor = {Brodley, Carla E.},
  month = {July},
  note = {<<https://doi.org/10.1145/1015330.1015434>>},
  openalex = {W2152746352},
  publisher = {ACM},
  series = {ACM International Conference Proceeding Series},
  title = {Distribution kernels based on moments of counts},
  volume = {69},
  year = {2004}
}

@inproceedings{crammer2004needle,
  address = {Banff, Alberta, Canada},
  author = {Crammer, Koby and Chechik, Gal},
  booktitle = {Machine Learning: Proceedings of the Twenty-First International Conference (ICML)},
  doi = {10.1145/1015330.1015399},
  editor = {Brodley, Carla E.},
  month = {July},
  note = {<<https://doi.org/10.1145/1015330.1015399>>},
  publisher = {ACM},
  series = {ACM International Conference Proceeding Series},
  title = {A needle in a haystack: local one-class optimization},
  volume = {69},
  year = {2004}
}

@inproceedings{dekel2004large,
  address = {Banff, Alberta, Canada},
  author = {Dekel, Ofer and Keshet, Joseph and Singer, Yoram},
  booktitle = {Machine Learning: Proceedings of the Twenty-First International Conference (ICML)},
  doi = {10.1145/1015330.1015374},
  editor = {Brodley, Carla E.},
  month = {July},
  note = {<<https://doi.org/10.1145/1015330.1015374>>},
  openalex = {W2008835805},
  publisher = {ACM},
  series = {ACM International Conference Proceeding Series},
  title = {Large margin hierarchical classification},
  volume = {69},
  year = {2004}
}

@inproceedings{dietterich2004training,
  address = {Banff, Alberta, Canada},
  author = {Dietterich, Thomas G. and Ashenfelter, Adam and Bulatov, Yaroslav},
  booktitle = {Machine Learning: Proceedings of the Twenty-First International Conference (ICML)},
  doi = {10.1145/1015330.1015428},
  editor = {Brodley, Carla E.},
  month = {July},
  note = {<<https://doi.org/10.1145/1015330.1015428>>},
  openalex = {W2120247405},
  publisher = {ACM},
  series = {ACM International Conference Proceeding Series},
  title = {Training conditional random fields via gradient tree boosting},
  volume = {69},
  year = {2004}
}

@inproceedings{ding2004kmeans,
  address = {Banff, Alberta, Canada},
  author = {Ding, Chris H. Q. and He, Xiaofeng},
  booktitle = {Machine Learning: Proceedings of the Twenty-First International Conference (ICML)},
  doi = {10.1145/1015330.1015408},
  editor = {Brodley, Carla E.},
  month = {July},
  note = {<<https://doi.org/10.1145/1015330.1015408>>},
  publisher = {ACM},
  series = {ACM International Conference Proceeding Series},
  title = {K-means clustering via principal component analysis},
  volume = {69},
  year = {2004}
}

@inproceedings{ding2004linearized,
  address = {Banff, Alberta, Canada},
  author = {Ding, Chris H. Q. and He, Xiaofeng},
  booktitle = {Machine Learning: Proceedings of the Twenty-First International Conference (ICML)},
  doi = {10.1145/1015330.1015407},
  editor = {Brodley, Carla E.},
  month = {July},
  note = {<<https://doi.org/10.1145/1015330.1015407>>},
  publisher = {ACM},
  series = {ACM International Conference Proceeding Series},
  title = {Linearized cluster assignment via spectral ordering},
  volume = {69},
  year = {2004}
}

@inproceedings{dsouza2004bayesian,
  address = {Banff, Alberta, Canada},
  author = {D'Souza, Aaron and Vijayakumar, Sethu and Schaal, Stefan},
  booktitle = {Machine Learning: Proceedings of the Twenty-First International Conference (ICML)},
  doi = {10.1145/1015330.1015358},
  editor = {Brodley, Carla E.},
  month = {July},
  note = {<<https://doi.org/10.1145/1015330.1015358>>},
  openalex = {W2068451409},
  publisher = {ACM},
  series = {ACM International Conference Proceeding Series},
  title = {The Bayesian backfitting relevance vector machine},
  volume = {69},
  year = {2004}
}

@inproceedings{eliazar2004learning,
  address = {Banff, Alberta, Canada},
  author = {Eliazar, Austin I. and Parr, Ronald},
  booktitle = {Machine Learning: Proceedings of the Twenty-First International Conference (ICML)},
  doi = {10.1145/1015330.1015413},
  editor = {Brodley, Carla E.},
  month = {July},
  note = {<<https://doi.org/10.1145/1015330.1015413>>},
  openalex = {W2091107301},
  publisher = {ACM},
  series = {ACM International Conference Proceeding Series},
  title = {Learning probabilistic motion models for mobile robots},
  volume = {69},
  year = {2004}
}

@inproceedings{esmeir2004lookahead,
  address = {Banff, Alberta, Canada},
  author = {Esmeir, Saher and Markovitch, Shaul},
  booktitle = {Machine Learning: Proceedings of the Twenty-First International Conference (ICML)},
  doi = {10.1145/1015330.1015373},
  editor = {Brodley, Carla E.},
  month = {July},
  note = {<<https://doi.org/10.1145/1015330.1015373>>},
  openalex = {W2120507934},
  publisher = {ACM},
  series = {ACM International Conference Proceeding Series},
  title = {Lookahead-based algorithms for anytime induction of decision trees},
  volume = {69},
  year = {2004}
}

@inproceedings{esposito2004monte,
  address = {Banff, Alberta, Canada},
  author = {Esposito, Roberto and Saitta, Lorenza},
  booktitle = {Machine Learning: Proceedings of the Twenty-First International Conference (ICML)},
  doi = {10.1145/1015330.1015386},
  editor = {Brodley, Carla E.},
  month = {July},
  note = {<<https://doi.org/10.1145/1015330.1015386>>},
  openalex = {W2148987048},
  publisher = {ACM},
  series = {ACM International Conference Proceeding Series},
  title = {A Monte Carlo analysis of ensemble classification},
  volume = {69},
  year = {2004}
}

@inproceedings{fern2004relational,
  address = {Banff, Alberta, Canada},
  author = {Fern, Alan and Givan, Robert},
  booktitle = {Machine Learning: Proceedings of the Twenty-First International Conference (ICML)},
  doi = {10.1145/1015330.1015420},
  editor = {Brodley, Carla E.},
  month = {July},
  note = {<<https://doi.org/10.1145/1015330.1015420>>},
  openalex = {W2154368925},
  publisher = {ACM},
  series = {ACM International Conference Proceeding Series},
  title = {Relational sequential inference with reliable observations},
  volume = {69},
  year = {2004}
}

@inproceedings{fern2004solving,
  address = {Banff, Alberta, Canada},
  author = {Fern, Xiaoli Zhang and Brodley, Carla E.},
  booktitle = {Machine Learning: Proceedings of the Twenty-First International Conference (ICML)},
  doi = {10.1145/1015330.1015414},
  editor = {Brodley, Carla E.},
  month = {July},
  note = {<<https://doi.org/10.1145/1015330.1015414>>},
  publisher = {ACM},
  series = {ACM International Conference Proceeding Series},
  title = {Solving cluster ensemble problems by bipartite graph partitioning},
  volume = {69},
  year = {2004}
}

@inproceedings{ferri2004delegating,
  address = {Banff, Alberta, Canada},
  author = {Ferri, César and Flach, Peter A. and Hernández-Orallo, José},
  booktitle = {Machine Learning: Proceedings of the Twenty-First International Conference (ICML)},
  doi = {10.1145/1015330.1015395},
  editor = {Brodley, Carla E.},
  month = {July},
  note = {<<https://doi.org/10.1145/1015330.1015395>>},
  openalex = {W2912744730},
  publisher = {ACM},
  series = {ACM International Conference Proceeding Series},
  title = {Delegating classifiers},
  volume = {69},
  year = {2004}
}

@inproceedings{forman2004pitfall,
  address = {Banff, Alberta, Canada},
  author = {Forman, George},
  booktitle = {Machine Learning: Proceedings of the Twenty-First International Conference (ICML)},
  doi = {10.1145/1015330.1015356},
  editor = {Brodley, Carla E.},
  month = {July},
  note = {<<https://doi.org/10.1145/1015330.1015356>>},
  openalex = {W2165849038},
  publisher = {ACM},
  series = {ACM International Conference Proceeding Series},
  title = {A pitfall and solution in multi-class feature selection for text classification},
  volume = {69},
  year = {2004}
}

@inproceedings{frank2004ensembles,
  address = {Banff, Alberta, Canada},
  author = {Frank, Eibe and Kramer, Stefan},
  booktitle = {Machine Learning: Proceedings of the Twenty-First International Conference (ICML)},
  doi = {10.1145/1015330.1015363},
  editor = {Brodley, Carla E.},
  month = {July},
  note = {<<https://doi.org/10.1145/1015330.1015363>>},
  openalex = {W2148771442},
  publisher = {ACM},
  series = {ACM International Conference Proceeding Series},
  title = {Ensembles of nested dichotomies for multi-class problems},
  volume = {69},
  year = {2004}
}

@inproceedings{fung2004fast,
  address = {Banff, Alberta, Canada},
  author = {Fung, Glenn and Dundar, Murat and Bi, Jinbo and Rao, R. Bharat},
  booktitle = {Machine Learning: Proceedings of the Twenty-First International Conference (ICML)},
  doi = {10.1145/1015330.1015409},
  editor = {Brodley, Carla E.},
  month = {July},
  note = {<<https://doi.org/10.1145/1015330.1015409>>},
  openalex = {W2046513037},
  publisher = {ACM},
  series = {ACM International Conference Proceeding Series},
  title = {A fast iterative algorithm for fisher discriminant using heterogeneous kernels},
  volume = {69},
  year = {2004}
}

@inproceedings{gabrilovich2004text,
  address = {Banff, Alberta, Canada},
  author = {Gabrilovich, Evgeniy and Markovitch, Shaul},
  booktitle = {Machine Learning: Proceedings of the Twenty-First International Conference (ICML)},
  doi = {10.1145/1015330.1015388},
  editor = {Brodley, Carla E.},
  month = {July},
  note = {<<https://doi.org/10.1145/1015330.1015388>>},
  publisher = {ACM},
  series = {ACM International Conference Proceeding Series},
  title = {Text categorization with many redundant features: using aggressive feature selection to make SVMs competitive with C4.5},
  volume = {69},
  year = {2004}
}

@inproceedings{gao2004mfom,
  address = {Banff, Alberta, Canada},
  author = {Gao, Sheng and Wu, Wen and Lee, Chin-Hui and Chua, Tat-Seng},
  booktitle = {Machine Learning: Proceedings of the Twenty-First International Conference (ICML)},
  doi = {10.1145/1015330.1015361},
  editor = {Brodley, Carla E.},
  month = {July},
  note = {<<https://doi.org/10.1145/1015330.1015361>>},
  openalex = {W2120929742},
  publisher = {ACM},
  series = {ACM International Conference Proceeding Series},
  title = {A MFoM learning approach to robust multiclass multi-label text categorization},
  volume = {69},
  year = {2004}
}

@inproceedings{giladbachrach2004margin,
  address = {Banff, Alberta, Canada},
  author = {Gilad-Bachrach, Ran and Navot, Amir and Tishby, Naftali},
  booktitle = {Machine Learning: Proceedings of the Twenty-First International Conference (ICML)},
  doi = {10.1145/1015330.1015352},
  editor = {Brodley, Carla E.},
  month = {July},
  note = {<<https://doi.org/10.1145/1015330.1015352>>},
  openalex = {W2015932775},
  publisher = {ACM},
  series = {ACM International Conference Proceeding Series},
  title = {Margin based feature selection - theory and algorithms},
  volume = {69},
  year = {2004}
}

@inproceedings{goldenberg2004tractable,
  address = {Banff, Alberta, Canada},
  author = {Goldenberg, Anna and Moore, Andrew W.},
  booktitle = {Machine Learning: Proceedings of the Twenty-First International Conference (ICML)},
  doi = {10.1145/1015330.1015406},
  editor = {Brodley, Carla E.},
  month = {July},
  note = {<<https://doi.org/10.1145/1015330.1015406>>},
  openalex = {W1982662484},
  publisher = {ACM},
  series = {ACM International Conference Proceeding Series},
  title = {Tractable learning of large Bayes net structures from sparse data},
  volume = {69},
  year = {2004}
}

@inproceedings{gramacy2004parameter,
  address = {Banff, Alberta, Canada},
  author = {Gramacy, Robert B. and Lee, Herbert K. H. and Macready, William G.},
  booktitle = {Machine Learning: Proceedings of the Twenty-First International Conference (ICML)},
  doi = {10.1145/1015330.1015367},
  editor = {Brodley, Carla E.},
  month = {July},
  note = {<<https://doi.org/10.1145/1015330.1015367>>},
  openalex = {W2131975033},
  publisher = {ACM},
  series = {ACM International Conference Proceeding Series},
  title = {Parameter space exploration with Gaussian process trees},
  volume = {69},
  year = {2004}
}

@inproceedings{grossman2004learning,
  address = {Banff, Alberta, Canada},
  author = {Grossman, Daniel and Domingos, Pedro M.},
  booktitle = {Machine Learning: Proceedings of the Twenty-First International Conference (ICML)},
  doi = {10.1145/1015330.1015339},
  editor = {Brodley, Carla E.},
  month = {July},
  note = {<<https://doi.org/10.1145/1015330.1015339>>},
  openalex = {W2137587467},
  publisher = {ACM},
  series = {ACM International Conference Proceeding Series},
  title = {Learning Bayesian network classifiers by maximizing conditional likelihood},
  volume = {69},
  year = {2004}
}

@inproceedings{ham2004kernel,
  address = {Banff, Alberta, Canada},
  author = {Ham, Jihun and Lee, Daniel D. and Mika, Sebastian and Schölkopf, Bernhard},
  booktitle = {Machine Learning: Proceedings of the Twenty-First International Conference (ICML)},
  doi = {10.1145/1015330.1015417},
  editor = {Brodley, Carla E.},
  month = {July},
  note = {<<https://doi.org/10.1145/1015330.1015417>>},
  openalex = {W1966347620},
  publisher = {ACM},
  series = {ACM International Conference Proceeding Series},
  title = {A kernel view of the dimensionality reduction of manifolds},
  volume = {69},
  year = {2004}
}

@inproceedings{hardin2004theoretical,
  address = {Banff, Alberta, Canada},
  author = {Hardin, Douglas P. and Tsamardinos, Ioannis and Aliferis, Constantin F.},
  booktitle = {Machine Learning: Proceedings of the Twenty-First International Conference (ICML)},
  doi = {10.1145/1015330.1015421},
  editor = {Brodley, Carla E.},
  month = {July},
  note = {<<https://doi.org/10.1145/1015330.1015421>>},
  openalex = {W2081557347},
  publisher = {ACM},
  series = {ACM International Conference Proceeding Series},
  title = {A theoretical characterization of linear SVM-based feature selection},
  volume = {69},
  year = {2004}
}

@inproceedings{herschtal2004optimising,
  address = {Banff, Alberta, Canada},
  author = {Herschtal, Alan and Raskutti, Bhavani},
  booktitle = {Machine Learning: Proceedings of the Twenty-First International Conference (ICML)},
  doi = {10.1145/1015330.1015366},
  editor = {Brodley, Carla E.},
  month = {July},
  note = {<<https://doi.org/10.1145/1015330.1015366>>},
  openalex = {W2083905053},
  publisher = {ACM},
  series = {ACM International Conference Proceeding Series},
  title = {Optimising area under the ROC curve using gradient descent},
  volume = {69},
  year = {2004}
}

@inproceedings{hertz2004boosting,
  address = {Banff, Alberta, Canada},
  author = {Hertz, Tomer and Bar-Hillel, Aharon and Weinshall, Daphna},
  booktitle = {Machine Learning: Proceedings of the Twenty-First International Conference (ICML)},
  doi = {10.1145/1015330.1015389},
  editor = {Brodley, Carla E.},
  month = {July},
  note = {<<https://doi.org/10.1145/1015330.1015389>>},
  openalex = {W1967435720},
  publisher = {ACM},
  series = {ACM International Conference Proceeding Series},
  title = {Boosting margin based distance functions for clustering},
  volume = {69},
  year = {2004}
}

@inproceedings{huang2004learning,
  address = {Banff, Alberta, Canada},
  author = {Huang, Kaizhu and Yang, Haiqin and King, Irwin and Lyu, Michael R.},
  booktitle = {Machine Learning: Proceedings of the Twenty-First International Conference (ICML)},
  doi = {10.1145/1015330.1015365},
  editor = {Brodley, Carla E.},
  month = {July},
  note = {<<https://doi.org/10.1145/1015330.1015365>>},
  openalex = {W2165155277},
  publisher = {ACM},
  series = {ACM International Conference Proceeding Series},
  title = {Learning large margin classifiers locally and globally},
  volume = {69},
  year = {2004}
}

@inproceedings{jakulin2004testing,
  address = {Banff, Alberta, Canada},
  author = {Jakulin, Aleks and Bratko, Ivan},
  booktitle = {Machine Learning: Proceedings of the Twenty-First International Conference (ICML)},
  doi = {10.1145/1015330.1015377},
  editor = {Brodley, Carla E.},
  month = {July},
  note = {<<https://doi.org/10.1145/1015330.1015377>>},
  openalex = {W2110655391},
  publisher = {ACM},
  series = {ACM International Conference Proceeding Series},
  title = {Testing the significance of attribute interactions},
  volume = {69},
  year = {2004}
}

@inproceedings{james2004learning,
  address = {Banff, Alberta, Canada},
  author = {James, Michael R. and Singh, Satinder},
  booktitle = {Machine Learning: Proceedings of the Twenty-First International Conference (ICML)},
  doi = {10.1145/1015330.1015359},
  editor = {Brodley, Carla E.},
  month = {July},
  note = {<<https://doi.org/10.1145/1015330.1015359>>},
  openalex = {W2166610875},
  publisher = {ACM},
  series = {ACM International Conference Proceeding Series},
  title = {Learning and discovery of predictive state representations in dynamical systems with reset},
  volume = {69},
  year = {2004}
}

@inproceedings{janodet2004boosting,
  address = {Banff, Alberta, Canada},
  author = {Janodet, Jean-Christophe and Nock, Richard and Sebban, Marc and Suchier, Henri-Maxime},
  booktitle = {Machine Learning: Proceedings of the Twenty-First International Conference (ICML)},
  doi = {10.1145/1015330.1015336},
  editor = {Brodley, Carla E.},
  month = {July},
  note = {<<https://doi.org/10.1145/1015330.1015336>>},
  openalex = {W1986229317},
  publisher = {ACM},
  series = {ACM International Conference Proceeding Series},
  title = {Boosting grammatical inference with confidence oracles},
  volume = {69},
  year = {2004}
}

@inproceedings{jebara2004multitask,
  address = {Banff, Alberta, Canada},
  author = {Jebara, Tony},
  booktitle = {Machine Learning: Proceedings of the Twenty-First International Conference (ICML)},
  doi = {10.1145/1015330.1015426},
  editor = {Brodley, Carla E.},
  month = {July},
  note = {<<https://doi.org/10.1145/1015330.1015426>>},
  openalex = {W1967849786},
  publisher = {ACM},
  series = {ACM International Conference Proceeding Series},
  title = {Multi-task feature and kernel selection for SVMs},
  volume = {69},
  year = {2004}
}

@inproceedings{jenkins2004spatiotemporal,
  address = {Banff, Alberta, Canada},
  author = {Jenkins, Odest Chadwicke and Mataric, Maja J.},
  booktitle = {Machine Learning: Proceedings of the Twenty-First International Conference (ICML)},
  doi = {10.1145/1015330.1015357},
  editor = {Brodley, Carla E.},
  month = {July},
  note = {<<https://doi.org/10.1145/1015330.1015357>>},
  openalex = {W2030991373},
  publisher = {ACM},
  series = {ACM International Conference Proceeding Series},
  title = {A spatio-temporal extension to Isomap nonlinear dimension reduction},
  volume = {69},
  year = {2004}
}

@inproceedings{jin2004robust,
  address = {Banff, Alberta, Canada},
  author = {Jin, Rong and Liu, Huan},
  booktitle = {Machine Learning: Proceedings of the Twenty-First International Conference (ICML)},
  doi = {10.1145/1015330.1015370},
  editor = {Brodley, Carla E.},
  month = {July},
  note = {<<https://doi.org/10.1145/1015330.1015370>>},
  openalex = {W2027647400},
  publisher = {ACM},
  series = {ACM International Conference Proceeding Series},
  title = {Robust feature induction for support vector machines},
  volume = {69},
  year = {2004}
}

@inproceedings{kashima2004kernel,
  address = {Banff, Alberta, Canada},
  author = {Kashima, Hisashi and Tsuboi, Yuta},
  booktitle = {Machine Learning: Proceedings of the Twenty-First International Conference (ICML)},
  doi = {10.1145/1015330.1015383},
  editor = {Brodley, Carla E.},
  month = {July},
  note = {<<https://doi.org/10.1145/1015330.1015383>>},
  openalex = {W2097504162},
  publisher = {ACM},
  series = {ACM International Conference Proceeding Series},
  title = {Kernel-based discriminative learning algorithms for labeling sequences, trees, and graphs},
  volume = {69},
  year = {2004}
}

@inproceedings{kersting2004bellman,
  address = {Banff, Alberta, Canada},
  author = {Kersting, Kristian and Otterlo, Martijn van and Raedt, Luc De},
  booktitle = {Machine Learning: Proceedings of the Twenty-First International Conference (ICML)},
  doi = {10.1145/1015330.1015401},
  editor = {Brodley, Carla E.},
  month = {July},
  note = {<<https://doi.org/10.1145/1015330.1015401>>},
  openalex = {W2152669282},
  publisher = {ACM},
  series = {ACM International Conference Proceeding Series},
  title = {Bellman goes relational},
  volume = {69},
  year = {2004}
}

@inproceedings{kim2004gradient,
  address = {Banff, Alberta, Canada},
  author = {Kim, Yongdai and Kim, Jinseog},
  booktitle = {Machine Learning: Proceedings of the Twenty-First International Conference (ICML)},
  doi = {10.1145/1015330.1015364},
  editor = {Brodley, Carla E.},
  month = {July},
  note = {<<https://doi.org/10.1145/1015330.1015364>>},
  openalex = {W1971881316},
  publisher = {ACM},
  series = {ACM International Conference Proceeding Series},
  title = {Gradient LASSO for feature selection},
  volume = {69},
  year = {2004}
}

@inproceedings{kok2004sparse,
  address = {Banff, Alberta, Canada},
  author = {Kok, Jelle R. and Vlassis, Nikos},
  booktitle = {Machine Learning: Proceedings of the Twenty-First International Conference (ICML)},
  doi = {10.1145/1015330.1015410},
  editor = {Brodley, Carla E.},
  month = {July},
  note = {<<https://doi.org/10.1145/1015330.1015410>>},
  openalex = {W2138965998},
  publisher = {ACM},
  series = {ACM International Conference Proceeding Series},
  title = {Sparse cooperative Q-learning},
  volume = {69},
  year = {2004}
}

@inproceedings{koppel2004authorship,
  address = {Banff, Alberta, Canada},
  author = {Koppel, Moshe and Schler, Jonathan},
  booktitle = {Machine Learning: Proceedings of the Twenty-First International Conference (ICML)},
  doi = {10.1145/1015330.1015448},
  editor = {Brodley, Carla E.},
  month = {July},
  note = {<<https://doi.org/10.1145/1015330.1015448>>},
  openalex = {W2065218635},
  publisher = {ACM},
  series = {ACM International Conference Proceeding Series},
  title = {Authorship verification as a one-class classification problem},
  volume = {69},
  year = {2004}
}

@inproceedings{krause2004leveraging,
  address = {Banff, Alberta, Canada},
  author = {Krause, Nir and Singer, Yoram},
  booktitle = {Machine Learning: Proceedings of the Twenty-First International Conference (ICML)},
  doi = {10.1145/1015330.1015344},
  editor = {Brodley, Carla E.},
  month = {July},
  note = {<<https://doi.org/10.1145/1015330.1015344>>},
  openalex = {W2130399617},
  publisher = {ACM},
  series = {ACM International Conference Proceeding Series},
  title = {Leveraging the margin more carefully},
  volume = {69},
  year = {2004}
}

@inproceedings{lafferty2004kernel,
  address = {Banff, Alberta, Canada},
  author = {Lafferty, John D. and Zhu, Xiaojin and Liu, Yan},
  booktitle = {Machine Learning: Proceedings of the Twenty-First International Conference (ICML)},
  doi = {10.1145/1015330.1015337},
  editor = {Brodley, Carla E.},
  month = {July},
  note = {<<https://doi.org/10.1145/1015330.1015337>>},
  openalex = {W761519105},
  publisher = {ACM},
  series = {ACM International Conference Proceeding Series},
  title = {Kernel conditional random fields: representation and clique selection},
  volume = {69},
  year = {2004}
}

@inproceedings{lawrence2004learning,
  address = {Banff, Alberta, Canada},
  author = {Lawrence, Neil D. and Platt, John C.},
  booktitle = {Machine Learning: Proceedings of the Twenty-First International Conference (ICML)},
  doi = {10.1145/1015330.1015382},
  editor = {Brodley, Carla E.},
  month = {July},
  note = {<<https://doi.org/10.1145/1015330.1015382>>},
  openalex = {W2030290736},
  publisher = {ACM},
  series = {ACM International Conference Proceeding Series},
  title = {Learning to learn with the informative vector machine},
  volume = {69},
  year = {2004}
}

@inproceedings{lebanon2004hyperplane,
  address = {Banff, Alberta, Canada},
  author = {Lebanon, Guy and Lafferty, John D.},
  booktitle = {Machine Learning: Proceedings of the Twenty-First International Conference (ICML)},
  doi = {10.1145/1015330.1015333},
  editor = {Brodley, Carla E.},
  month = {July},
  note = {<<https://doi.org/10.1145/1015330.1015333>>},
  openalex = {W2013469094},
  publisher = {ACM},
  series = {ACM International Conference Proceeding Series},
  title = {Hyperplane margin classifiers on the multinomial manifold},
  volume = {69},
  year = {2004}
}

@inproceedings{lee2004probabilistic,
  address = {Banff, Alberta, Canada},
  author = {Lee, Jianguo and Wang, Jingdong and Zhang, Changshui and Bian, Zhaoqi},
  booktitle = {Machine Learning: Proceedings of the Twenty-First International Conference (ICML)},
  doi = {10.1145/1015330.1015362},
  editor = {Brodley, Carla E.},
  month = {July},
  note = {<<https://doi.org/10.1145/1015330.1015362>>},
  openalex = {W1972301372},
  publisher = {ACM},
  series = {ACM International Conference Proceeding Series},
  title = {Probabilistic tangent subspace: a unified view},
  volume = {69},
  year = {2004}
}

@inproceedings{li2004entropy,
  address = {Banff, Alberta, Canada},
  author = {Li, Tao and Ma, Sheng and Ogihara, Mitsunori},
  booktitle = {Machine Learning: Proceedings of the Twenty-First International Conference (ICML)},
  doi = {10.1145/1015330.1015404},
  editor = {Brodley, Carla E.},
  month = {July},
  note = {<<https://doi.org/10.1145/1015330.1015404>>},
  openalex = {W1982658582},
  publisher = {ACM},
  series = {ACM International Conference Proceeding Series},
  title = {Entropy-based criterion in categorical clustering},
  volume = {69},
  year = {2004}
}

@inproceedings{ling2004decision,
  address = {Banff, Alberta, Canada},
  author = {Ling, Charles X. and Yang, Qiang and Wang, Jianning and Zhang, Shichao},
  booktitle = {Machine Learning: Proceedings of the Twenty-First International Conference (ICML)},
  doi = {10.1145/1015330.1015369},
  editor = {Brodley, Carla E.},
  month = {July},
  note = {<<https://doi.org/10.1145/1015330.1015369>>},
  openalex = {W2038030840},
  publisher = {ACM},
  series = {ACM International Conference Proceeding Series},
  title = {Decision trees with minimal costs},
  volume = {69},
  year = {2004}
}

@inproceedings{mahé2004extensions,
  address = {Banff, Alberta, Canada},
  author = {Mahé, Pierre and Ueda, Nobuhisa and Akutsu, Tatsuya and Perret, Jean-Luc and Vert, Jean-Philippe},
  booktitle = {Machine Learning: Proceedings of the Twenty-First International Conference (ICML)},
  doi = {10.1145/1015330.1015446},
  editor = {Brodley, Carla E.},
  month = {July},
  note = {<<https://doi.org/10.1145/1015330.1015446>>},
  openalex = {W2115412287},
  publisher = {ACM},
  series = {ACM International Conference Proceeding Series},
  title = {Extensions of marginalized graph kernels},
  volume = {69},
  year = {2004}
}

@inproceedings{mannor2004bias,
  address = {Banff, Alberta, Canada},
  author = {Mannor, Shie and Simester, Duncan and Sun, Peng and Tsitsiklis, John N.},
  booktitle = {Machine Learning: Proceedings of the Twenty-First International Conference (ICML)},
  doi = {10.1145/1015330.1015402},
  editor = {Brodley, Carla E.},
  month = {July},
  note = {<<https://doi.org/10.1145/1015330.1015402>>},
  openalex = {W2159951376},
  publisher = {ACM},
  series = {ACM International Conference Proceeding Series},
  title = {Bias and variance in value function estimation},
  volume = {69},
  year = {2004}
}

@inproceedings{mannor2004dynamic,
  address = {Banff, Alberta, Canada},
  author = {Mannor, Shie and Menache, Ishai and Hoze, Amit and Klein, Uri},
  booktitle = {Machine Learning: Proceedings of the Twenty-First International Conference (ICML)},
  doi = {10.1145/1015330.1015355},
  editor = {Brodley, Carla E.},
  month = {July},
  note = {<<https://doi.org/10.1145/1015330.1015355>>},
  openalex = {W2160808139},
  publisher = {ACM},
  series = {ACM International Conference Proceeding Series},
  title = {Dynamic abstraction in reinforcement learning via clustering},
  volume = {69},
  year = {2004}
}

@inproceedings{marlin2004multiple,
  address = {Banff, Alberta, Canada},
  author = {Marlin, Benjamin M. and Zemel, Richard S.},
  booktitle = {Machine Learning: Proceedings of the Twenty-First International Conference (ICML)},
  doi = {10.1145/1015330.1015437},
  editor = {Brodley, Carla E.},
  month = {July},
  note = {<<https://doi.org/10.1145/1015330.1015437>>},
  openalex = {W2109720450},
  publisher = {ACM},
  series = {ACM International Conference Proceeding Series},
  title = {The multiple multiplicative factor model for collaborative filtering},
  volume = {69},
  year = {2004}
}

@inproceedings{melville2004diverse,
  address = {Banff, Alberta, Canada},
  author = {Melville, Prem and Mooney, Raymond J.},
  booktitle = {Machine Learning: Proceedings of the Twenty-First International Conference (ICML)},
  doi = {10.1145/1015330.1015385},
  editor = {Brodley, Carla E.},
  month = {July},
  note = {<<https://doi.org/10.1145/1015330.1015385>>},
  openalex = {W2098203240},
  publisher = {ACM},
  series = {ACM International Conference Proceeding Series},
  title = {Diverse ensembles for active learning},
  volume = {69},
  year = {2004}
}

@inproceedings{merke2004convergence,
  address = {Banff, Alberta, Canada},
  author = {Merke, Artur and Schoknecht, Ralf},
  booktitle = {Machine Learning: Proceedings of the Twenty-First International Conference (ICML)},
  doi = {10.1145/1015330.1015390},
  editor = {Brodley, Carla E.},
  month = {July},
  note = {<<https://doi.org/10.1145/1015330.1015390>>},
  openalex = {W2107277317},
  publisher = {ACM},
  series = {ACM International Conference Proceeding Series},
  title = {Convergence of synchronous reinforcement learning with linear function approximation},
  volume = {69},
  year = {2004}
}

@inproceedings{morales2004learning,
  address = {Banff, Alberta, Canada},
  author = {Morales, Eduardo F. and Sammut, Claude},
  booktitle = {Machine Learning: Proceedings of the Twenty-First International Conference (ICML)},
  doi = {10.1145/1015330.1015384},
  editor = {Brodley, Carla E.},
  month = {July},
  note = {<<https://doi.org/10.1145/1015330.1015384>>},
  openalex = {W2062122188},
  publisher = {ACM},
  series = {ACM International Conference Proceeding Series},
  title = {Learning to fly by combining reinforcement learning with behavioural cloning},
  volume = {69},
  year = {2004}
}

@inproceedings{nattee2004learning,
  address = {Banff, Alberta, Canada},
  author = {Nattee, Cholwich and Sinthupinyo, Sukree and Numao, Masayuki and Okada, Takashi},
  booktitle = {Machine Learning: Proceedings of the Twenty-First International Conference (ICML)},
  doi = {10.1145/1015330.1015447},
  editor = {Brodley, Carla E.},
  month = {July},
  note = {<<https://doi.org/10.1145/1015330.1015447>>},
  publisher = {ACM},
  series = {ACM International Conference Proceeding Series},
  title = {Learning first-order rules from data with multiple parts: applications on mining chemical compound data},
  volume = {69},
  year = {2004}
}

@inproceedings{nguyen2004active,
  address = {Banff, Alberta, Canada},
  author = {Nguyen, Hieu Tat and Smeulders, Arnold W. M.},
  booktitle = {Machine Learning: Proceedings of the Twenty-First International Conference (ICML)},
  doi = {10.1145/1015330.1015349},
  editor = {Brodley, Carla E.},
  month = {July},
  note = {<<https://doi.org/10.1145/1015330.1015349>>},
  openalex = {W1978633512},
  publisher = {ACM},
  series = {ACM International Conference Proceeding Series},
  title = {Active learning using pre-clustering},
  volume = {69},
  year = {2004}
}

@inproceedings{nguyen2004decentralized,
  address = {Banff, Alberta, Canada},
  author = {Nguyen, XuanLong and Wainwright, Martin J. and Jordan, Michael I.},
  booktitle = {Machine Learning: Proceedings of the Twenty-First International Conference (ICML)},
  doi = {10.1145/1015330.1015438},
  editor = {Brodley, Carla E.},
  month = {July},
  note = {<<https://doi.org/10.1145/1015330.1015438>>},
  openalex = {W2101982583},
  publisher = {ACM},
  series = {ACM International Conference Proceeding Series},
  title = {Decentralized detection and classification using kernel methods},
  volume = {69},
  year = {2004}
}

@inproceedings{ong2004learning,
  address = {Banff, Alberta, Canada},
  author = {Ong, Cheng Soon and Mary, Xavier and Canu, Stéphane and Alex, and Smola, Er J.},
  booktitle = {Machine Learning: Proceedings of the Twenty-First International Conference (ICML)},
  doi = {10.1145/1015330.1015443},
  editor = {Brodley, Carla E.},
  month = {July},
  note = {<<https://doi.org/10.1145/1015330.1015443>>},
  openalex = {W2123818990},
  publisher = {ACM},
  series = {ACM International Conference Proceeding Series},
  title = {Learning with non-positive kernels},
  volume = {69},
  year = {2004}
}

@inproceedings{peltonen2004sequential,
  address = {Banff, Alberta, Canada},
  author = {Peltonen, Jaakko and Sinkkonen, Janne and Kaski, Samuel},
  booktitle = {Machine Learning: Proceedings of the Twenty-First International Conference (ICML)},
  doi = {10.1145/1015330.1015375},
  editor = {Brodley, Carla E.},
  month = {July},
  note = {<<https://doi.org/10.1145/1015330.1015375>>},
  openalex = {W2010058975},
  publisher = {ACM},
  series = {ACM International Conference Proceeding Series},
  title = {Sequential information bottleneck for finite data},
  volume = {69},
  year = {2004}
}

@inproceedings{phillips2004maximum,
  address = {Banff, Alberta, Canada},
  author = {Phillips, Steven J. and Dudík, Miroslav and Schapire, Robert E.},
  booktitle = {Machine Learning: Proceedings of the Twenty-First International Conference (ICML)},
  doi = {10.1145/1015330.1015412},
  editor = {Brodley, Carla E.},
  month = {July},
  note = {<<https://doi.org/10.1145/1015330.1015412>>},
  openalex = {W1979759959},
  publisher = {ACM},
  series = {ACM International Conference Proceeding Series},
  title = {A maximum entropy approach to species distribution modeling},
  volume = {69},
  year = {2004}
}

@inproceedings{potts2004incremental,
  address = {Banff, Alberta, Canada},
  author = {Potts, Duncan},
  booktitle = {Machine Learning: Proceedings of the Twenty-First International Conference (ICML)},
  doi = {10.1145/1015330.1015372},
  editor = {Brodley, Carla E.},
  month = {July},
  note = {<<https://doi.org/10.1145/1015330.1015372>>},
  openalex = {W2610419677},
  publisher = {ACM},
  series = {ACM International Conference Proceeding Series},
  title = {Incremental learning of linear model trees},
  volume = {69},
  year = {2004}
}

@inproceedings{qi2004predictive,
  address = {Banff, Alberta, Canada},
  author = {Qi, Yuan (Alan) and Minka, Thomas P. and Picard, Rosalind W. and Ghahramani, Zoubin},
  booktitle = {Machine Learning: Proceedings of the Twenty-First International Conference (ICML)},
  doi = {10.1145/1015330.1015418},
  editor = {Brodley, Carla E.},
  month = {July},
  note = {<<https://doi.org/10.1145/1015330.1015418>>},
  publisher = {ACM},
  series = {ACM International Conference Proceeding Series},
  title = {Predictive automatic relevance determination by expectation propagation},
  volume = {69},
  year = {2004}
}

@inproceedings{ray2004sequential,
  address = {Banff, Alberta, Canada},
  author = {Ray, Soumya and Page, David},
  booktitle = {Machine Learning: Proceedings of the Twenty-First International Conference (ICML)},
  doi = {10.1145/1015330.1015392},
  editor = {Brodley, Carla E.},
  month = {July},
  note = {<<https://doi.org/10.1145/1015330.1015392>>},
  publisher = {ACM},
  series = {ACM International Conference Proceeding Series},
  title = {Sequential skewing: an improved skewing algorithm},
  volume = {69},
  year = {2004}
}

@inproceedings{rosales2004learning,
  address = {Banff, Alberta, Canada},
  author = {Rosales, Rómer and Achan, Kannan and Frey, Brendan J.},
  booktitle = {Machine Learning: Proceedings of the Twenty-First International Conference (ICML)},
  doi = {10.1145/1015330.1015403},
  editor = {Brodley, Carla E.},
  month = {July},
  note = {<<https://doi.org/10.1145/1015330.1015403>>},
  openalex = {W2121336242},
  publisher = {ACM},
  series = {ACM International Conference Proceeding Series},
  title = {Learning to cluster using local neighborhood structure},
  volume = {69},
  year = {2004}
}

@inproceedings{rosencrantz2004learning,
  address = {Banff, Alberta, Canada},
  author = {Rosencrantz, Matthew and Gordon, Geoffrey J. and Thrun, Sebastian},
  booktitle = {Machine Learning: Proceedings of the Twenty-First International Conference (ICML)},
  doi = {10.1145/1015330.1015441},
  editor = {Brodley, Carla E.},
  month = {July},
  note = {<<https://doi.org/10.1145/1015330.1015441>>},
  publisher = {ACM},
  series = {ACM International Conference Proceeding Series},
  title = {Learning low dimensional predictive representations},
  volume = {69},
  year = {2004}
}

@inproceedings{rosset2004model,
  address = {Banff, Alberta, Canada},
  author = {Rosset, Saharon},
  booktitle = {Machine Learning: Proceedings of the Twenty-First International Conference (ICML)},
  doi = {10.1145/1015330.1015400},
  editor = {Brodley, Carla E.},
  month = {July},
  note = {<<https://doi.org/10.1145/1015330.1015400>>},
  openalex = {W2013831731},
  publisher = {ACM},
  series = {ACM International Conference Proceeding Series},
  title = {Model selection via the AUC},
  volume = {69},
  year = {2004}
}

@inproceedings{ruckert2004towards,
  address = {Banff, Alberta, Canada},
  author = {Rückert, Ulrich and Kramer, Stefan},
  booktitle = {Machine Learning: Proceedings of the Twenty-First International Conference (ICML)},
  doi = {10.1145/1015330.1015387},
  editor = {Brodley, Carla E.},
  month = {July},
  note = {<<https://doi.org/10.1145/1015330.1015387>>},
  openalex = {W2150181672},
  publisher = {ACM},
  series = {ACM International Conference Proceeding Series},
  title = {Towards tight bounds for rule learning},
  volume = {69},
  year = {2004}
}

@inproceedings{rudary2004adaptive,
  address = {Banff, Alberta, Canada},
  author = {Rudary, Matthew R. and Singh, Satinder and Pollack, Martha E.},
  booktitle = {Machine Learning: Proceedings of the Twenty-First International Conference (ICML)},
  doi = {10.1145/1015330.1015411},
  editor = {Brodley, Carla E.},
  month = {July},
  note = {<<https://doi.org/10.1145/1015330.1015411>>},
  openalex = {W2152729845},
  publisher = {ACM},
  series = {ACM International Conference Proceeding Series},
  title = {Adaptive cognitive orthotics: combining reinforcement learning and constraint-based temporal reasoning},
  volume = {69},
  year = {2004}
}

@inproceedings{ryabko2004online,
  address = {Banff, Alberta, Canada},
  author = {Ryabko, Daniil},
  booktitle = {Machine Learning: Proceedings of the Twenty-First International Conference (ICML)},
  doi = {10.1145/1015330.1015340},
  editor = {Brodley, Carla E.},
  month = {July},
  note = {<<https://doi.org/10.1145/1015330.1015340>>},
  openalex = {W2150048907},
  publisher = {ACM},
  series = {ACM International Conference Proceeding Series},
  title = {Online learning of conditionally I.I.D. data},
  volume = {69},
  year = {2004}
}

@inproceedings{s2004nonparametric,
  address = {Banff, Alberta, Canada},
  author = {S, and Bohté, Er M. and Breitenbach, Markus and Grudic, Gregory Z.},
  booktitle = {Machine Learning: Proceedings of the Twenty-First International Conference (ICML)},
  doi = {10.1145/1015330.1015416},
  editor = {Brodley, Carla E.},
  month = {July},
  note = {<<https://doi.org/10.1145/1015330.1015416>>},
  openalex = {W2132141292},
  publisher = {ACM},
  series = {ACM International Conference Proceeding Series},
  title = {Nonparametric classification with polynomial MPMC cascades},
  volume = {69},
  year = {2004}
}

@inproceedings{scully2004coalition,
  address = {Banff, Alberta, Canada},
  author = {Scully, Ted and Madden, Michael G. and Lyons, Gerard},
  booktitle = {Machine Learning: Proceedings of the Twenty-First International Conference (ICML)},
  doi = {10.1145/1015330.1015380},
  editor = {Brodley, Carla E.},
  month = {July},
  note = {<<https://doi.org/10.1145/1015330.1015380>>},
  openalex = {W2075177918},
  publisher = {ACM},
  series = {ACM International Conference Proceeding Series},
  title = {Coalition calculation in a dynamic agent environment},
  volume = {69},
  year = {2004}
}

@inproceedings{shalevshwartz2004online,
  address = {Banff, Alberta, Canada},
  author = {Shalev-Shwartz, Shai and Singer, Yoram and Ng, Andrew Y.},
  booktitle = {Machine Learning: Proceedings of the Twenty-First International Conference (ICML)},
  doi = {10.1145/1015330.1015376},
  editor = {Brodley, Carla E.},
  month = {July},
  note = {<<https://doi.org/10.1145/1015330.1015376>>},
  openalex = {W2003677307},
  publisher = {ACM},
  series = {ACM International Conference Proceeding Series},
  title = {Online and batch learning of pseudo-metrics},
  volume = {69},
  year = {2004}
}

@inproceedings{simsek2004using,
  address = {Banff, Alberta, Canada},
  author = {Simsek, Özgür and Barto, Andrew G.},
  booktitle = {Machine Learning: Proceedings of the Twenty-First International Conference (ICML)},
  doi = {10.1145/1015330.1015353},
  editor = {Brodley, Carla E.},
  month = {July},
  note = {<<https://doi.org/10.1145/1015330.1015353>>},
  openalex = {W1968768508},
  publisher = {ACM},
  series = {ACM International Conference Proceeding Series},
  title = {Using relative novelty to identify useful temporal abstractions in reinforcement learning},
  volume = {69},
  year = {2004}
}

@inproceedings{sminchisescu2004generative,
  address = {Banff, Alberta, Canada},
  author = {Sminchisescu, Cristian and Jepson, Allan D.},
  booktitle = {Machine Learning: Proceedings of the Twenty-First International Conference (ICML)},
  doi = {10.1145/1015330.1015371},
  editor = {Brodley, Carla E.},
  month = {July},
  note = {<<https://doi.org/10.1145/1015330.1015371>>},
  openalex = {W2102630415},
  publisher = {ACM},
  series = {ACM International Conference Proceeding Series},
  title = {Generative modeling for continuous non-linearly embedded visual inference},
  volume = {69},
  year = {2004}
}

@inproceedings{strens2004efficient,
  address = {Banff, Alberta, Canada},
  author = {Strens, Malcolm J. A.},
  booktitle = {Machine Learning: Proceedings of the Twenty-First International Conference (ICML)},
  doi = {10.1145/1015330.1015381},
  editor = {Brodley, Carla E.},
  month = {July},
  note = {<<https://doi.org/10.1145/1015330.1015381>>},
  openalex = {W2114456110},
  publisher = {ACM},
  series = {ACM International Conference Proceeding Series},
  title = {Efficient hierarchical MCMC for policy search},
  volume = {69},
  year = {2004}
}

@inproceedings{su2004automated,
  address = {Banff, Alberta, Canada},
  author = {Su, Ting and Dy, Jennifer G.},
  booktitle = {Machine Learning: Proceedings of the Twenty-First International Conference (ICML)},
  doi = {10.1145/1015330.1015393},
  editor = {Brodley, Carla E.},
  month = {July},
  note = {<<https://doi.org/10.1145/1015330.1015393>>},
  openalex = {W2085530274},
  publisher = {ACM},
  series = {ACM International Conference Proceeding Series},
  title = {Automated hierarchical mixtures of probabilistic principal component analyzers},
  volume = {69},
  year = {2004}
}

@inproceedings{sutton2004dynamic,
  address = {Banff, Alberta, Canada},
  author = {Sutton, Charles and Rohanimanesh, Khashayar and McCallum, Andrew},
  booktitle = {Machine Learning: Proceedings of the Twenty-First International Conference (ICML)},
  doi = {10.1145/1015330.1015422},
  editor = {Brodley, Carla E.},
  month = {July},
  note = {<<https://doi.org/10.1145/1015330.1015422>>},
  openalex = {W2152463966},
  publisher = {ACM},
  series = {ACM International Conference Proceeding Series},
  title = {Dynamic conditional random fields: factorized probabilistic models for labeling and segmenting sequence data},
  volume = {69},
  year = {2004}
}

@inproceedings{szepesvári2004interpolationbased,
  address = {Banff, Alberta, Canada},
  author = {Szepesvári, Csaba and Smart, William D.},
  booktitle = {Machine Learning: Proceedings of the Twenty-First International Conference (ICML)},
  doi = {10.1145/1015330.1015445},
  editor = {Brodley, Carla E.},
  month = {July},
  note = {<<https://doi.org/10.1145/1015330.1015445>>},
  openalex = {W2107977784},
  publisher = {ACM},
  series = {ACM International Conference Proceeding Series},
  title = {Interpolation-based Q-learning},
  volume = {69},
  year = {2004}
}

@inproceedings{tao2004svm,
  address = {Banff, Alberta, Canada},
  author = {Tao, Qingping and Scott, Stephen Donald and Vinodch, N. V. and ran and Osugi, Thomas Takeo},
  booktitle = {Machine Learning: Proceedings of the Twenty-First International Conference (ICML)},
  doi = {10.1145/1015330.1015405},
  editor = {Brodley, Carla E.},
  month = {July},
  note = {<<https://doi.org/10.1145/1015330.1015405>>},
  publisher = {ACM},
  series = {ACM International Conference Proceeding Series},
  title = {SVM-based generalized multiple-instance learning via approximate box counting},
  volume = {69},
  year = {2004}
}

@inproceedings{taskar2004learning,
  address = {Banff, Alberta, Canada},
  author = {Taskar, Benjamin and Chatalbashev, Vassil and Koller, Daphne},
  booktitle = {Machine Learning: Proceedings of the Twenty-First International Conference (ICML)},
  doi = {10.1145/1015330.1015444},
  editor = {Brodley, Carla E.},
  month = {July},
  note = {<<https://doi.org/10.1145/1015330.1015444>>},
  openalex = {W2106122512},
  publisher = {ACM},
  series = {ACM International Conference Proceeding Series},
  title = {Learning associative Markov networks},
  volume = {69},
  year = {2004}
}

@inproceedings{toutanova2004learning,
  address = {Banff, Alberta, Canada},
  author = {Toutanova, Kristina and Manning, Christopher D. and Ng, Andrew Y.},
  booktitle = {Machine Learning: Proceedings of the Twenty-First International Conference (ICML)},
  doi = {10.1145/1015330.1015442},
  editor = {Brodley, Carla E.},
  month = {July},
  note = {<<https://doi.org/10.1145/1015330.1015442>>},
  openalex = {W2146442558},
  publisher = {ACM},
  series = {ACM International Conference Proceeding Series},
  title = {Learning random walk models for inducing word dependency distributions},
  volume = {69},
  year = {2004}
}

@inproceedings{tsochantaridis2004support,
  address = {Banff, Alberta, Canada},
  author = {Tsochantaridis, Ioannis and Hofmann, Thomas and Joachims, Thorsten and Altun, Yasemin},
  booktitle = {Machine Learning: Proceedings of the Twenty-First International Conference (ICML)},
  doi = {10.1145/1015330.1015341},
  editor = {Brodley, Carla E.},
  month = {July},
  note = {<<https://doi.org/10.1145/1015330.1015341>>},
  openalex = {W2429914308},
  publisher = {ACM},
  series = {ACM International Conference Proceeding Series},
  title = {Support vector machine learning for interdependent and structured output spaces},
  volume = {69},
  year = {2004}
}

@inproceedings{vural2004hierarchical,
  address = {Banff, Alberta, Canada},
  author = {Vural, Volkan and Dy, Jennifer G.},
  booktitle = {Machine Learning: Proceedings of the Twenty-First International Conference (ICML)},
  doi = {10.1145/1015330.1015427},
  editor = {Brodley, Carla E.},
  month = {July},
  note = {<<https://doi.org/10.1145/1015330.1015427>>},
  openalex = {W2040672759},
  publisher = {ACM},
  series = {ACM International Conference Proceeding Series},
  title = {A hierarchical method for multi-class support vector machines},
  volume = {69},
  year = {2004}
}

@inproceedings{weinberger2004learning,
  address = {Banff, Alberta, Canada},
  author = {Weinberger, Kilian Q. and Sha, Fei and Saul, Lawrence K.},
  booktitle = {Machine Learning: Proceedings of the Twenty-First International Conference (ICML)},
  doi = {10.1145/1015330.1015345},
  editor = {Brodley, Carla E.},
  month = {July},
  note = {<<https://doi.org/10.1145/1015330.1015345>>},
  openalex = {W2017588182},
  publisher = {ACM},
  series = {ACM International Conference Proceeding Series},
  title = {Learning a kernel matrix for nonlinear dimensionality reduction},
  volume = {69},
  year = {2004}
}

@inproceedings{welling2004approximate,
  address = {Banff, Alberta, Canada},
  author = {Welling, Max and Rosen-Zvi, Michal and Teh, Yee Whye},
  booktitle = {Machine Learning: Proceedings of the Twenty-First International Conference (ICML)},
  doi = {10.1145/1015330.1015396},
  editor = {Brodley, Carla E.},
  month = {July},
  note = {<<https://doi.org/10.1145/1015330.1015396>>},
  openalex = {W2096076981},
  publisher = {ACM},
  series = {ACM International Conference Proceeding Series},
  title = {Approximate inference by Markov chains on union spaces},
  volume = {69},
  year = {2004}
}

@inproceedings{wierstra2004utile,
  address = {Banff, Alberta, Canada},
  author = {Wierstra, Daan and Wiering, Marco A.},
  booktitle = {Machine Learning: Proceedings of the Twenty-First International Conference (ICML)},
  doi = {10.1145/1015330.1015346},
  editor = {Brodley, Carla E.},
  month = {July},
  note = {<<https://doi.org/10.1145/1015330.1015346>>},
  openalex = {W2108519123},
  publisher = {ACM},
  series = {ACM International Conference Proceeding Series},
  title = {Utile distinction hidden Markov models},
  volume = {69},
  year = {2004}
}

@inproceedings{wingate2004p3vi,
  address = {Banff, Alberta, Canada},
  author = {Wingate, David and Seppi, Kevin D.},
  booktitle = {Machine Learning: Proceedings of the Twenty-First International Conference (ICML)},
  doi = {10.1145/1015330.1015440},
  editor = {Brodley, Carla E.},
  month = {July},
  note = {<<https://doi.org/10.1145/1015330.1015440>>},
  openalex = {W2037017016},
  publisher = {ACM},
  series = {ACM International Conference Proceeding Series},
  title = {P3VI: a partitioned, prioritized, parallel value iterator},
  volume = {69},
  year = {2004}
}

@inproceedings{wu2004improving,
  address = {Banff, Alberta, Canada},
  author = {Wu, Pengcheng and Dietterich, Thomas G.},
  booktitle = {Machine Learning: Proceedings of the Twenty-First International Conference (ICML)},
  doi = {10.1145/1015330.1015436},
  editor = {Brodley, Carla E.},
  month = {July},
  note = {<<https://doi.org/10.1145/1015330.1015436>>},
  openalex = {W2099971677},
  publisher = {ACM},
  series = {ACM International Conference Proceeding Series},
  title = {Improving SVM accuracy by training on auxiliary data sources},
  volume = {69},
  year = {2004}
}

@inproceedings{xing2004bayesian,
  address = {Banff, Alberta, Canada},
  author = {Xing, Eric P. and Sharan, Roded and Jordan, Michael I.},
  booktitle = {Machine Learning: Proceedings of the Twenty-First International Conference (ICML)},
  doi = {10.1145/1015330.1015423},
  editor = {Brodley, Carla E.},
  month = {July},
  note = {<<https://doi.org/10.1145/1015330.1015423>>},
  openalex = {W2170886255},
  publisher = {ACM},
  series = {ACM International Conference Proceeding Series},
  title = {Bayesian haplo-type inference via the Dirichlet process},
  volume = {69},
  year = {2004}
}

@inproceedings{ye2004feature,
  address = {Banff, Alberta, Canada},
  author = {Ye, Jieping and Janardan, Ravi and Li, Qi and Park, Haesun},
  booktitle = {Machine Learning: Proceedings of the Twenty-First International Conference (ICML)},
  doi = {10.1145/1015330.1015348},
  editor = {Brodley, Carla E.},
  month = {July},
  note = {<<https://doi.org/10.1145/1015330.1015348>>},
  openalex = {W2110588405},
  publisher = {ACM},
  series = {ACM International Conference Proceeding Series},
  title = {Feature extraction via generalized uncorrelated linear discriminant analysis},
  volume = {69},
  year = {2004}
}

@inproceedings{ye2004generalized,
  address = {Banff, Alberta, Canada},
  author = {Ye, Jieping},
  booktitle = {Machine Learning: Proceedings of the Twenty-First International Conference (ICML)},
  doi = {10.1145/1015330.1015347},
  editor = {Brodley, Carla E.},
  month = {July},
  note = {<<https://doi.org/10.1145/1015330.1015347>>},
  openalex = {W2611015177},
  publisher = {ACM},
  series = {ACM International Conference Proceeding Series},
  title = {Generalized low rank approximations of matrices},
  volume = {69},
  year = {2004}
}

@inproceedings{zadrozny2004learning,
  address = {Banff, Alberta, Canada},
  author = {Zadrozny, Bianca},
  booktitle = {Machine Learning: Proceedings of the Twenty-First International Conference (ICML)},
  doi = {10.1145/1015330.1015425},
  editor = {Brodley, Carla E.},
  month = {July},
  note = {<<https://doi.org/10.1145/1015330.1015425>>},
  openalex = {W2032536435},
  publisher = {ACM},
  series = {ACM International Conference Proceeding Series},
  title = {Learning and evaluating classifiers under sample selection bias},
  volume = {69},
  year = {2004}
}

@inproceedings{zhang2004bayesian,
  address = {Banff, Alberta, Canada},
  author = {Zhang, Zhihua and Yeung, Dit-Yan and Kwok, James T.},
  booktitle = {Machine Learning: Proceedings of the Twenty-First International Conference (ICML)},
  doi = {10.1145/1015330.1015368},
  editor = {Brodley, Carla E.},
  month = {July},
  note = {<<https://doi.org/10.1145/1015330.1015368>>},
  openalex = {W2006756259},
  publisher = {ACM},
  series = {ACM International Conference Proceeding Series},
  title = {Bayesian inference for transductive learning of kernel matrix using the Tanner-Wong data augmentation algorithm},
  volume = {69},
  year = {2004}
}

@inproceedings{zhang2004probabilistic,
  address = {Banff, Alberta, Canada},
  author = {Zhang, Jian and Yang, Yiming},
  booktitle = {Machine Learning: Proceedings of the Twenty-First International Conference (ICML)},
  doi = {10.1145/1015330.1015335},
  editor = {Brodley, Carla E.},
  month = {July},
  note = {<<https://doi.org/10.1145/1015330.1015335>>},
  openalex = {W2018077356},
  publisher = {ACM},
  series = {ACM International Conference Proceeding Series},
  title = {Probabilistic score estimation with piecewise logistic regression},
  volume = {69},
  year = {2004}
}

@inproceedings{zhang2004solving,
  address = {Banff, Alberta, Canada},
  author = {Zhang, Tong},
  booktitle = {Machine Learning: Proceedings of the Twenty-First International Conference (ICML)},
  doi = {10.1145/1015330.1015332},
  editor = {Brodley, Carla E.},
  month = {July},
  note = {<<https://doi.org/10.1145/1015330.1015332>>},
  openalex = {W2091825929},
  publisher = {ACM},
  series = {ACM International Conference Proceeding Series},
  title = {Solving large scale linear prediction problems using stochastic gradient descent algorithms},
  volume = {69},
  year = {2004}
}

@inproceedings{zhang2004surrogate,
  address = {Banff, Alberta, Canada},
  author = {Zhang, Zhihua and Kwok, James T. and Yeung, Dit-Yan},
  booktitle = {Machine Learning: Proceedings of the Twenty-First International Conference (ICML)},
  doi = {10.1145/1015330.1015342},
  editor = {Brodley, Carla E.},
  month = {July},
  note = {<<https://doi.org/10.1145/1015330.1015342>>},
  openalex = {W2165154777},
  publisher = {ACM},
  series = {ACM International Conference Proceeding Series},
  title = {Surrogate maximization/minimization algorithms for AdaBoost and the logistic regression model},
  volume = {69},
  year = {2004}
}
