@inproceedings{abbeel2005exploration,
 address = {Bonn, Germany},
 author = {Abbeel, Pieter and Ng, Andrew Y.},
 booktitle = {Machine Learning: Proceedings of the Twenty-Second International Conference (ICML)},
 doi = {10.1145/1102351.1102352},
 editor = {Raedt, Luc De and Wrobel, Stefan},
 month = {August},
 note = {<https://doi.org/10.1145/1102351.1102352>},
 openalex = {W1996625075},
 pages = {1–8},
 publisher = {ACM},
 series = {ACM International Conference Proceeding Series},
 title = {Exploration and apprenticeship learning in reinforcement learning},
 volume = {119},
 year = {2005}
}

@inproceedings{alex2005large,
 address = {Bonn, Germany},
 author = {Alex and Zien, er and Quiñonero, Joaquin and ela},
 booktitle = {Machine Learning: Proceedings of the Twenty-Second International Conference (ICML)},
 doi = {10.1145/1102351.1102485},
 editor = {Raedt, Luc De and Wrobel, Stefan},
 month = {August},
 note = {<https://doi.org/10.1145/1102351.1102485>},
 openalex = {W2118057916},
 pages = {1060–1067},
 publisher = {ACM},
 series = {ACM International Conference Proceeding Series},
 title = {Large margin non-linear embedding},
 volume = {119},
 year = {2005}
}

@inproceedings{alex2005predicting,
 address = {Bonn, Germany},
 author = {Alex and Niculescu-Mizil, Radu and Caruana, Rich},
 booktitle = {Machine Learning: Proceedings of the Twenty-Second International Conference (ICML)},
 doi = {10.1145/1102351.1102430},
 editor = {Raedt, Luc De and Wrobel, Stefan},
 month = {August},
 note = {<https://doi.org/10.1145/1102351.1102430>},
 openalex = {W2098824882},
 pages = {625–632},
 publisher = {ACM},
 series = {ACM International Conference Proceeding Series},
 title = {Predicting good probabilities with supervised learning},
 volume = {119},
 year = {2005}
}

@inproceedings{alex2005theoretical,
 address = {Bonn, Germany},
 author = {Alex, and T. L. Strehl and Littman, Michael L.},
 booktitle = {Machine Learning: Proceedings of the Twenty-Second International Conference (ICML)},
 doi = {10.1145/1102351.1102459},
 editor = {Raedt, Luc De and Wrobel, Stefan},
 month = {August},
 note = {<https://doi.org/10.1145/1102351.1102459>},
 openalex = {W2082691056},
 pages = {856–863},
 publisher = {ACM},
 series = {ACM International Conference Proceeding Series},
 title = {A theoretical analysis of Model-Based Interval Estimation},
 volume = {119},
 year = {2005}
}

@inproceedings{anderson2005active,
 address = {Bonn, Germany},
 author = {Anderson, Brigham S. and Moore, Andrew},
 booktitle = {Machine Learning: Proceedings of the Twenty-Second International Conference (ICML)},
 doi = {10.1145/1102351.1102353},
 editor = {Raedt, Luc De and Wrobel, Stefan},
 month = {August},
 note = {<https://doi.org/10.1145/1102351.1102353>},
 openalex = {W2146092999},
 pages = {9–16},
 publisher = {ACM},
 series = {ACM International Conference Proceeding Series},
 title = {Active learning for Hidden Markov Models: objective functions and algorithms},
 volume = {119},
 year = {2005}
}

@inproceedings{angelopoulos2005tempering,
 address = {Bonn, Germany},
 author = {Angelopoulos, Nicos and Cussens, James},
 booktitle = {Machine Learning: Proceedings of the Twenty-Second International Conference (ICML)},
 doi = {10.1145/1102351.1102354},
 editor = {Raedt, Luc De and Wrobel, Stefan},
 month = {August},
 note = {<https://doi.org/10.1145/1102351.1102354>},
 openalex = {W2060088827},
 pages = {17–24},
 publisher = {ACM},
 series = {ACM International Conference Proceeding Series},
 title = {Tempering for Bayesian C   RT},
 volume = {119},
 year = {2005}
}

@inproceedings{angiulli2005fast,
 address = {Bonn, Germany},
 author = {Angiulli, Fabrizio},
 booktitle = {Machine Learning: Proceedings of the Twenty-Second International Conference (ICML)},
 doi = {10.1145/1102351.1102355},
 editor = {Raedt, Luc De and Wrobel, Stefan},
 month = {August},
 note = {<https://doi.org/10.1145/1102351.1102355>},
 openalex = {W2168873314},
 pages = {25–32},
 publisher = {ACM},
 series = {ACM International Conference Proceeding Series},
 title = {Fast condensed nearest neighbor rule},
 volume = {119},
 year = {2005}
}

@inproceedings{bach2005predictive,
 address = {Bonn, Germany},
 author = {Bach, Francis R. and Jordan, Michael I.},
 booktitle = {Machine Learning: Proceedings of the Twenty-Second International Conference (ICML)},
 doi = {10.1145/1102351.1102356},
 editor = {Raedt, Luc De and Wrobel, Stefan},
 month = {August},
 note = {<https://doi.org/10.1145/1102351.1102356>},
 openalex = {W2105608756},
 pages = {33–40},
 publisher = {ACM},
 series = {ACM International Conference Proceeding Series},
 title = {Predictive low-rank decomposition for kernel methods},
 volume = {119},
 year = {2005}
}

@inproceedings{bekkerman2005multiway,
 address = {Bonn, Germany},
 author = {Bekkerman, Ron and El-Yaniv, Ran and McCallum, Andrew},
 booktitle = {Machine Learning: Proceedings of the Twenty-Second International Conference (ICML)},
 doi = {10.1145/1102351.1102357},
 editor = {Raedt, Luc De and Wrobel, Stefan},
 month = {August},
 note = {<https://doi.org/10.1145/1102351.1102357>},
 openalex = {W1964937891},
 pages = {41–48},
 publisher = {ACM},
 series = {ACM International Conference Proceeding Series},
 title = {Multi-way distributional clustering via pairwise interactions},
 volume = {119},
 year = {2005}
}

@inproceedings{beygelzimer2005error,
 address = {Bonn, Germany},
 author = {Beygelzimer, Alina and Dani, Varsha and Hayes, Thomas P. and Langford, John and Zadrozny, Bianca},
 booktitle = {Machine Learning: Proceedings of the Twenty-Second International Conference (ICML)},
 doi = {10.1145/1102351.1102358},
 editor = {Raedt, Luc De and Wrobel, Stefan},
 month = {August},
 note = {<https://doi.org/10.1145/1102351.1102358>},
 openalex = {W2106191340},
 pages = {49–56},
 publisher = {ACM},
 series = {ACM International Conference Proceeding Series},
 title = {Error limiting reductions between classification tasks},
 volume = {119},
 year = {2005}
}

@inproceedings{blockeel2005multiinstance,
 address = {Bonn, Germany},
 author = {Blockeel, Hendrik and Page, David and Srinivasan, Ashwin},
 booktitle = {Machine Learning: Proceedings of the Twenty-Second International Conference (ICML)},
 doi = {10.1145/1102351.1102359},
 editor = {Raedt, Luc De and Wrobel, Stefan},
 month = {August},
 note = {<https://doi.org/10.1145/1102351.1102359>},
 openalex = {W2009074768},
 pages = {57–64},
 publisher = {ACM},
 series = {ACM International Conference Proceeding Series},
 title = {Multi-instance tree learning},
 volume = {119},
 year = {2005}
}

@inproceedings{bowling2005action,
 address = {Bonn, Germany},
 author = {Bowling, Michael H. and Ghodsi, Ali and Wilkinson, Dana F.},
 booktitle = {Machine Learning: Proceedings of the Twenty-Second International Conference (ICML)},
 doi = {10.1145/1102351.1102360},
 editor = {Raedt, Luc De and Wrobel, Stefan},
 month = {August},
 note = {<https://doi.org/10.1145/1102351.1102360>},
 openalex = {W2099665480},
 pages = {65–72},
 publisher = {ACM},
 series = {ACM International Conference Proceeding Series},
 title = {Action respecting embedding},
 volume = {119},
 year = {2005}
}

@inproceedings{breitenbach2005clustering,
 address = {Bonn, Germany},
 author = {Breitenbach, Markus and Grudic, Gregory Z.},
 booktitle = {Machine Learning: Proceedings of the Twenty-Second International Conference (ICML)},
 doi = {10.1145/1102351.1102361},
 editor = {Raedt, Luc De and Wrobel, Stefan},
 month = {August},
 note = {<https://doi.org/10.1145/1102351.1102361>},
 openalex = {W2063078340},
 pages = {73–80},
 publisher = {ACM},
 series = {ACM International Conference Proceeding Series},
 title = {Clustering through ranking on manifolds},
 volume = {119},
 year = {2005}
}

@inproceedings{bridewell2005reducing,
 address = {Bonn, Germany},
 author = {Bridewell, Will and Asadi, Narges Bani and Langley, Pat and Todorovski, Ljupco},
 booktitle = {Machine Learning: Proceedings of the Twenty-Second International Conference (ICML)},
 doi = {10.1145/1102351.1102362},
 editor = {Raedt, Luc De and Wrobel, Stefan},
 month = {August},
 note = {<https://doi.org/10.1145/1102351.1102362>},
 openalex = {W2057269381},
 pages = {81–88},
 publisher = {ACM},
 series = {ACM International Conference Proceeding Series},
 title = {Reducing overfitting in process model induction},
 volume = {119},
 year = {2005}
}

@inproceedings{burge2005learning,
 address = {Bonn, Germany},
 author = {Burge, John and Lane, Terran},
 booktitle = {Machine Learning: Proceedings of the Twenty-Second International Conference (ICML)},
 doi = {10.1145/1102351.1102364},
 editor = {Raedt, Luc De and Wrobel, Stefan},
 month = {August},
 note = {<https://doi.org/10.1145/1102351.1102364>},
 openalex = {W2035539597},
 pages = {97–104},
 publisher = {ACM},
 series = {ACM International Conference Proceeding Series},
 title = {Learning class-discriminative dynamic Bayesian networks},
 volume = {119},
 year = {2005}
}

@inproceedings{burges2005learning,
 address = {Bonn, Germany},
 author = {Burges, Christopher J. C. and Shaked, Tal and Renshaw, Erin and Lazier, Ari and Deeds, Matt and Hamilton, Nicole and Hullender, Gregory N.},
 booktitle = {Machine Learning: Proceedings of the Twenty-Second International Conference (ICML)},
 doi = {10.1145/1102351.1102363},
 editor = {Raedt, Luc De and Wrobel, Stefan},
 month = {August},
 note = {<https://doi.org/10.1145/1102351.1102363>},
 pages = {89–96},
 publisher = {ACM},
 series = {ACM International Conference Proceeding Series},
 title = {Learning to rank using gradient descent},
 volume = {119},
 year = {2005}
}

@inproceedings{calinon2005recognition,
 address = {Bonn, Germany},
 author = {Calinon, Sylvain and Billard, Aude},
 booktitle = {Machine Learning: Proceedings of the Twenty-Second International Conference (ICML)},
 doi = {10.1145/1102351.1102365},
 editor = {Raedt, Luc De and Wrobel, Stefan},
 month = {August},
 note = {<https://doi.org/10.1145/1102351.1102365>},
 openalex = {W2126850308},
 pages = {105–112},
 publisher = {ACM},
 series = {ACM International Conference Proceeding Series},
 title = {Recognition and reproduction of gestures using a probabilistic framework combining PCA, ICA and HMM},
 volume = {119},
 year = {2005}
}

@inproceedings{carney2005predicting,
 address = {Bonn, Germany},
 author = {Carney, Michael and Cunningham, Padraig and Dowling, Jim and Lee, Ciaran},
 booktitle = {Machine Learning: Proceedings of the Twenty-Second International Conference (ICML)},
 doi = {10.1145/1102351.1102366},
 editor = {Raedt, Luc De and Wrobel, Stefan},
 month = {August},
 note = {<https://doi.org/10.1145/1102351.1102366>},
 openalex = {W2063241008},
 pages = {113–120},
 publisher = {ACM},
 series = {ACM International Conference Proceeding Series},
 title = {Predicting probability distributions for surf height using an ensemble of mixture density networks},
 volume = {119},
 year = {2005}
}

@inproceedings{chang2005hedged,
 address = {Bonn, Germany},
 author = {Chang, Yu-Han and Kaelbling, Leslie Pack},
 booktitle = {Machine Learning: Proceedings of the Twenty-Second International Conference (ICML)},
 doi = {10.1145/1102351.1102367},
 editor = {Raedt, Luc De and Wrobel, Stefan},
 month = {August},
 note = {<https://doi.org/10.1145/1102351.1102367>},
 pages = {121–128},
 publisher = {ACM},
 series = {ACM International Conference Proceeding Series},
 title = {Hedged learning: regret-minimization with learning experts},
 volume = {119},
 year = {2005}
}

@inproceedings{cheng2005variational,
 address = {Bonn, Germany},
 author = {Cheng, Li and Jiao, Feng and Schuurmans, Dale and Wang, Shaojun},
 booktitle = {Machine Learning: Proceedings of the Twenty-Second International Conference (ICML)},
 doi = {10.1145/1102351.1102368},
 editor = {Raedt, Luc De and Wrobel, Stefan},
 month = {August},
 note = {<https://doi.org/10.1145/1102351.1102368>},
 openalex = {W2138778146},
 pages = {129–136},
 publisher = {ACM},
 series = {ACM International Conference Proceeding Series},
 title = {Variational Bayesian image modelling},
 volume = {119},
 year = {2005}
}

@inproceedings{chu2005new,
 address = {Bonn, Germany},
 author = {Chu, Wei and Keerthi, S. Sathiya},
 booktitle = {Machine Learning: Proceedings of the Twenty-Second International Conference (ICML)},
 doi = {10.1145/1102351.1102370},
 editor = {Raedt, Luc De and Wrobel, Stefan},
 month = {August},
 note = {<https://doi.org/10.1145/1102351.1102370>},
 openalex = {W2023508744},
 pages = {145–152},
 publisher = {ACM},
 series = {ACM International Conference Proceeding Series},
 title = {New approaches to support vector ordinal regression},
 volume = {119},
 year = {2005}
}

@inproceedings{chu2005preference,
 address = {Bonn, Germany},
 author = {Chu, Wei and Ghahramani, Zoubin},
 booktitle = {Machine Learning: Proceedings of the Twenty-Second International Conference (ICML)},
 doi = {10.1145/1102351.1102369},
 editor = {Raedt, Luc De and Wrobel, Stefan},
 month = {August},
 note = {<https://doi.org/10.1145/1102351.1102369>},
 openalex = {W1965520710},
 pages = {137–144},
 publisher = {ACM},
 series = {ACM International Conference Proceeding Series},
 title = {Preference learning with Gaussian processes},
 volume = {119},
 year = {2005}
}

@inproceedings{cortes2005general,
 address = {Bonn, Germany},
 author = {Cortes, Corinna and Mohri, Mehryar and Weston, Jason},
 booktitle = {Machine Learning: Proceedings of the Twenty-Second International Conference (ICML)},
 doi = {10.1145/1102351.1102371},
 editor = {Raedt, Luc De and Wrobel, Stefan},
 month = {August},
 note = {<https://doi.org/10.1145/1102351.1102371>},
 openalex = {W2141407058},
 pages = {153–160},
 publisher = {ACM},
 series = {ACM International Conference Proceeding Series},
 title = {A general regression technique for learning transductions},
 volume = {119},
 year = {2005}
}

@inproceedings{cr2005learning,
 address = {Bonn, Germany},
 author = {Cr, Jacob W. and Goodrich, Michael A.},
 booktitle = {Machine Learning: Proceedings of the Twenty-Second International Conference (ICML)},
 doi = {10.1145/1102351.1102372},
 editor = {Raedt, Luc De and Wrobel, Stefan},
 month = {August},
 note = {<https://doi.org/10.1145/1102351.1102372>},
 openalex = {W2133096155},
 pages = {161–168},
 publisher = {ACM},
 series = {ACM International Conference Proceeding Series},
 title = {Learning to compete, compromise, and cooperate in repeated general-sum games},
 volume = {119},
 year = {2005}
}

@inproceedings{drake2005practical,
 address = {Bonn, Germany},
 author = {Drake, Adam and Ventura, Dan},
 booktitle = {Machine Learning: Proceedings of the Twenty-Second International Conference (ICML)},
 doi = {10.1145/1102351.1102375},
 editor = {Raedt, Luc De and Wrobel, Stefan},
 month = {August},
 note = {<https://doi.org/10.1145/1102351.1102375>},
 openalex = {W2143490059},
 pages = {185–192},
 publisher = {ACM},
 series = {ACM International Conference Proceeding Series},
 title = {A practical generalization of Fourier-based learning},
 volume = {119},
 year = {2005}
}

@inproceedings{driessens2005combining,
 address = {Bonn, Germany},
 author = {Driessens, Kurt and Dzeroski, Saso},
 booktitle = {Machine Learning: Proceedings of the Twenty-Second International Conference (ICML)},
 doi = {10.1145/1102351.1102376},
 editor = {Raedt, Luc De and Wrobel, Stefan},
 month = {August},
 note = {<https://doi.org/10.1145/1102351.1102376>},
 openalex = {W2043700026},
 pages = {193–200},
 publisher = {ACM},
 series = {ACM International Conference Proceeding Series},
 title = {Combining model-based and instance-based learning for first order regression},
 volume = {119},
 year = {2005}
}

@inproceedings{engel2005reinforcement,
 address = {Bonn, Germany},
 author = {Engel, Yaakov and Mannor, Shie and Meir, Ron},
 booktitle = {Machine Learning: Proceedings of the Twenty-Second International Conference (ICML)},
 doi = {10.1145/1102351.1102377},
 editor = {Raedt, Luc De and Wrobel, Stefan},
 month = {August},
 note = {<https://doi.org/10.1145/1102351.1102377>},
 openalex = {W2156974606},
 pages = {201–208},
 publisher = {ACM},
 series = {ACM International Conference Proceeding Series},
 title = {Reinforcement learning with Gaussian processes},
 volume = {119},
 year = {2005}
}

@inproceedings{esposito2005experimental,
 address = {Bonn, Germany},
 author = {Esposito, Roberto and Saitta, Lorenza},
 booktitle = {Machine Learning: Proceedings of the Twenty-Second International Conference (ICML)},
 doi = {10.1145/1102351.1102378},
 editor = {Raedt, Luc De and Wrobel, Stefan},
 month = {August},
 note = {<https://doi.org/10.1145/1102351.1102378>},
 openalex = {W2088252796},
 pages = {209–216},
 publisher = {ACM},
 series = {ACM International Conference Proceeding Series},
 title = {Experimental comparison between bagging and Monte Carlo ensemble classification},
 volume = {119},
 year = {2005}
}

@inproceedings{fern2005multimodal,
 address = {Bonn, Germany},
 author = {Fern, and De la Torre, o and Kanade, Takeo},
 booktitle = {Machine Learning: Proceedings of the Twenty-Second International Conference (ICML)},
 doi = {10.1145/1102351.1102374},
 editor = {Raedt, Luc De and Wrobel, Stefan},
 month = {August},
 note = {<https://doi.org/10.1145/1102351.1102374>},
 openalex = {W2119168257},
 pages = {177–184},
 publisher = {ACM},
 series = {ACM International Conference Proceeding Series},
 title = {Multimodal oriented discriminant analysis},
 volume = {119},
 year = {2005}
}

@inproceedings{finley2005supervised,
 address = {Bonn, Germany},
 author = {Finley, Thomas and Joachims, Thorsten},
 booktitle = {Machine Learning: Proceedings of the Twenty-Second International Conference (ICML)},
 doi = {10.1145/1102351.1102379},
 editor = {Raedt, Luc De and Wrobel, Stefan},
 month = {August},
 note = {<https://doi.org/10.1145/1102351.1102379>},
 openalex = {W2149029960},
 pages = {217–224},
 publisher = {ACM},
 series = {ACM International Conference Proceeding Series},
 title = {Supervised clustering with support vector machines},
 volume = {119},
 year = {2005}
}

@inproceedings{frohlich2005optimal,
 address = {Bonn, Germany},
 author = {Fröhlich, Holger and Wegner, Jörg K. and Sieker, Florian and Zell, Andreas},
 booktitle = {Machine Learning: Proceedings of the Twenty-Second International Conference (ICML)},
 doi = {10.1145/1102351.1102380},
 editor = {Raedt, Luc De and Wrobel, Stefan},
 month = {August},
 note = {<https://doi.org/10.1145/1102351.1102380>},
 openalex = {W2136507529},
 pages = {225–232},
 publisher = {ACM},
 series = {ACM International Conference Proceeding Series},
 title = {Optimal assignment kernels for attributed molecular graphs},
 volume = {119},
 year = {2005}
}

@inproceedings{geurts2005closedform,
 address = {Bonn, Germany},
 author = {Geurts, Pierre and Wehenkel, Louis},
 booktitle = {Machine Learning: Proceedings of the Twenty-Second International Conference (ICML)},
 doi = {10.1145/1102351.1102381},
 editor = {Raedt, Luc De and Wrobel, Stefan},
 month = {August},
 note = {<https://doi.org/10.1145/1102351.1102381>},
 openalex = {W2039097516},
 pages = {233–240},
 publisher = {ACM},
 series = {ACM International Conference Proceeding Series},
 title = {Closed-form dual perturb and combine for tree-based models},
 volume = {119},
 year = {2005}
}

@inproceedings{girolami2005hierarchic,
 address = {Bonn, Germany},
 author = {Girolami, Mark A. and Rogers, Simon},
 booktitle = {Machine Learning: Proceedings of the Twenty-Second International Conference (ICML)},
 doi = {10.1145/1102351.1102382},
 editor = {Raedt, Luc De and Wrobel, Stefan},
 month = {August},
 note = {<https://doi.org/10.1145/1102351.1102382>},
 openalex = {W1971402309},
 pages = {241–248},
 publisher = {ACM},
 series = {ACM International Conference Proceeding Series},
 title = {Hierarchic Bayesian models for kernel learning},
 volume = {119},
 year = {2005}
}

@inproceedings{glocer2005online,
 address = {Bonn, Germany},
 author = {Glocer, Karen A. and Eads, Damian and Theiler, James},
 booktitle = {Machine Learning: Proceedings of the Twenty-Second International Conference (ICML)},
 doi = {10.1145/1102351.1102383},
 editor = {Raedt, Luc De and Wrobel, Stefan},
 month = {August},
 note = {<https://doi.org/10.1145/1102351.1102383>},
 openalex = {W2137887516},
 pages = {249–256},
 publisher = {ACM},
 series = {ACM International Conference Proceeding Series},
 title = {Online feature selection for pixel classification},
 volume = {119},
 year = {2005}
}

@inproceedings{grois2005learning,
 address = {Bonn, Germany},
 author = {Grois, Eugene and Wilkins, David C.},
 booktitle = {Machine Learning: Proceedings of the Twenty-Second International Conference (ICML)},
 doi = {10.1145/1102351.1102384},
 editor = {Raedt, Luc De and Wrobel, Stefan},
 month = {August},
 note = {<https://doi.org/10.1145/1102351.1102384>},
 pages = {257–264},
 publisher = {ACM},
 series = {ACM International Conference Proceeding Series},
 title = {Learning strategies for story comprehension: a reinforcement learning approach},
 volume = {119},
 year = {2005}
}

@inproceedings{guestrin2005nearoptimal,
 address = {Bonn, Germany},
 author = {Guestrin, Carlos and Krause, Andreas and Singh, Ajit Paul},
 booktitle = {Machine Learning: Proceedings of the Twenty-Second International Conference (ICML)},
 doi = {10.1145/1102351.1102385},
 editor = {Raedt, Luc De and Wrobel, Stefan},
 month = {August},
 note = {<https://doi.org/10.1145/1102351.1102385>},
 openalex = {W1999824796},
 pages = {265–272},
 publisher = {ACM},
 series = {ACM International Conference Proceeding Series},
 title = {Near-optimal sensor placements in Gaussian processes},
 volume = {119},
 year = {2005}
}

@inproceedings{gupta2005robust,
 address = {Bonn, Germany},
 author = {Gupta, Gunjan and Ghosh, Joydeep},
 booktitle = {Machine Learning: Proceedings of the Twenty-Second International Conference (ICML)},
 doi = {10.1145/1102351.1102386},
 editor = {Raedt, Luc De and Wrobel, Stefan},
 month = {August},
 note = {<https://doi.org/10.1145/1102351.1102386>},
 openalex = {W2161237965},
 pages = {273–280},
 publisher = {ACM},
 series = {ACM International Conference Proceeding Series},
 title = {Robust one-class clustering using hybrid global and local search},
 volume = {119},
 year = {2005}
}

@inproceedings{he2005statistical,
 address = {Bonn, Germany},
 author = {He, Xiaofei and Cai, Deng and Min, Wanli},
 booktitle = {Machine Learning: Proceedings of the Twenty-Second International Conference (ICML)},
 doi = {10.1145/1102351.1102387},
 editor = {Raedt, Luc De and Wrobel, Stefan},
 month = {August},
 note = {<https://doi.org/10.1145/1102351.1102387>},
 openalex = {W2054271410},
 pages = {281–288},
 publisher = {ACM},
 series = {ACM International Conference Proceeding Series},
 title = {Statistical and computational analysis of locality preserving projection},
 volume = {119},
 year = {2005}
}

@inproceedings{hein2005intrinsic,
 address = {Bonn, Germany},
 author = {Hein, Matthias and Audibert, Jean-Yves},
 booktitle = {Machine Learning: Proceedings of the Twenty-Second International Conference (ICML)},
 doi = {10.1145/1102351.1102388},
 editor = {Raedt, Luc De and Wrobel, Stefan},
 month = {August},
 note = {<https://doi.org/10.1145/1102351.1102388>},
 pages = {289–296},
 publisher = {ACM},
 series = {ACM International Conference Proceeding Series},
 title = {Intrinsic dimensionality estimation of submanifolds in Rd},
 volume = {119},
 year = {2005}
}

@inproceedings{heller2005bayesian,
 address = {Bonn, Germany},
 author = {Heller, Katherine A. and Ghahramani, Zoubin},
 booktitle = {Machine Learning: Proceedings of the Twenty-Second International Conference (ICML)},
 doi = {10.1145/1102351.1102389},
 editor = {Raedt, Luc De and Wrobel, Stefan},
 month = {August},
 note = {<https://doi.org/10.1145/1102351.1102389>},
 openalex = {W2128999403},
 pages = {297–304},
 publisher = {ACM},
 series = {ACM International Conference Proceeding Series},
 title = {Bayesian hierarchical clustering},
 volume = {119},
 year = {2005}
}

@inproceedings{herbster2005online,
 address = {Bonn, Germany},
 author = {Herbster, Mark and Pontil, Massimiliano and Wainer, Lisa},
 booktitle = {Machine Learning: Proceedings of the Twenty-Second International Conference (ICML)},
 doi = {10.1145/1102351.1102390},
 editor = {Raedt, Luc De and Wrobel, Stefan},
 month = {August},
 note = {<https://doi.org/10.1145/1102351.1102390>},
 pages = {305–312},
 publisher = {ACM},
 series = {ACM International Conference Proceeding Series},
 title = {Online learning over graphs},
 volume = {119},
 year = {2005}
}

@inproceedings{hill2005adapting,
 address = {Bonn, Germany},
 author = {Hill, Simon I. and Doucet, Arnaud},
 booktitle = {Machine Learning: Proceedings of the Twenty-Second International Conference (ICML)},
 doi = {10.1145/1102351.1102391},
 editor = {Raedt, Luc De and Wrobel, Stefan},
 month = {August},
 note = {<https://doi.org/10.1145/1102351.1102391>},
 openalex = {W1978036225},
 pages = {313–320},
 publisher = {ACM},
 series = {ACM International Conference Proceeding Series},
 title = {Adapting two-class support vector classification methods to many class problems},
 volume = {119},
 year = {2005}
}

@inproceedings{ho2005martingale,
 address = {Bonn, Germany},
 author = {Ho, Shen-Shyang},
 booktitle = {Machine Learning: Proceedings of the Twenty-Second International Conference (ICML)},
 doi = {10.1145/1102351.1102392},
 editor = {Raedt, Luc De and Wrobel, Stefan},
 month = {August},
 note = {<https://doi.org/10.1145/1102351.1102392>},
 openalex = {W2150142541},
 pages = {321–327},
 publisher = {ACM},
 series = {ACM International Conference Proceeding Series},
 title = {A martingale framework for concept change detection in time-varying data streams},
 volume = {119},
 year = {2005}
}

@inproceedings{ie2005multiclass,
 address = {Bonn, Germany},
 author = {Ie, Eugene and Weston, Jason and Noble, William Stafford and Leslie, Christina S.},
 booktitle = {Machine Learning: Proceedings of the Twenty-Second International Conference (ICML)},
 doi = {10.1145/1102351.1102393},
 editor = {Raedt, Luc De and Wrobel, Stefan},
 month = {August},
 note = {<https://doi.org/10.1145/1102351.1102393>},
 openalex = {W2058119134},
 pages = {329–336},
 publisher = {ACM},
 series = {ACM International Conference Proceeding Series},
 title = {Multi-class protein fold recognition using adaptive codes},
 volume = {119},
 year = {2005}
}

@inproceedings{iii2005learning,
 address = {Bonn, Germany},
 author = {Daumé III, Hal and Marcu, Daniel},
 booktitle = {Machine Learning: Proceedings of the Twenty-Second International Conference (ICML)},
 doi = {10.1145/1102351.1102373},
 editor = {Raedt, Luc De and Wrobel, Stefan},
 month = {August},
 note = {<https://doi.org/10.1145/1102351.1102373>},
 openalex = {W2953182116},
 pages = {169–176},
 publisher = {ACM},
 series = {ACM International Conference Proceeding Series},
 title = {Learning as search optimization: approximate large margin methods for structured prediction},
 volume = {119},
 year = {2005}
}

@inproceedings{ilghami2005learning,
 address = {Bonn, Germany},
 author = {Ilghami, Okhtay and Muñoz-Avila, Héctor and Nau, Dana S. and Aha, David W.},
 booktitle = {Machine Learning: Proceedings of the Twenty-Second International Conference (ICML)},
 doi = {10.1145/1102351.1102394},
 editor = {Raedt, Luc De and Wrobel, Stefan},
 month = {August},
 note = {<https://doi.org/10.1145/1102351.1102394>},
 pages = {337–344},
 publisher = {ACM},
 series = {ACM International Conference Proceeding Series},
 title = {Learning approximate preconditions for methods in hierarchical plans},
 volume = {119},
 year = {2005}
}

@inproceedings{ireson2005evaluating,
 address = {Bonn, Germany},
 author = {Ireson, Neil and Ciravegna, Fabio and Califf, Mary Elaine and Freitag, Dayne and Kushmerick, Nicholas and Lavelli, Alberto},
 booktitle = {Machine Learning: Proceedings of the Twenty-Second International Conference (ICML)},
 doi = {10.1145/1102351.1102395},
 editor = {Raedt, Luc De and Wrobel, Stefan},
 month = {August},
 note = {<https://doi.org/10.1145/1102351.1102395>},
 openalex = {W2058316166},
 pages = {345–352},
 publisher = {ACM},
 series = {ACM International Conference Proceeding Series},
 title = {Evaluating machine learning for information extraction},
 volume = {119},
 year = {2005}
}

@inproceedings{jin2005learn,
 address = {Bonn, Germany},
 author = {Jin, Rong and Chai, Joyce Y. and Si, Luo},
 booktitle = {Machine Learning: Proceedings of the Twenty-Second International Conference (ICML)},
 doi = {10.1145/1102351.1102396},
 editor = {Raedt, Luc De and Wrobel, Stefan},
 month = {August},
 note = {<https://doi.org/10.1145/1102351.1102396>},
 openalex = {W2091384405},
 pages = {353–360},
 publisher = {ACM},
 series = {ACM International Conference Proceeding Series},
 title = {Learn to weight terms in information retrieval using category information},
 volume = {119},
 year = {2005}
}

@inproceedings{jin2005smoothed,
 address = {Bonn, Germany},
 author = {Jin, Rong and Zhang, Jian},
 booktitle = {Machine Learning: Proceedings of the Twenty-Second International Conference (ICML)},
 doi = {10.1145/1102351.1102397},
 editor = {Raedt, Luc De and Wrobel, Stefan},
 month = {August},
 note = {<https://doi.org/10.1145/1102351.1102397>},
 openalex = {W2001127259},
 pages = {361–368},
 publisher = {ACM},
 series = {ACM International Conference Proceeding Series},
 title = {A smoothed boosting algorithm using probabilistic output codes},
 volume = {119},
 year = {2005}
}

@inproceedings{jing2005efficient,
 address = {Bonn, Germany},
 author = {Jing, Yushi and Pavlovic, Vladimir and Rehg, James M.},
 booktitle = {Machine Learning: Proceedings of the Twenty-Second International Conference (ICML)},
 doi = {10.1145/1102351.1102398},
 editor = {Raedt, Luc De and Wrobel, Stefan},
 month = {August},
 note = {<https://doi.org/10.1145/1102351.1102398>},
 openalex = {W2098862607},
 pages = {369–376},
 publisher = {ACM},
 series = {ACM International Conference Proceeding Series},
 title = {Efficient discriminative learning of Bayesian network classifier via boosted augmented naive Bayes},
 volume = {119},
 year = {2005}
}

@inproceedings{joachims2005error,
 address = {Bonn, Germany},
 author = {Joachims, Thorsten and Hopcroft, John E.},
 booktitle = {Machine Learning: Proceedings of the Twenty-Second International Conference (ICML)},
 doi = {10.1145/1102351.1102400},
 editor = {Raedt, Luc De and Wrobel, Stefan},
 month = {August},
 note = {<https://doi.org/10.1145/1102351.1102400>},
 openalex = {W2124037793},
 pages = {385–392},
 publisher = {ACM},
 series = {ACM International Conference Proceeding Series},
 title = {Error bounds for correlation clustering},
 volume = {119},
 year = {2005}
}

@inproceedings{joachims2005support,
 address = {Bonn, Germany},
 author = {Joachims, Thorsten},
 booktitle = {Machine Learning: Proceedings of the Twenty-Second International Conference (ICML)},
 doi = {10.1145/1102351.1102399},
 editor = {Raedt, Luc De and Wrobel, Stefan},
 month = {August},
 note = {<https://doi.org/10.1145/1102351.1102399>},
 openalex = {W2070771761},
 pages = {377–384},
 publisher = {ACM},
 series = {ACM International Conference Proceeding Series},
 title = {A support vector method for multivariate performance measures},
 volume = {119},
 year = {2005}
}

@inproceedings{jodogne2005interactive,
 address = {Bonn, Germany},
 author = {Jodogne, Sébastien and Piater, Justus H.},
 booktitle = {Machine Learning: Proceedings of the Twenty-Second International Conference (ICML)},
 doi = {10.1145/1102351.1102401},
 editor = {Raedt, Luc De and Wrobel, Stefan},
 month = {August},
 note = {<https://doi.org/10.1145/1102351.1102401>},
 openalex = {W2128321349},
 pages = {393–400},
 publisher = {ACM},
 series = {ACM International Conference Proceeding Series},
 title = {Interactive learning of mappings from visual percepts to actions},
 volume = {119},
 year = {2005}
}

@inproceedings{jonsson2005causal,
 address = {Bonn, Germany},
 author = {Jonsson, Anders and Barto, Andrew G.},
 booktitle = {Machine Learning: Proceedings of the Twenty-Second International Conference (ICML)},
 doi = {10.1145/1102351.1102402},
 editor = {Raedt, Luc De and Wrobel, Stefan},
 month = {August},
 note = {<https://doi.org/10.1145/1102351.1102402>},
 openalex = {W2170198047},
 pages = {401–408},
 publisher = {ACM},
 series = {ACM International Conference Proceeding Series},
 title = {A causal approach to hierarchical decomposition of factored MDPs},
 volume = {119},
 year = {2005}
}

@inproceedings{kaariainen2005comparison,
 address = {Bonn, Germany},
 author = {Kääriäinen, Matti and Langford, John},
 booktitle = {Machine Learning: Proceedings of the Twenty-Second International Conference (ICML)},
 doi = {10.1145/1102351.1102403},
 editor = {Raedt, Luc De and Wrobel, Stefan},
 month = {August},
 note = {<https://doi.org/10.1145/1102351.1102403>},
 openalex = {W2106364249},
 pages = {409–416},
 publisher = {ACM},
 series = {ACM International Conference Proceeding Series},
 title = {A comparison of tight generalization error bounds},
 volume = {119},
 year = {2005}
}

@inproceedings{keerthi2005generalized,
 address = {Bonn, Germany},
 author = {Keerthi, S. Sathiya},
 booktitle = {Machine Learning: Proceedings of the Twenty-Second International Conference (ICML)},
 doi = {10.1145/1102351.1102404},
 editor = {Raedt, Luc De and Wrobel, Stefan},
 month = {August},
 note = {<https://doi.org/10.1145/1102351.1102404>},
 openalex = {W2027187790},
 pages = {417–424},
 publisher = {ACM},
 series = {ACM International Conference Proceeding Series},
 title = {Generalized LARS as an effective feature selection tool for text classification with SVMs},
 volume = {119},
 year = {2005}
}

@inproceedings{khoussainov2005ensembles,
 address = {Bonn, Germany},
 author = {Khoussainov, Rinat and Heß, Andreas and Kushmerick, Nicholas},
 booktitle = {Machine Learning: Proceedings of the Twenty-Second International Conference (ICML)},
 doi = {10.1145/1102351.1102405},
 editor = {Raedt, Luc De and Wrobel, Stefan},
 month = {August},
 note = {<https://doi.org/10.1145/1102351.1102405>},
 openalex = {W2046192825},
 pages = {425–432},
 publisher = {ACM},
 series = {ACM International Conference Proceeding Series},
 title = {Ensembles of biased classifiers},
 volume = {119},
 year = {2005}
}

@inproceedings{koivisto2005computational,
 address = {Bonn, Germany},
 author = {Koivisto, Mikko and Sood, Kismat},
 booktitle = {Machine Learning: Proceedings of the Twenty-Second International Conference (ICML)},
 doi = {10.1145/1102351.1102406},
 editor = {Raedt, Luc De and Wrobel, Stefan},
 month = {August},
 note = {<https://doi.org/10.1145/1102351.1102406>},
 openalex = {W2169669182},
 pages = {433–440},
 publisher = {ACM},
 series = {ACM International Conference Proceeding Series},
 title = {Computational aspects of Bayesian partition models},
 volume = {119},
 year = {2005}
}

@inproceedings{kok2005learning,
 address = {Bonn, Germany},
 author = {Kok, Stanley and Domingos, Pedro M.},
 booktitle = {Machine Learning: Proceedings of the Twenty-Second International Conference (ICML)},
 doi = {10.1145/1102351.1102407},
 editor = {Raedt, Luc De and Wrobel, Stefan},
 month = {August},
 note = {<https://doi.org/10.1145/1102351.1102407>},
 openalex = {W2121075864},
 pages = {441–448},
 publisher = {ACM},
 series = {ACM International Conference Proceeding Series},
 title = {Learning the structure of Markov logic networks},
 volume = {119},
 year = {2005}
}

@inproceedings{kolter2005using,
 address = {Bonn, Germany},
 author = {Kolter, Jeremy Z. and Maloof, Marcus A.},
 booktitle = {Machine Learning: Proceedings of the Twenty-Second International Conference (ICML)},
 doi = {10.1145/1102351.1102408},
 editor = {Raedt, Luc De and Wrobel, Stefan},
 month = {August},
 note = {<https://doi.org/10.1145/1102351.1102408>},
 pages = {449–456},
 publisher = {ACM},
 series = {ACM International Conference Proceeding Series},
 title = {Using additive expert ensembles to cope with concept drift},
 volume = {119},
 year = {2005}
}

@inproceedings{kulis2005semisupervised,
 address = {Bonn, Germany},
 author = {Kulis, Brian and Basu, Sugato and Dhillon, Inderjit S. and Mooney, Raymond J.},
 booktitle = {Machine Learning: Proceedings of the Twenty-Second International Conference (ICML)},
 doi = {10.1145/1102351.1102409},
 editor = {Raedt, Luc De and Wrobel, Stefan},
 month = {August},
 note = {<https://doi.org/10.1145/1102351.1102409>},
 openalex = {W2610360795},
 pages = {457–464},
 publisher = {ACM},
 series = {ACM International Conference Proceeding Series},
 title = {Semi-supervised graph clustering: a kernel approach},
 volume = {119},
 year = {2005}
}

@inproceedings{lal2005brain,
 address = {Bonn, Germany},
 author = {Lal, Thomas Navin and Schröder, Michael and Hill, N. Jeremy and Preißl, Hubert and Hinterberger, Thilo and Mellinger, Jürgen and Bogdan, Martin and Rosenstiel, Wolfgang and Hofmann, Thomas and Birbaumer, Niels and Schölkopf, Bernhard},
 booktitle = {Machine Learning: Proceedings of the Twenty-Second International Conference (ICML)},
 doi = {10.1145/1102351.1102410},
 editor = {Raedt, Luc De and Wrobel, Stefan},
 month = {August},
 note = {<https://doi.org/10.1145/1102351.1102410>},
 openalex = {W2158870704},
 pages = {465–472},
 publisher = {ACM},
 series = {ACM International Conference Proceeding Series},
 title = {A brain computer interface with online feedback based on magnetoencephalography},
 volume = {119},
 year = {2005}
}

@inproceedings{langford2005relating,
 address = {Bonn, Germany},
 author = {Langford, John and Zadrozny, Bianca},
 booktitle = {Machine Learning: Proceedings of the Twenty-Second International Conference (ICML)},
 doi = {10.1145/1102351.1102411},
 editor = {Raedt, Luc De and Wrobel, Stefan},
 month = {August},
 note = {<https://doi.org/10.1145/1102351.1102411>},
 openalex = {W2037199950},
 pages = {473–480},
 publisher = {ACM},
 series = {ACM International Conference Proceeding Series},
 title = {Relating reinforcement learning performance to classification performance},
 volume = {119},
 year = {2005}
}

@inproceedings{le2005heteroscedastic,
 address = {Bonn, Germany},
 author = {Le, Quoc V. and Alex and Smola, A. J. and Canu, Stéphane},
 booktitle = {Machine Learning: Proceedings of the Twenty-Second International Conference (ICML)},
 doi = {10.1145/1102351.1102413},
 editor = {Raedt, Luc De and Wrobel, Stefan},
 month = {August},
 note = {<https://doi.org/10.1145/1102351.1102413>},
 pages = {489–496},
 publisher = {ACM},
 series = {ACM International Conference Proceeding Series},
 title = {Heteroscedastic Gaussian process regression},
 volume = {119},
 year = {2005}
}

@inproceedings{leite2005predicting,
 address = {Bonn, Germany},
 author = {Leite, Rui and Brazdil, Pavel},
 booktitle = {Machine Learning: Proceedings of the Twenty-Second International Conference (ICML)},
 doi = {10.1145/1102351.1102414},
 editor = {Raedt, Luc De and Wrobel, Stefan},
 month = {August},
 note = {<https://doi.org/10.1145/1102351.1102414>},
 openalex = {W2108626634},
 pages = {497–503},
 publisher = {ACM},
 series = {ACM International Conference Proceeding Series},
 title = {Predicting relative performance of classifiers from samples},
 volume = {119},
 year = {2005}
}

@inproceedings{liao2005logistic,
 address = {Bonn, Germany},
 author = {Liao, Xuejun and Xue, Ya and Carin, Lawrence},
 booktitle = {Machine Learning: Proceedings of the Twenty-Second International Conference (ICML)},
 doi = {10.1145/1102351.1102415},
 editor = {Raedt, Luc De and Wrobel, Stefan},
 month = {August},
 note = {<https://doi.org/10.1145/1102351.1102415>},
 openalex = {W2050549724},
 pages = {505–512},
 publisher = {ACM},
 series = {ACM International Conference Proceeding Series},
 title = {Logistic regression with an auxiliary data source},
 volume = {119},
 year = {2005}
}

@inproceedings{liu2005predicting,
 address = {Bonn, Germany},
 author = {Liu, Yan and Xing, Eric P. and Carbonell, Jaime G.},
 booktitle = {Machine Learning: Proceedings of the Twenty-Second International Conference (ICML)},
 doi = {10.1145/1102351.1102416},
 editor = {Raedt, Luc De and Wrobel, Stefan},
 month = {August},
 note = {<https://doi.org/10.1145/1102351.1102416>},
 openalex = {W2130388061},
 pages = {513–520},
 publisher = {ACM},
 series = {ACM International Conference Proceeding Series},
 title = {Predicting protein folds with structural repeats using a chain graph model},
 volume = {119},
 year = {2005}
}

@inproceedings{long2005unsupervised,
 address = {Bonn, Germany},
 author = {Long, Philip M. and Varadan, Vinay and Gilman, Sarah and Treshock, Mark and Servedio, Rocco A.},
 booktitle = {Machine Learning: Proceedings of the Twenty-Second International Conference (ICML)},
 doi = {10.1145/1102351.1102417},
 editor = {Raedt, Luc De and Wrobel, Stefan},
 month = {August},
 note = {<https://doi.org/10.1145/1102351.1102417>},
 openalex = {W2112582434},
 pages = {521–528},
 publisher = {ACM},
 series = {ACM International Conference Proceeding Series},
 title = {Unsupervised evidence integration},
 volume = {119},
 year = {2005}
}

@inproceedings{lowd2005naive,
 address = {Bonn, Germany},
 author = {Lowd, Daniel and Domingos, Pedro M.},
 booktitle = {Machine Learning: Proceedings of the Twenty-Second International Conference (ICML)},
 doi = {10.1145/1102351.1102418},
 editor = {Raedt, Luc De and Wrobel, Stefan},
 month = {August},
 note = {<https://doi.org/10.1145/1102351.1102418>},
 openalex = {W2014711341},
 pages = {529–536},
 publisher = {ACM},
 series = {ACM International Conference Proceeding Series},
 title = {Naive Bayes models for probability estimation},
 volume = {119},
 year = {2005}
}

@inproceedings{macskassy2005roc,
 address = {Bonn, Germany},
 author = {Macskassy, Sofus A. and Provost, Foster J. and Rosset, Saharon},
 booktitle = {Machine Learning: Proceedings of the Twenty-Second International Conference (ICML)},
 doi = {10.1145/1102351.1102419},
 editor = {Raedt, Luc De and Wrobel, Stefan},
 month = {August},
 note = {<https://doi.org/10.1145/1102351.1102419>},
 pages = {537–544},
 publisher = {ACM},
 series = {ACM International Conference Proceeding Series},
 title = {ROC confidence bands: an empirical evaluation},
 volume = {119},
 year = {2005}
}

@inproceedings{madsen2005modeling,
 address = {Bonn, Germany},
 author = {Madsen, Rasmus Elsborg and Kauchak, David and Elkan, Charles},
 booktitle = {Machine Learning: Proceedings of the Twenty-Second International Conference (ICML)},
 doi = {10.1145/1102351.1102420},
 editor = {Raedt, Luc De and Wrobel, Stefan},
 month = {August},
 note = {<https://doi.org/10.1145/1102351.1102420>},
 openalex = {W2135631383},
 pages = {545–552},
 publisher = {ACM},
 series = {ACM International Conference Proceeding Series},
 title = {Modeling word burstiness using the Dirichlet distribution},
 volume = {119},
 year = {2005}
}

@inproceedings{mahadevan2005proto,
 address = {Bonn, Germany},
 author = {Mahadevan, Sridhar},
 booktitle = {Machine Learning: Proceedings of the Twenty-Second International Conference (ICML)},
 doi = {10.1145/1102351.1102421},
 editor = {Raedt, Luc De and Wrobel, Stefan},
 month = {August},
 note = {<https://doi.org/10.1145/1102351.1102421>},
 pages = {553–560},
 publisher = {ACM},
 series = {ACM International Conference Proceeding Series},
 title = {Proto-value functions: developmental reinforcement learning},
 volume = {119},
 year = {2005}
}

@inproceedings{mannor2005cross,
 address = {Bonn, Germany},
 author = {Mannor, Shie and Peleg, Dori and Rubinstein, Reuven Y.},
 booktitle = {Machine Learning: Proceedings of the Twenty-Second International Conference (ICML)},
 doi = {10.1145/1102351.1102422},
 editor = {Raedt, Luc De and Wrobel, Stefan},
 month = {August},
 note = {<https://doi.org/10.1145/1102351.1102422>},
 openalex = {W2116873850},
 pages = {561–568},
 publisher = {ACM},
 series = {ACM International Conference Proceeding Series},
 title = {The cross entropy method for classification},
 volume = {119},
 year = {2005}
}

@inproceedings{mcmahan2005bounded,
 address = {Bonn, Germany},
 author = {McMahan, H. Brendan and Likhachev, Maxim and Gordon, Geoffrey J.},
 booktitle = {Machine Learning: Proceedings of the Twenty-Second International Conference (ICML)},
 doi = {10.1145/1102351.1102423},
 editor = {Raedt, Luc De and Wrobel, Stefan},
 month = {August},
 note = {<https://doi.org/10.1145/1102351.1102423>},
 pages = {569–576},
 publisher = {ACM},
 series = {ACM International Conference Proceeding Series},
 title = {Bounded real-time dynamic programming: RTDP with monotone upper bounds and performance guarantees},
 volume = {119},
 year = {2005}
}

@inproceedings{meila2005comparing,
 address = {Bonn, Germany},
 author = {Meila, Marina},
 booktitle = {Machine Learning: Proceedings of the Twenty-Second International Conference (ICML)},
 doi = {10.1145/1102351.1102424},
 editor = {Raedt, Luc De and Wrobel, Stefan},
 month = {August},
 note = {<https://doi.org/10.1145/1102351.1102424>},
 openalex = {W3151530552},
 pages = {577–584},
 publisher = {ACM},
 series = {ACM International Conference Proceeding Series},
 title = {Comparing clusterings: an axiomatic view},
 volume = {119},
 year = {2005}
}

@inproceedings{menchetti2005weighted,
 address = {Bonn, Germany},
 author = {Menchetti, Sauro and Costa, Fabrizio and Frasconi, Paolo},
 booktitle = {Machine Learning: Proceedings of the Twenty-Second International Conference (ICML)},
 doi = {10.1145/1102351.1102425},
 editor = {Raedt, Luc De and Wrobel, Stefan},
 month = {August},
 note = {<https://doi.org/10.1145/1102351.1102425>},
 openalex = {W2017091502},
 pages = {585–592},
 publisher = {ACM},
 series = {ACM International Conference Proceeding Series},
 title = {Weighted decomposition kernels},
 volume = {119},
 year = {2005}
}

@inproceedings{michels2005high,
 address = {Bonn, Germany},
 author = {Michels, Jeff and Saxena, Ashutosh and Ng, Andrew Y.},
 booktitle = {Machine Learning: Proceedings of the Twenty-Second International Conference (ICML)},
 doi = {10.1145/1102351.1102426},
 editor = {Raedt, Luc De and Wrobel, Stefan},
 month = {August},
 note = {<https://doi.org/10.1145/1102351.1102426>},
 openalex = {W2132400125},
 pages = {593–600},
 publisher = {ACM},
 series = {ACM International Conference Proceeding Series},
 title = {High speed obstacle avoidance using monocular vision and reinforcement learning},
 volume = {119},
 year = {2005}
}

@inproceedings{natarajan2005dynamic,
 address = {Bonn, Germany},
 author = {Natarajan, Sriraam and Tadepalli, Prasad},
 booktitle = {Machine Learning: Proceedings of the Twenty-Second International Conference (ICML)},
 doi = {10.1145/1102351.1102427},
 editor = {Raedt, Luc De and Wrobel, Stefan},
 month = {August},
 note = {<https://doi.org/10.1145/1102351.1102427>},
 openalex = {W1998649829},
 pages = {601–608},
 publisher = {ACM},
 series = {ACM International Conference Proceeding Series},
 title = {Dynamic preferences in multi-criteria reinforcement learning},
 volume = {119},
 year = {2005}
}

@inproceedings{natarajan2005learning,
 address = {Bonn, Germany},
 author = {Natarajan, Sriraam and Tadepalli, Prasad and Altendorf, Eric and Dietterich, Thomas G. and Fern, Alan and Restificar, Angelo C.},
 booktitle = {Machine Learning: Proceedings of the Twenty-Second International Conference (ICML)},
 doi = {10.1145/1102351.1102428},
 editor = {Raedt, Luc De and Wrobel, Stefan},
 month = {August},
 note = {<https://doi.org/10.1145/1102351.1102428>},
 openalex = {W2088853743},
 pages = {609–616},
 publisher = {ACM},
 series = {ACM International Conference Proceeding Series},
 title = {Learning first-order probabilistic models with combining rules},
 volume = {119},
 year = {2005}
}

@inproceedings{nguyen2005efficient,
 address = {Bonn, Germany},
 author = {Nguyen, Duc Dung and Ho, Tu Bao},
 booktitle = {Machine Learning: Proceedings of the Twenty-Second International Conference (ICML)},
 doi = {10.1145/1102351.1102429},
 editor = {Raedt, Luc De and Wrobel, Stefan},
 month = {August},
 note = {<https://doi.org/10.1145/1102351.1102429>},
 openalex = {W1984500730},
 pages = {617–624},
 publisher = {ACM},
 series = {ACM International Conference Proceeding Series},
 title = {An efficient method for simplifying support vector machines},
 volume = {119},
 year = {2005}
}

@inproceedings{ontanon2005recycling,
 address = {Bonn, Germany},
 author = {Ontañón, Santiago and Plaza, Enric},
 booktitle = {Machine Learning: Proceedings of the Twenty-Second International Conference (ICML)},
 doi = {10.1145/1102351.1102431},
 editor = {Raedt, Luc De and Wrobel, Stefan},
 month = {August},
 note = {<https://doi.org/10.1145/1102351.1102431>},
 openalex = {W2103128753},
 pages = {633–640},
 publisher = {ACM},
 series = {ACM International Conference Proceeding Series},
 title = {Recycling data for multi-agent learning},
 volume = {119},
 year = {2005}
}

@inproceedings{paiement2005graphical,
 address = {Bonn, Germany},
 author = {Paiement, Jean-François and Eck, Douglas and Bengio, Samy and Barber, David},
 booktitle = {Machine Learning: Proceedings of the Twenty-Second International Conference (ICML)},
 doi = {10.1145/1102351.1102432},
 editor = {Raedt, Luc De and Wrobel, Stefan},
 month = {August},
 note = {<https://doi.org/10.1145/1102351.1102432>},
 openalex = {W2119422709},
 pages = {641–648},
 publisher = {ACM},
 series = {ACM International Conference Proceeding Series},
 title = {A graphical model for chord progressions embedded in a psychoacoustic space},
 volume = {119},
 year = {2005}
}

@inproceedings{paletta2005qlearning,
 address = {Bonn, Germany},
 author = {Paletta, Lucas and Fritz, Gerald and Seifert, Christin},
 booktitle = {Machine Learning: Proceedings of the Twenty-Second International Conference (ICML)},
 doi = {10.1145/1102351.1102433},
 editor = {Raedt, Luc De and Wrobel, Stefan},
 month = {August},
 note = {<https://doi.org/10.1145/1102351.1102433>},
 openalex = {W2138068405},
 pages = {649–656},
 publisher = {ACM},
 series = {ACM International Conference Proceeding Series},
 title = {Q-learning of sequential attention for visual object recognition from informative local descriptors},
 volume = {119},
 year = {2005}
}

@inproceedings{pernkopf2005discriminative,
 address = {Bonn, Germany},
 author = {Pernkopf, Franz and Bilmes, Jeff A.},
 booktitle = {Machine Learning: Proceedings of the Twenty-Second International Conference (ICML)},
 doi = {10.1145/1102351.1102434},
 editor = {Raedt, Luc De and Wrobel, Stefan},
 month = {August},
 note = {<https://doi.org/10.1145/1102351.1102434>},
 openalex = {W2031357797},
 pages = {657–664},
 publisher = {ACM},
 series = {ACM International Conference Proceeding Series},
 title = {Discriminative versus generative parameter and structure learning of Bayesian network classifiers},
 volume = {119},
 year = {2005}
}

@inproceedings{pietraszek2005optimizing,
 address = {Bonn, Germany},
 author = {Pietraszek, Tadeusz},
 booktitle = {Machine Learning: Proceedings of the Twenty-Second International Conference (ICML)},
 doi = {10.1145/1102351.1102435},
 editor = {Raedt, Luc De and Wrobel, Stefan},
 month = {August},
 note = {<https://doi.org/10.1145/1102351.1102435>},
 openalex = {W2100064533},
 pages = {665–672},
 publisher = {ACM},
 series = {ACM International Conference Proceeding Series},
 title = {Optimizing abstaining classifiers using ROC analysis},
 volume = {119},
 year = {2005}
}

@inproceedings{poczos2005independent,
 address = {Bonn, Germany},
 author = {Póczos, Barnabás and Lőrincz, András},
 booktitle = {Machine Learning: Proceedings of the Twenty-Second International Conference (ICML)},
 doi = {10.1145/1102351.1102436},
 editor = {Raedt, Luc De and Wrobel, Stefan},
 month = {August},
 note = {<https://doi.org/10.1145/1102351.1102436>},
 openalex = {W1970618826},
 pages = {673–680},
 publisher = {ACM},
 series = {ACM International Conference Proceeding Series},
 title = {Independent subspace analysis using geodesic spanning trees},
 volume = {119},
 year = {2005}
}

@inproceedings{ramakrishnan2005model,
 address = {Bonn, Germany},
 author = {Ramakrishnan, Ganesh and Chitrapura, Krishna Prasad and Krishnapuram, Raghu and Bhattacharyya, Pushpak},
 booktitle = {Machine Learning: Proceedings of the Twenty-Second International Conference (ICML)},
 doi = {10.1145/1102351.1102437},
 editor = {Raedt, Luc De and Wrobel, Stefan},
 month = {August},
 note = {<https://doi.org/10.1145/1102351.1102437>},
 openalex = {W2114545736},
 pages = {681–688},
 publisher = {ACM},
 series = {ACM International Conference Proceeding Series},
 title = {A model for handling approximate, noisy or incomplete labeling in text classification},
 volume = {119},
 year = {2005}
}

@inproceedings{rasmussen2005healing,
 address = {Bonn, Germany},
 author = {Rasmussen, Carl Edward and Quiñonero-Candela, Joaquin},
 booktitle = {Machine Learning: Proceedings of the Twenty-Second International Conference (ICML)},
 doi = {10.1145/1102351.1102438},
 editor = {Raedt, Luc De and Wrobel, Stefan},
 month = {August},
 note = {<https://doi.org/10.1145/1102351.1102438>},
 openalex = {W2101709642},
 pages = {689–696},
 publisher = {ACM},
 series = {ACM International Conference Proceeding Series},
 title = {Healing the relevance vector machine through augmentation},
 volume = {119},
 year = {2005}
}

@inproceedings{ray2005generalized,
 address = {Bonn, Germany},
 author = {Ray, Soumya and Page, David},
 booktitle = {Machine Learning: Proceedings of the Twenty-Second International Conference (ICML)},
 doi = {10.1145/1102351.1102440},
 editor = {Raedt, Luc De and Wrobel, Stefan},
 month = {August},
 note = {<https://doi.org/10.1145/1102351.1102440>},
 openalex = {W2157033466},
 pages = {705–712},
 publisher = {ACM},
 series = {ACM International Conference Proceeding Series},
 title = {Generalized skewing for functions with continuous and nominal attributes},
 volume = {119},
 year = {2005}
}

@inproceedings{ray2005supervised,
 address = {Bonn, Germany},
 author = {Ray, Soumya and Craven, Mark},
 booktitle = {Machine Learning: Proceedings of the Twenty-Second International Conference (ICML)},
 doi = {10.1145/1102351.1102439},
 editor = {Raedt, Luc De and Wrobel, Stefan},
 month = {August},
 note = {<https://doi.org/10.1145/1102351.1102439>},
 pages = {697–704},
 publisher = {ACM},
 series = {ACM International Conference Proceeding Series},
 title = {Supervised versus multiple instance learning: an empirical comparison},
 volume = {119},
 year = {2005}
}

@inproceedings{rennie2005fast,
 address = {Bonn, Germany},
 author = {Rennie, Jason D. M. and Srebro, Nathan},
 booktitle = {Machine Learning: Proceedings of the Twenty-Second International Conference (ICML)},
 doi = {10.1145/1102351.1102441},
 editor = {Raedt, Luc De and Wrobel, Stefan},
 month = {August},
 note = {<https://doi.org/10.1145/1102351.1102441>},
 openalex = {W1976618413},
 pages = {713–719},
 publisher = {ACM},
 series = {ACM International Conference Proceeding Series},
 title = {Fast maximum margin matrix factorization for collaborative prediction},
 volume = {119},
 year = {2005}
}

@inproceedings{rohanimanesh2005coarticulation,
 address = {Bonn, Germany},
 author = {Rohanimanesh, Khashayar and Mahadevan, Sridhar},
 booktitle = {Machine Learning: Proceedings of the Twenty-Second International Conference (ICML)},
 doi = {10.1145/1102351.1102442},
 editor = {Raedt, Luc De and Wrobel, Stefan},
 month = {August},
 note = {<https://doi.org/10.1145/1102351.1102442>},
 openalex = {W1997561154},
 pages = {720–727},
 publisher = {ACM},
 series = {ACM International Conference Proceeding Series},
 title = {Coarticulation: an approach for generating concurrent plans in Markov decision processes},
 volume = {119},
 year = {2005}
}

@inproceedings{rosell2005why,
 address = {Bonn, Germany},
 author = {Rosell, Bernard and Hellerstein, Lisa and Ray, Soumya and Page, David},
 booktitle = {Machine Learning: Proceedings of the Twenty-Second International Conference (ICML)},
 doi = {10.1145/1102351.1102443},
 editor = {Raedt, Luc De and Wrobel, Stefan},
 month = {August},
 note = {<https://doi.org/10.1145/1102351.1102443>},
 pages = {728–735},
 publisher = {ACM},
 series = {ACM International Conference Proceeding Series},
 title = {Why skewing works: learning difficult Boolean functions with greedy tree learners},
 volume = {119},
 year = {2005}
}

@inproceedings{roth2005integer,
 address = {Bonn, Germany},
 author = {Roth, Dan and Yih, Wen-tau},
 booktitle = {Machine Learning: Proceedings of the Twenty-Second International Conference (ICML)},
 doi = {10.1145/1102351.1102444},
 editor = {Raedt, Luc De and Wrobel, Stefan},
 month = {August},
 note = {<https://doi.org/10.1145/1102351.1102444>},
 openalex = {W2141732516},
 pages = {736–743},
 publisher = {ACM},
 series = {ACM International Conference Proceeding Series},
 title = {Integer linear programming inference for conditional random fields},
 volume = {119},
 year = {2005}
}

@inproceedings{rousu2005learning,
 address = {Bonn, Germany},
 author = {Rousu, Juho and Saunders, Craig and Szedmák, Sándor and Shawe-Taylor, John},
 booktitle = {Machine Learning: Proceedings of the Twenty-Second International Conference (ICML)},
 doi = {10.1145/1102351.1102445},
 editor = {Raedt, Luc De and Wrobel, Stefan},
 month = {August},
 note = {<https://doi.org/10.1145/1102351.1102445>},
 openalex = {W2132826100},
 pages = {744–751},
 publisher = {ACM},
 series = {ACM International Conference Proceeding Series},
 title = {Learning hierarchical multi-category text classification models},
 volume = {119},
 year = {2005}
}

@inproceedings{sajama2005estimating,
 address = {Bonn, Germany},
 author = {Sajama, and Orlitsky, Alon},
 booktitle = {Machine Learning: Proceedings of the Twenty-Second International Conference (ICML)},
 doi = {10.1145/1102351.1102447},
 editor = {Raedt, Luc De and Wrobel, Stefan},
 month = {August},
 note = {<https://doi.org/10.1145/1102351.1102447>},
 openalex = {W2065409549},
 pages = {760–767},
 publisher = {ACM},
 series = {ACM International Conference Proceeding Series},
 title = {Estimating and computing density based distance metrics},
 volume = {119},
 year = {2005}
}

@inproceedings{sajama2005supervised,
 address = {Bonn, Germany},
 author = {Sajama, and Orlitsky, Alon},
 booktitle = {Machine Learning: Proceedings of the Twenty-Second International Conference (ICML)},
 doi = {10.1145/1102351.1102448},
 editor = {Raedt, Luc De and Wrobel, Stefan},
 month = {August},
 note = {<https://doi.org/10.1145/1102351.1102448>},
 openalex = {W2141669543},
 pages = {768–775},
 publisher = {ACM},
 series = {ACM International Conference Proceeding Series},
 title = {Supervised dimensionality reduction using mixture models},
 volume = {119},
 year = {2005}
}

@inproceedings{salojarvi2005expectation,
 address = {Bonn, Germany},
 author = {Salojärvi, Jarkko and Puolamäki, Kai and Kaski, Samuel},
 booktitle = {Machine Learning: Proceedings of the Twenty-Second International Conference (ICML)},
 doi = {10.1145/1102351.1102446},
 editor = {Raedt, Luc De and Wrobel, Stefan},
 month = {August},
 note = {<https://doi.org/10.1145/1102351.1102446>},
 openalex = {W2151705678},
 pages = {752–759},
 publisher = {ACM},
 series = {ACM International Conference Proceeding Series},
 title = {Expectation maximization algorithms for conditional likelihoods},
 volume = {119},
 year = {2005}
}

@inproceedings{scholkopf2005object,
 address = {Bonn, Germany},
 author = {Schölkopf, Bernhard and Steinke, Florian and Blanz, Volker},
 booktitle = {Machine Learning: Proceedings of the Twenty-Second International Conference (ICML)},
 doi = {10.1145/1102351.1102449},
 editor = {Raedt, Luc De and Wrobel, Stefan},
 month = {August},
 note = {<https://doi.org/10.1145/1102351.1102449>},
 openalex = {W2109705661},
 pages = {776–783},
 publisher = {ACM},
 series = {ACM International Conference Proceeding Series},
 title = {Object correspondence as a machine learning problem},
 volume = {119},
 year = {2005}
}

@inproceedings{sha2005analysis,
 address = {Bonn, Germany},
 author = {Sha, Fei and Saul, Lawrence K.},
 booktitle = {Machine Learning: Proceedings of the Twenty-Second International Conference (ICML)},
 doi = {10.1145/1102351.1102450},
 editor = {Raedt, Luc De and Wrobel, Stefan},
 month = {August},
 note = {<https://doi.org/10.1145/1102351.1102450>},
 openalex = {W2035990705},
 pages = {784–791},
 publisher = {ACM},
 series = {ACM International Conference Proceeding Series},
 title = {Analysis and extension of spectral methods for nonlinear dimensionality reduction},
 volume = {119},
 year = {2005}
}

@inproceedings{shashua2005nonnegative,
 address = {Bonn, Germany},
 author = {Shashua, Amnon and Hazan, Tamir},
 booktitle = {Machine Learning: Proceedings of the Twenty-Second International Conference (ICML)},
 doi = {10.1145/1102351.1102451},
 editor = {Raedt, Luc De and Wrobel, Stefan},
 month = {August},
 note = {<https://doi.org/10.1145/1102351.1102451>},
 openalex = {W2144920235},
 pages = {792–799},
 publisher = {ACM},
 series = {ACM International Conference Proceeding Series},
 title = {Non-negative tensor factorization with applications to statistics and computer vision},
 volume = {119},
 year = {2005}
}

@inproceedings{siddiqi2005fast,
 address = {Bonn, Germany},
 author = {Siddiqi, Sajid M. and Moore, Andrew W.},
 booktitle = {Machine Learning: Proceedings of the Twenty-Second International Conference (ICML)},
 doi = {10.1145/1102351.1102452},
 editor = {Raedt, Luc De and Wrobel, Stefan},
 month = {August},
 note = {<https://doi.org/10.1145/1102351.1102452>},
 openalex = {W2165849002},
 pages = {800–807},
 publisher = {ACM},
 series = {ACM International Conference Proceeding Series},
 title = {Fast inference and learning in large-state-space HMMs},
 volume = {119},
 year = {2005}
}

@inproceedings{silva2005new,
 address = {Bonn, Germany},
 author = {Silva, Ricardo Bezerra de Andrade e and Scheines, Richard},
 booktitle = {Machine Learning: Proceedings of the Twenty-Second International Conference (ICML)},
 doi = {10.1145/1102351.1102453},
 editor = {Raedt, Luc De and Wrobel, Stefan},
 month = {August},
 note = {<https://doi.org/10.1145/1102351.1102453>},
 pages = {808–815},
 publisher = {ACM},
 series = {ACM International Conference Proceeding Series},
 title = {New d-separation identification results for learning continuous latent variable models},
 volume = {119},
 year = {2005}
}

@inproceedings{simsek2005identifying,
 address = {Bonn, Germany},
 author = {Simsek, Özgür and Wolfe, Alicia P. and Barto, Andrew G.},
 booktitle = {Machine Learning: Proceedings of the Twenty-Second International Conference (ICML)},
 doi = {10.1145/1102351.1102454},
 editor = {Raedt, Luc De and Wrobel, Stefan},
 month = {August},
 note = {<https://doi.org/10.1145/1102351.1102454>},
 openalex = {W2090170171},
 pages = {816–823},
 publisher = {ACM},
 series = {ACM International Conference Proceeding Series},
 title = {Identifying useful subgoals in reinforcement learning by local graph partitioning},
 volume = {119},
 year = {2005}
}

@inproceedings{sindhwani2005beyond,
 address = {Bonn, Germany},
 author = {Sindhwani, Vikas and Niyogi, Partha and Belkin, Mikhail},
 booktitle = {Machine Learning: Proceedings of the Twenty-Second International Conference (ICML)},
 doi = {10.1145/1102351.1102455},
 editor = {Raedt, Luc De and Wrobel, Stefan},
 month = {August},
 note = {<https://doi.org/10.1145/1102351.1102455>},
 pages = {824–831},
 publisher = {ACM},
 series = {ACM International Conference Proceeding Series},
 title = {Beyond the point cloud: from transductive to semi-supervised learning},
 volume = {119},
 year = {2005}
}

@inproceedings{singh2005active,
 address = {Bonn, Germany},
 author = {Singh, Rohit and Palmer, Nathan P. and Gifford, David K. and Bar-Joseph, Ziv},
 booktitle = {Machine Learning: Proceedings of the Twenty-Second International Conference (ICML)},
 doi = {10.1145/1102351.1102456},
 editor = {Raedt, Luc De and Wrobel, Stefan},
 month = {August},
 note = {<https://doi.org/10.1145/1102351.1102456>},
 openalex = {W2022090300},
 pages = {832–839},
 publisher = {ACM},
 series = {ACM International Conference Proceeding Series},
 title = {Active learning for sampling in time-series experiments with application to gene expression analysis},
 volume = {119},
 year = {2005}
}

@inproceedings{snelson2005compact,
 address = {Bonn, Germany},
 author = {Snelson, Edward Lloyd and Ghahramani, Zoubin},
 booktitle = {Machine Learning: Proceedings of the Twenty-Second International Conference (ICML)},
 doi = {10.1145/1102351.1102457},
 editor = {Raedt, Luc De and Wrobel, Stefan},
 month = {August},
 note = {<https://doi.org/10.1145/1102351.1102457>},
 pages = {840–847},
 publisher = {ACM},
 series = {ACM International Conference Proceeding Series},
 title = {Compact approximations to Bayesian predictive distributions},
 volume = {119},
 year = {2005}
}

@inproceedings{sonnenburg2005large,
 address = {Bonn, Germany},
 author = {Sonnenburg, Sören and Rätsch, Gunnar and Schölkopf, Bernhard},
 booktitle = {Machine Learning: Proceedings of the Twenty-Second International Conference (ICML)},
 doi = {10.1145/1102351.1102458},
 editor = {Raedt, Luc De and Wrobel, Stefan},
 month = {August},
 note = {<https://doi.org/10.1145/1102351.1102458>},
 openalex = {W2016202965},
 pages = {848–855},
 publisher = {ACM},
 series = {ACM International Conference Proceeding Series},
 title = {Large scale genomic sequence SVM classifiers},
 volume = {119},
 year = {2005}
}

@inproceedings{sun2005explanationauged,
 address = {Bonn, Germany},
 author = {Sun, Qiang and DeJong, Gerald},
 booktitle = {Machine Learning: Proceedings of the Twenty-Second International Conference (ICML)},
 doi = {10.1145/1102351.1102460},
 editor = {Raedt, Luc De and Wrobel, Stefan},
 month = {August},
 note = {<https://doi.org/10.1145/1102351.1102460>},
 openalex = {W2162096170},
 pages = {864–871},
 publisher = {ACM},
 series = {ACM International Conference Proceeding Series},
 title = {Explanation-Augmented SVM: an approach to incorporating domain knowledge into SVM learning},
 volume = {119},
 year = {2005}
}

@inproceedings{sun2005unifying,
 address = {Bonn, Germany},
 author = {Sun, Yijun and Todorovic, Sinisa and Li, Jian and Wu, Dapeng},
 booktitle = {Machine Learning: Proceedings of the Twenty-Second International Conference (ICML)},
 doi = {10.1145/1102351.1102461},
 editor = {Raedt, Luc De and Wrobel, Stefan},
 month = {August},
 note = {<https://doi.org/10.1145/1102351.1102461>},
 openalex = {W2060674308},
 pages = {872–879},
 publisher = {ACM},
 series = {ACM International Conference Proceeding Series},
 title = {Unifying the error-correcting and output-code AdaBoost within the margin framework},
 volume = {119},
 year = {2005}
}

@inproceedings{szepesvari2005finite,
 address = {Bonn, Germany},
 author = {Szepesvári, Csaba and Munos, Rémi},
 booktitle = {Machine Learning: Proceedings of the Twenty-Second International Conference (ICML)},
 doi = {10.1145/1102351.1102462},
 editor = {Raedt, Luc De and Wrobel, Stefan},
 month = {August},
 note = {<https://doi.org/10.1145/1102351.1102462>},
 openalex = {W2122689259},
 pages = {880–887},
 publisher = {ACM},
 series = {ACM International Conference Proceeding Series},
 title = {Finite time bounds for sampling based fitted value iteration},
 volume = {119},
 year = {2005}
}

@inproceedings{tanner2005tdlambda,
 address = {Bonn, Germany},
 author = {Tanner, Brian and Sutton, Richard S.},
 booktitle = {Machine Learning: Proceedings of the Twenty-Second International Conference (ICML)},
 doi = {10.1145/1102351.1102463},
 editor = {Raedt, Luc De and Wrobel, Stefan},
 month = {August},
 note = {<https://doi.org/10.1145/1102351.1102463>},
 pages = {888–895},
 publisher = {ACM},
 series = {ACM International Conference Proceeding Series},
 title = {TD(lambda) networks: temporal-difference networks with eligibility traces},
 volume = {119},
 year = {2005}
}

@inproceedings{taskar2005learning,
 address = {Bonn, Germany},
 author = {Taskar, Benjamin and Chatalbashev, Vassil and Koller, Daphne and Guestrin, Carlos},
 booktitle = {Machine Learning: Proceedings of the Twenty-Second International Conference (ICML)},
 doi = {10.1145/1102351.1102464},
 editor = {Raedt, Luc De and Wrobel, Stefan},
 month = {August},
 note = {<https://doi.org/10.1145/1102351.1102464>},
 pages = {896–903},
 publisher = {ACM},
 series = {ACM International Conference Proceeding Series},
 title = {Learning structured prediction models: a large margin approach},
 volume = {119},
 year = {2005}
}

@inproceedings{toussaint2005learning,
 address = {Bonn, Germany},
 author = {Toussaint, Marc and Vijayakumar, Sethu},
 booktitle = {Machine Learning: Proceedings of the Twenty-Second International Conference (ICML)},
 doi = {10.1145/1102351.1102465},
 editor = {Raedt, Luc De and Wrobel, Stefan},
 month = {August},
 note = {<https://doi.org/10.1145/1102351.1102465>},
 openalex = {W2055630372},
 pages = {904–911},
 publisher = {ACM},
 series = {ACM International Conference Proceeding Series},
 title = {Learning discontinuities with products-of-sigmoids for switching between local models},
 volume = {119},
 year = {2005}
}

@inproceedings{tsang2005core,
 address = {Bonn, Germany},
 author = {Tsang, Ivor W. and Kwok, James T. and Lai, Kimo T.},
 booktitle = {Machine Learning: Proceedings of the Twenty-Second International Conference (ICML)},
 doi = {10.1145/1102351.1102466},
 editor = {Raedt, Luc De and Wrobel, Stefan},
 month = {August},
 note = {<https://doi.org/10.1145/1102351.1102466>},
 openalex = {W2014247110},
 pages = {912–919},
 publisher = {ACM},
 series = {ACM International Conference Proceeding Series},
 title = {Core Vector Regression for very large regression problems},
 volume = {119},
 year = {2005}
}

@inproceedings{tsuda2005propagating,
 address = {Bonn, Germany},
 author = {Tsuda, Koji},
 booktitle = {Machine Learning: Proceedings of the Twenty-Second International Conference (ICML)},
 doi = {10.1145/1102351.1102467},
 editor = {Raedt, Luc De and Wrobel, Stefan},
 month = {August},
 note = {<https://doi.org/10.1145/1102351.1102467>},
 openalex = {W2086272905},
 pages = {920–927},
 publisher = {ACM},
 series = {ACM International Conference Proceeding Series},
 title = {Propagating distributions on a hypergraph by dual information regularization},
 volume = {119},
 year = {2005}
}

@inproceedings{veeramachaneni2005hierarchical,
 address = {Bonn, Germany},
 author = {Veeramachaneni, Sriharsha and Sona, Diego and Avesani, Paolo},
 booktitle = {Machine Learning: Proceedings of the Twenty-Second International Conference (ICML)},
 doi = {10.1145/1102351.1102468},
 editor = {Raedt, Luc De and Wrobel, Stefan},
 month = {August},
 note = {<https://doi.org/10.1145/1102351.1102468>},
 openalex = {W2118722427},
 pages = {928–935},
 publisher = {ACM},
 series = {ACM International Conference Proceeding Series},
 title = {Hierarchical Dirichlet model for document classification},
 volume = {119},
 year = {2005}
}

@inproceedings{walder2005implicit,
 address = {Bonn, Germany},
 author = {Walder, Christian and Chapelle, Olivier and Schölkopf, Bernhard},
 booktitle = {Machine Learning: Proceedings of the Twenty-Second International Conference (ICML)},
 doi = {10.1145/1102351.1102469},
 editor = {Raedt, Luc De and Wrobel, Stefan},
 month = {August},
 note = {<https://doi.org/10.1145/1102351.1102469>},
 openalex = {W2106960982},
 pages = {936–939},
 publisher = {ACM},
 series = {ACM International Conference Proceeding Series},
 title = {Implicit surface modelling as an eigenvalue problem},
 volume = {119},
 year = {2005}
}

@inproceedings{wang2005bayesian,
 address = {Bonn, Germany},
 author = {Wang, Tao and Lizotte, Daniel J. and Bowling, Michael H. and Schuurmans, Dale},
 booktitle = {Machine Learning: Proceedings of the Twenty-Second International Conference (ICML)},
 doi = {10.1145/1102351.1102472},
 editor = {Raedt, Luc De and Wrobel, Stefan},
 month = {August},
 note = {<https://doi.org/10.1145/1102351.1102472>},
 openalex = {W2071814471},
 pages = {956–963},
 publisher = {ACM},
 series = {ACM International Conference Proceeding Series},
 title = {Bayesian sparse sampling for on-line reward optimization},
 volume = {119},
 year = {2005}
}

@inproceedings{wang2005exploiting,
 address = {Bonn, Germany},
 author = {Wang, Shaojun and Wang, Shaomin and Greiner, Russell and Schuurmans, Dale and Cheng, Li},
 booktitle = {Machine Learning: Proceedings of the Twenty-Second International Conference (ICML)},
 doi = {10.1145/1102351.1102471},
 editor = {Raedt, Luc De and Wrobel, Stefan},
 month = {August},
 note = {<https://doi.org/10.1145/1102351.1102471>},
 openalex = {W2079164875},
 pages = {948–955},
 publisher = {ACM},
 series = {ACM International Conference Proceeding Series},
 title = {Exploiting syntactic, semantic and lexical regularities in language modeling via directed Markov random fields},
 volume = {119},
 year = {2005}
}

@inproceedings{wang2005kernels,
 address = {Bonn, Germany},
 author = {Wang, Chang and Scott, Stephen D.},
 booktitle = {Machine Learning: Proceedings of the Twenty-Second International Conference (ICML)},
 doi = {10.1145/1102351.1102470},
 editor = {Raedt, Luc De and Wrobel, Stefan},
 month = {August},
 note = {<https://doi.org/10.1145/1102351.1102470>},
 openalex = {W2109521274},
 pages = {940–947},
 publisher = {ACM},
 series = {ACM International Conference Proceeding Series},
 title = {New kernels for protein structural motif discovery and function classification},
 volume = {119},
 year = {2005}
}

@inproceedings{wiewiora2005learning,
 address = {Bonn, Germany},
 author = {Wiewiora, Eric},
 booktitle = {Machine Learning: Proceedings of the Twenty-Second International Conference (ICML)},
 doi = {10.1145/1102351.1102473},
 editor = {Raedt, Luc De and Wrobel, Stefan},
 month = {August},
 note = {<https://doi.org/10.1145/1102351.1102473>},
 openalex = {W2058853801},
 pages = {964–971},
 publisher = {ACM},
 series = {ACM International Conference Proceeding Series},
 title = {Learning predictive representations from a history},
 volume = {119},
 year = {2005}
}

@inproceedings{williams2005incompletedata,
 address = {Bonn, Germany},
 author = {Williams, David and Liao, Xuejun and Xue, Ya and Carin, Lawrence},
 booktitle = {Machine Learning: Proceedings of the Twenty-Second International Conference (ICML)},
 doi = {10.1145/1102351.1102474},
 editor = {Raedt, Luc De and Wrobel, Stefan},
 month = {August},
 note = {<https://doi.org/10.1145/1102351.1102474>},
 openalex = {W2094685358},
 pages = {972–979},
 publisher = {ACM},
 series = {ACM International Conference Proceeding Series},
 title = {Incomplete-data classification using logistic regression},
 volume = {119},
 year = {2005}
}

@inproceedings{wolfe2005learning,
 address = {Bonn, Germany},
 author = {Wolfe, Britton and James, Michael R. and Singh, Satinder},
 booktitle = {Machine Learning: Proceedings of the Twenty-Second International Conference (ICML)},
 doi = {10.1145/1102351.1102475},
 editor = {Raedt, Luc De and Wrobel, Stefan},
 month = {August},
 note = {<https://doi.org/10.1145/1102351.1102475>},
 openalex = {W2042830238},
 pages = {980–987},
 publisher = {ACM},
 series = {ACM International Conference Proceeding Series},
 title = {Learning predictive state representations in dynamical systems without reset},
 volume = {119},
 year = {2005}
}

@inproceedings{wu2005building,
 address = {Bonn, Germany},
 author = {Wu, Mingrui and Schölkopf, Bernhard and Bakir, Gökhan H.},
 booktitle = {Machine Learning: Proceedings of the Twenty-Second International Conference (ICML)},
 doi = {10.1145/1102351.1102477},
 editor = {Raedt, Luc De and Wrobel, Stefan},
 month = {August},
 note = {<https://doi.org/10.1145/1102351.1102477>},
 openalex = {W2158978974},
 pages = {996–1003},
 publisher = {ACM},
 series = {ACM International Conference Proceeding Series},
 title = {Building Sparse Large Margin Classifiers},
 volume = {119},
 year = {2005}
}

@inproceedings{wu2005linear,
 address = {Bonn, Germany},
 author = {Wu, Jianxin and Mullin, Matthew D. and Rehg, James M.},
 booktitle = {Machine Learning: Proceedings of the Twenty-Second International Conference (ICML)},
 doi = {10.1145/1102351.1102476},
 editor = {Raedt, Luc De and Wrobel, Stefan},
 month = {August},
 note = {<https://doi.org/10.1145/1102351.1102476>},
 openalex = {W1977848238},
 pages = {988–995},
 publisher = {ACM},
 series = {ACM International Conference Proceeding Series},
 title = {Linear Asymmetric Classifier for cascade detectors},
 volume = {119},
 year = {2005}
}

@inproceedings{xu2005dirichlet,
 address = {Bonn, Germany},
 author = {Xu, Zhao and Tresp, Volker and Yu, Kai and Yu, Shipeng and Kriegel, Hans-Peter},
 booktitle = {Machine Learning: Proceedings of the Twenty-Second International Conference (ICML)},
 doi = {10.1145/1102351.1102478},
 editor = {Raedt, Luc De and Wrobel, Stefan},
 month = {August},
 note = {<https://doi.org/10.1145/1102351.1102478>},
 openalex = {W2103574271},
 pages = {1004–1011},
 publisher = {ACM},
 series = {ACM International Conference Proceeding Series},
 title = {Dirichlet enhanced relational learning},
 volume = {119},
 year = {2005}
}

@inproceedings{yu2005learning,
 address = {Bonn, Germany},
 author = {Yu, Kai and Tresp, Volker and Schwaighofer, Anton},
 booktitle = {Machine Learning: Proceedings of the Twenty-Second International Conference (ICML)},
 doi = {10.1145/1102351.1102479},
 editor = {Raedt, Luc De and Wrobel, Stefan},
 month = {August},
 note = {<https://doi.org/10.1145/1102351.1102479>},
 openalex = {W2148522164},
 pages = {1012–1019},
 publisher = {ACM},
 series = {ACM International Conference Proceeding Series},
 title = {Learning Gaussian processes from multiple tasks},
 volume = {119},
 year = {2005}
}

@inproceedings{zhang2005augmenting,
 address = {Bonn, Germany},
 author = {Zhang, Harry and Jiang, Liangxiao and Su, Jiang},
 booktitle = {Machine Learning: Proceedings of the Twenty-Second International Conference (ICML)},
 doi = {10.1145/1102351.1102480},
 editor = {Raedt, Luc De and Wrobel, Stefan},
 month = {August},
 note = {<https://doi.org/10.1145/1102351.1102480>},
 pages = {1020–1027},
 publisher = {ACM},
 series = {ACM International Conference Proceeding Series},
 title = {Augmenting naive Bayes for ranking},
 volume = {119},
 year = {2005}
}

@inproceedings{zhou2005learning,
 address = {Bonn, Germany},
 author = {Zhou, Dengyong and Huang, Jiayuan and Schölkopf, Bernhard},
 booktitle = {Machine Learning: Proceedings of the Twenty-Second International Conference (ICML)},
 doi = {10.1145/1102351.1102482},
 editor = {Raedt, Luc De and Wrobel, Stefan},
 month = {August},
 note = {<https://doi.org/10.1145/1102351.1102482>},
 openalex = {W2165922980},
 pages = {1036–1043},
 publisher = {ACM},
 series = {ACM International Conference Proceeding Series},
 title = {Learning from labeled and unlabeled data on a directed graph},
 volume = {119},
 year = {2005}
}

@inproceedings{zhou2005new,
 address = {Bonn, Germany},
 author = {Zhou, Ding and Li, Jia and Zha, Hongyuan},
 booktitle = {Machine Learning: Proceedings of the Twenty-Second International Conference (ICML)},
 doi = {10.1145/1102351.1102481},
 editor = {Raedt, Luc De and Wrobel, Stefan},
 month = {August},
 note = {<https://doi.org/10.1145/1102351.1102481>},
 openalex = {W2039682702},
 pages = {1028–1035},
 publisher = {ACM},
 series = {ACM International Conference Proceeding Series},
 title = {A new Mallows distance based metric for comparing clusterings},
 volume = {119},
 year = {2005}
}

@inproceedings{zhu20052d,
 address = {Bonn, Germany},
 author = {Zhu, Jun and Nie, Zaiqing and Wen, Ji-Rong and Zhang, Bo and Ma, Wei-Ying},
 booktitle = {Machine Learning: Proceedings of the Twenty-Second International Conference (ICML)},
 doi = {10.1145/1102351.1102483},
 editor = {Raedt, Luc De and Wrobel, Stefan},
 month = {August},
 note = {<https://doi.org/10.1145/1102351.1102483>},
 openalex = {W2088600132},
 pages = {1044–1051},
 publisher = {ACM},
 series = {ACM International Conference Proceeding Series},
 title = {2D Conditional Random Fields for Web information extraction},
 volume = {119},
 year = {2005}
}

@inproceedings{zhu2005harmonic,
 address = {Bonn, Germany},
 author = {Zhu, Xiaojin and Lafferty, John D.},
 booktitle = {Machine Learning: Proceedings of the Twenty-Second International Conference (ICML)},
 doi = {10.1145/1102351.1102484},
 editor = {Raedt, Luc De and Wrobel, Stefan},
 month = {August},
 note = {<https://doi.org/10.1145/1102351.1102484>},
 pages = {1052–1059},
 publisher = {ACM},
 series = {ACM International Conference Proceeding Series},
 title = {Harmonic mixtures: combining mixture models and graph-based methods for inductive and scalable semi-supervised learning},
 volume = {119},
 year = {2005}
}
