@inproceedings{abbeel2006using,
 address = {Pittsburgh, Pennsylvania, USA},
 author = {Abbeel, Pieter and Quigley, Morgan and Ng, Andrew Y.},
 booktitle = {Machine Learning: Proceedings of the Twenty-Third International Conference (ICML)},
 doi = {10.1145/1143844.1143845},
 editor = {Cohen, William W. and Moore, Andrew W.},
 month = {June},
 note = {<https://doi.org/10.1145/1143844.1143845>},
 openalex = {W2132602063},
 pages = {1–8},
 publisher = {ACM},
 series = {ACM International Conference Proceeding Series},
 title = {Using inaccurate models in reinforcement learning},
 volume = {148},
 year = {2006}
}

@inproceedings{agarwal2006algorithms,
 address = {Pittsburgh, Pennsylvania, USA},
 author = {Agarwal, Amit and Hazan, Elad and Kale, Satyen and Schapire, Robert E.},
 booktitle = {Machine Learning: Proceedings of the Twenty-Third International Conference (ICML)},
 doi = {10.1145/1143844.1143846},
 editor = {Cohen, William W. and Moore, Andrew W.},
 month = {June},
 note = {<https://doi.org/10.1145/1143844.1143846>},
 openalex = {W2068643490},
 pages = {9–16},
 publisher = {ACM},
 series = {ACM International Conference Proceeding Series},
 title = {Algorithms for portfolio management based on the Newton method},
 volume = {148},
 year = {2006}
}

@inproceedings{agarwal2006higher,
 address = {Pittsburgh, Pennsylvania, USA},
 author = {Agarwal, Sameer and Branson, Kristin and Belongie, Serge J.},
 booktitle = {Machine Learning: Proceedings of the Twenty-Third International Conference (ICML)},
 doi = {10.1145/1143844.1143847},
 editor = {Cohen, William W. and Moore, Andrew W.},
 month = {June},
 note = {<https://doi.org/10.1145/1143844.1143847>},
 openalex = {W2005676288},
 pages = {17–24},
 publisher = {ACM},
 series = {ACM International Conference Proceeding Series},
 title = {Higher order learning with graphs},
 volume = {148},
 year = {2006}
}

@inproceedings{agarwal2006ranking,
 address = {Pittsburgh, Pennsylvania, USA},
 author = {Agarwal, Shivani},
 booktitle = {Machine Learning: Proceedings of the Twenty-Third International Conference (ICML)},
 doi = {10.1145/1143844.1143848},
 editor = {Cohen, William W. and Moore, Andrew W.},
 month = {June},
 note = {<https://doi.org/10.1145/1143844.1143848>},
 openalex = {W1997943123},
 pages = {25–32},
 publisher = {ACM},
 series = {ACM International Conference Proceeding Series},
 title = {Ranking on graph data},
 volume = {148},
 year = {2006}
}

@inproceedings{alex2006experienceefficient,
 address = {Pittsburgh, Pennsylvania, USA},
 author = {Alex, and Strehl, er L. and Mesterharm, Chris and Littman, Michael L. and Hirsh, Haym},
 booktitle = {Machine Learning: Proceedings of the Twenty-Third International Conference (ICML)},
 doi = {10.1145/1143844.1143956},
 editor = {Cohen, William W. and Moore, Andrew W.},
 month = {June},
 note = {<https://doi.org/10.1145/1143844.1143956>},
 openalex = {W2148224612},
 pages = {889–896},
 publisher = {ACM},
 series = {ACM International Conference Proceeding Series},
 title = {Experience-efficient learning in associative bandit problems},
 volume = {148},
 year = {2006}
}

@inproceedings{alex2006pac,
 address = {Pittsburgh, Pennsylvania, USA},
 author = {Alex, and Strehl, er L. and Li, Lihong and Wiewiora, Eric and Langford, John and Littman, Michael L.},
 booktitle = {Machine Learning: Proceedings of the Twenty-Third International Conference (ICML)},
 doi = {10.1145/1143844.1143955},
 editor = {Cohen, William W. and Moore, Andrew W.},
 month = {June},
 note = {<https://doi.org/10.1145/1143844.1143955>},
 openalex = {W2129670787},
 pages = {881–888},
 publisher = {ACM},
 series = {ACM International Conference Proceeding Series},
 title = {PAC model-free reinforcement learning},
 volume = {148},
 year = {2006}
}

@inproceedings{archambeau2006robust,
 address = {Pittsburgh, Pennsylvania, USA},
 author = {Archambeau, Cédric and Delannay, Nicolas and Verleysen, Michel},
 booktitle = {Machine Learning: Proceedings of the Twenty-Third International Conference (ICML)},
 doi = {10.1145/1143844.1143849},
 editor = {Cohen, William W. and Moore, Andrew W.},
 month = {June},
 note = {<https://doi.org/10.1145/1143844.1143849>},
 openalex = {W2118128687},
 pages = {33–40},
 publisher = {ACM},
 series = {ACM International Conference Proceeding Series},
 title = {Robust probabilistic projections},
 volume = {148},
 year = {2006}
}

@inproceedings{argyriou2006dcprogramming,
 address = {Pittsburgh, Pennsylvania, USA},
 author = {Argyriou, Andreas and Hauser, Raphael and Micchelli, Charles A. and Pontil, Massimiliano},
 booktitle = {Machine Learning: Proceedings of the Twenty-Third International Conference (ICML)},
 doi = {10.1145/1143844.1143850},
 editor = {Cohen, William W. and Moore, Andrew W.},
 month = {June},
 note = {<https://doi.org/10.1145/1143844.1143850>},
 openalex = {W2095981367},
 pages = {41–48},
 publisher = {ACM},
 series = {ACM International Conference Proceeding Series},
 title = {A DC-programming algorithm for kernel selection},
 volume = {148},
 year = {2006}
}

@inproceedings{asgharbeygi2006relational,
 address = {Pittsburgh, Pennsylvania, USA},
 author = {Asgharbeygi, Nima and Stracuzzi, David J. and Langley, Pat},
 booktitle = {Machine Learning: Proceedings of the Twenty-Third International Conference (ICML)},
 doi = {10.1145/1143844.1143851},
 editor = {Cohen, William W. and Moore, Andrew W.},
 month = {June},
 note = {<https://doi.org/10.1145/1143844.1143851>},
 openalex = {W2111572265},
 pages = {49–56},
 publisher = {ACM},
 series = {ACM International Conference Proceeding Series},
 title = {Relational temporal difference learning},
 volume = {148},
 year = {2006}
}

@inproceedings{azran2006new,
 address = {Pittsburgh, Pennsylvania, USA},
 author = {Azran, Arik and Ghahramani, Zoubin},
 booktitle = {Machine Learning: Proceedings of the Twenty-Third International Conference (ICML)},
 doi = {10.1145/1143844.1143852},
 editor = {Cohen, William W. and Moore, Andrew W.},
 month = {June},
 note = {<https://doi.org/10.1145/1143844.1143852>},
 openalex = {W2003379341},
 pages = {57–64},
 publisher = {ACM},
 series = {ACM International Conference Proceeding Series},
 title = {A new approach to data driven clustering},
 volume = {148},
 year = {2006}
}

@inproceedings{balcan2006agnostic,
 address = {Pittsburgh, Pennsylvania, USA},
 author = {Balcan, Maria-Florina and Beygelzimer, Alina and Langford, John},
 booktitle = {Machine Learning: Proceedings of the Twenty-Third International Conference (ICML)},
 doi = {10.1145/1143844.1143853},
 editor = {Cohen, William W. and Moore, Andrew W.},
 month = {June},
 note = {<https://doi.org/10.1145/1143844.1143853>},
 openalex = {W2157958821},
 pages = {65–72},
 publisher = {ACM},
 series = {ACM International Conference Proceeding Series},
 title = {Agnostic active learning},
 volume = {148},
 year = {2006}
}

@inproceedings{balcan2006on,
 address = {Pittsburgh, Pennsylvania, USA},
 author = {Balcan, Maria-Florina and Blum, Avrim},
 booktitle = {Machine Learning: Proceedings of the Twenty-Third International Conference (ICML)},
 doi = {10.1145/1143844.1143854},
 editor = {Cohen, William W. and Moore, Andrew W.},
 month = {June},
 note = {<https://doi.org/10.1145/1143844.1143854>},
 openalex = {W2610985164},
 pages = {73–80},
 publisher = {ACM},
 series = {ACM International Conference Proceeding Series},
 title = {On a theory of learning with similarity functions},
 volume = {148},
 year = {2006}
}

@inproceedings{banerjee2006convex,
 address = {Pittsburgh, Pennsylvania, USA},
 author = {Banerjee, Onureena and Ghaoui, Laurent El and d'Aspremont, Re and Natsoulis, Georges},
 booktitle = {Machine Learning: Proceedings of the Twenty-Third International Conference (ICML)},
 doi = {10.1145/1143844.1143856},
 editor = {Cohen, William W. and Moore, Andrew W.},
 month = {June},
 note = {<https://doi.org/10.1145/1143844.1143856>},
 openalex = {W2170744156},
 pages = {89–96},
 publisher = {ACM},
 series = {ACM International Conference Proceeding Series},
 title = {Convex optimization techniques for fitting sparse Gaussian graphical models},
 volume = {148},
 year = {2006}
}

@inproceedings{banerjee2006on,
 address = {Pittsburgh, Pennsylvania, USA},
 author = {Banerjee, Arindam},
 booktitle = {Machine Learning: Proceedings of the Twenty-Third International Conference (ICML)},
 doi = {10.1145/1143844.1143855},
 editor = {Cohen, William W. and Moore, Andrew W.},
 month = {June},
 note = {<https://doi.org/10.1145/1143844.1143855>},
 openalex = {W2060092029},
 pages = {81–88},
 publisher = {ACM},
 series = {ACM International Conference Proceeding Series},
 title = {On Bayesian bounds},
 volume = {148},
 year = {2006}
}

@inproceedings{beygelzimer2006cover,
 address = {Pittsburgh, Pennsylvania, USA},
 author = {Beygelzimer, Alina and Kakade, Sham M. and Langford, John},
 booktitle = {Machine Learning: Proceedings of the Twenty-Third International Conference (ICML)},
 doi = {10.1145/1143844.1143857},
 editor = {Cohen, William W. and Moore, Andrew W.},
 month = {June},
 note = {<https://doi.org/10.1145/1143844.1143857>},
 openalex = {W2133296809},
 pages = {97–104},
 publisher = {ACM},
 series = {ACM International Conference Proceeding Series},
 title = {Cover trees for nearest neighbor},
 volume = {148},
 year = {2006}
}

@inproceedings{bezáková2006graph,
 address = {Pittsburgh, Pennsylvania, USA},
 author = {Bezáková, Ivona and Kalai, Adam and Santhanam, Rahul},
 booktitle = {Machine Learning: Proceedings of the Twenty-Third International Conference (ICML)},
 doi = {10.1145/1143844.1143858},
 editor = {Cohen, William W. and Moore, Andrew W.},
 month = {June},
 note = {<https://doi.org/10.1145/1143844.1143858>},
 pages = {105–112},
 publisher = {ACM},
 series = {ACM International Conference Proceeding Series},
 title = {Graph model selection using maximum likelihood},
 volume = {148},
 year = {2006}
}

@inproceedings{blei2006dynamic,
 address = {Pittsburgh, Pennsylvania, USA},
 author = {Blei, David M. and Lafferty, John D.},
 booktitle = {Machine Learning: Proceedings of the Twenty-Third International Conference (ICML)},
 doi = {10.1145/1143844.1143859},
 editor = {Cohen, William W. and Moore, Andrew W.},
 month = {June},
 note = {<https://doi.org/10.1145/1143844.1143859>},
 openalex = {W2072644219},
 pages = {113–120},
 publisher = {ACM},
 series = {ACM International Conference Proceeding Series},
 title = {Dynamic topic models},
 volume = {148},
 year = {2006}
}

@inproceedings{bonilla2006predictive,
 address = {Pittsburgh, Pennsylvania, USA},
 author = {Bonilla, Edwin V. and Williams, Christopher K. I. and Agakov, Felix V. and Cavazos, John and Thomson, John and O'Boyle, Michael F. P.},
 booktitle = {Machine Learning: Proceedings of the Twenty-Third International Conference (ICML)},
 doi = {10.1145/1143844.1143860},
 editor = {Cohen, William W. and Moore, Andrew W.},
 month = {June},
 note = {<https://doi.org/10.1145/1143844.1143860>},
 openalex = {W2145629100},
 pages = {121–128},
 publisher = {ACM},
 series = {ACM International Conference Proceeding Series},
 title = {Predictive search distributions},
 volume = {148},
 year = {2006}
}

@inproceedings{bowling2006learning,
 address = {Pittsburgh, Pennsylvania, USA},
 author = {Bowling, Michael H. and McCracken, Peter and James, Michael and Neufeld, James and Wilkinson, Dana F.},
 booktitle = {Machine Learning: Proceedings of the Twenty-Third International Conference (ICML)},
 doi = {10.1145/1143844.1143861},
 editor = {Cohen, William W. and Moore, Andrew W.},
 month = {June},
 note = {<https://doi.org/10.1145/1143844.1143861>},
 openalex = {W1987974668},
 pages = {129–136},
 publisher = {ACM},
 series = {ACM International Conference Proceeding Series},
 title = {Learning predictive state representations using non-blind policies},
 volume = {148},
 year = {2006}
}

@inproceedings{brefeld2006efficient,
 address = {Pittsburgh, Pennsylvania, USA},
 author = {Brefeld, Ulf and Gärtner, Thomas and Scheffer, Tobias and Wrobel, Stefan},
 booktitle = {Machine Learning: Proceedings of the Twenty-Third International Conference (ICML)},
 doi = {10.1145/1143844.1143862},
 editor = {Cohen, William W. and Moore, Andrew W.},
 month = {June},
 note = {<https://doi.org/10.1145/1143844.1143862>},
 openalex = {W2140676093},
 pages = {137–144},
 publisher = {ACM},
 series = {ACM International Conference Proceeding Series},
 title = {Efficient co-regularised least squares regression},
 volume = {148},
 year = {2006}
}

@inproceedings{brefeld2006semisupervised,
 address = {Pittsburgh, Pennsylvania, USA},
 author = {Brefeld, Ulf and Scheffer, Tobias},
 booktitle = {Machine Learning: Proceedings of the Twenty-Third International Conference (ICML)},
 doi = {10.1145/1143844.1143863},
 editor = {Cohen, William W. and Moore, Andrew W.},
 month = {June},
 note = {<https://doi.org/10.1145/1143844.1143863>},
 openalex = {W2137450504},
 pages = {145–152},
 publisher = {ACM},
 series = {ACM International Conference Proceeding Series},
 title = {Semi-supervised learning for structured output variables},
 volume = {148},
 year = {2006}
}

@inproceedings{carreiraperpin2006fast,
 address = {Pittsburgh, Pennsylvania, USA},
 author = {Carreira-Perpiñán, Miguel Á.},
 booktitle = {Machine Learning: Proceedings of the Twenty-Third International Conference (ICML)},
 doi = {10.1145/1143844.1143864},
 editor = {Cohen, William W. and Moore, Andrew W.},
 month = {June},
 note = {<https://doi.org/10.1145/1143844.1143864>},
 openalex = {W2141240481},
 pages = {153–160},
 publisher = {ACM},
 series = {ACM International Conference Proceeding Series},
 title = {Fast nonparametric clustering with Gaussian blurring mean-shift},
 volume = {148},
 year = {2006}
}

@inproceedings{caruana2006empirical,
 address = {Pittsburgh, Pennsylvania, USA},
 author = {Caruana, Rich and Niculescu-Mizil, Ru},
 booktitle = {Machine Learning: Proceedings of the Twenty-Third International Conference (ICML)},
 doi = {10.1145/1143844.1143865},
 editor = {Cohen, William W. and Moore, Andrew W.},
 month = {June},
 note = {<https://doi.org/10.1145/1143844.1143865>},
 openalex = {W2129018774},
 pages = {161–168},
 publisher = {ACM},
 series = {ACM International Conference Proceeding Series},
 title = {An empirical comparison of supervised learning algorithms},
 volume = {148},
 year = {2006}
}

@inproceedings{cayton2006robust,
 address = {Pittsburgh, Pennsylvania, USA},
 author = {Cayton, Lawrence and Dasgupta, Sanjoy},
 booktitle = {Machine Learning: Proceedings of the Twenty-Third International Conference (ICML)},
 doi = {10.1145/1143844.1143866},
 editor = {Cohen, William W. and Moore, Andrew W.},
 month = {June},
 note = {<https://doi.org/10.1145/1143844.1143866>},
 openalex = {W2099918640},
 pages = {169–176},
 publisher = {ACM},
 series = {ACM International Conference Proceeding Series},
 title = {Robust Euclidean embedding},
 volume = {148},
 year = {2006}
}

@inproceedings{cesabianchi2006hierarchical,
 address = {Pittsburgh, Pennsylvania, USA},
 author = {Cesa-Bianchi, Nicolò and Gentile, Claudio and Zaniboni, Luca},
 booktitle = {Machine Learning: Proceedings of the Twenty-Third International Conference (ICML)},
 doi = {10.1145/1143844.1143867},
 editor = {Cohen, William W. and Moore, Andrew W.},
 month = {June},
 note = {<https://doi.org/10.1145/1143844.1143867>},
 pages = {177–184},
 publisher = {ACM},
 series = {ACM International Conference Proceeding Series},
 title = {Hierarchical classification: combining Bayes with SVM},
 volume = {148},
 year = {2006}
}

@inproceedings{chapelle2006continuation,
 address = {Pittsburgh, Pennsylvania, USA},
 author = {Chapelle, Olivier and Chi, Mingmin and Zien, Er},
 booktitle = {Machine Learning: Proceedings of the Twenty-Third International Conference (ICML)},
 doi = {10.1145/1143844.1143868},
 editor = {Cohen, William W. and Moore, Andrew W.},
 month = {June},
 note = {<https://doi.org/10.1145/1143844.1143868>},
 openalex = {W1986534176},
 pages = {185–192},
 publisher = {ACM},
 series = {ACM International Conference Proceeding Series},
 title = {A continuation method for semi-supervised SVMs},
 volume = {148},
 year = {2006}
}

@inproceedings{cheung2006regularization,
 address = {Pittsburgh, Pennsylvania, USA},
 author = {Cheung, Pak-Ming and Kwok, James T.},
 booktitle = {Machine Learning: Proceedings of the Twenty-Third International Conference (ICML)},
 doi = {10.1145/1143844.1143869},
 editor = {Cohen, William W. and Moore, Andrew W.},
 month = {June},
 note = {<https://doi.org/10.1145/1143844.1143869>},
 openalex = {W1969602766},
 pages = {193–200},
 publisher = {ACM},
 series = {ACM International Conference Proceeding Series},
 title = {A regularization framework for multiple-instance learning},
 volume = {148},
 year = {2006}
}

@inproceedings{collobert2006trading,
 address = {Pittsburgh, Pennsylvania, USA},
 author = {Collobert, Ronan and Sinz, Fabian H. and Weston, Jason and Bottou, Léon},
 booktitle = {Machine Learning: Proceedings of the Twenty-Third International Conference (ICML)},
 doi = {10.1145/1143844.1143870},
 editor = {Cohen, William W. and Moore, Andrew W.},
 month = {June},
 note = {<https://doi.org/10.1145/1143844.1143870>},
 openalex = {W2162152253},
 pages = {201–208},
 publisher = {ACM},
 series = {ACM International Conference Proceeding Series},
 title = {Trading convexity for scalability},
 volume = {148},
 year = {2006}
}

@inproceedings{conitzer2006learning,
 address = {Pittsburgh, Pennsylvania, USA},
 author = {Conitzer, Vincent and Garera, Nikesh},
 booktitle = {Machine Learning: Proceedings of the Twenty-Third International Conference (ICML)},
 doi = {10.1145/1143844.1143871},
 editor = {Cohen, William W. and Moore, Andrew W.},
 month = {June},
 note = {<https://doi.org/10.1145/1143844.1143871>},
 openalex = {W2065933411},
 pages = {209–216},
 publisher = {ACM},
 series = {ACM International Conference Proceeding Series},
 title = {Learning algorithms for online principal-agent problems (and selling goods online)},
 volume = {148},
 year = {2006}
}

@inproceedings{dai2006locally,
 address = {Pittsburgh, Pennsylvania, USA},
 author = {Dai, Juan and Yan, Shuicheng and Tang, Xiaoou and Kwok, James T.},
 booktitle = {Machine Learning: Proceedings of the Twenty-Third International Conference (ICML)},
 doi = {10.1145/1143844.1143873},
 editor = {Cohen, William W. and Moore, Andrew W.},
 month = {June},
 note = {<https://doi.org/10.1145/1143844.1143873>},
 openalex = {W2031839470},
 pages = {225–232},
 publisher = {ACM},
 series = {ACM International Conference Proceeding Series},
 title = {Locally adaptive classification piloted by uncertainty},
 volume = {148},
 year = {2006}
}

@inproceedings{davis2006relationship,
 address = {Pittsburgh, Pennsylvania, USA},
 author = {Davis, Jesse and Goadrich, Mark},
 booktitle = {Machine Learning: Proceedings of the Twenty-Third International Conference (ICML)},
 doi = {10.1145/1143844.1143874},
 editor = {Cohen, William W. and Moore, Andrew W.},
 month = {June},
 note = {<https://doi.org/10.1145/1143844.1143874>},
 openalex = {W1976526581},
 pages = {233–240},
 publisher = {ACM},
 series = {ACM International Conference Proceeding Series},
 title = {The relationship between Precision-Recall and ROC curves},
 volume = {148},
 year = {2006}
}

@inproceedings{decoste2006collaborative,
 address = {Pittsburgh, Pennsylvania, USA},
 author = {DeCoste, Dennis},
 booktitle = {Machine Learning: Proceedings of the Twenty-Third International Conference (ICML)},
 doi = {10.1145/1143844.1143876},
 editor = {Cohen, William W. and Moore, Andrew W.},
 month = {June},
 note = {<https://doi.org/10.1145/1143844.1143876>},
 openalex = {W1967921672},
 pages = {249–256},
 publisher = {ACM},
 series = {ACM International Conference Proceeding Series},
 title = {Collaborative prediction using ensembles of Maximum Margin Matrix Factorizations},
 volume = {148},
 year = {2006}
}

@inproceedings{degris2006learning,
 address = {Pittsburgh, Pennsylvania, USA},
 author = {Degris, Thomas and Sigaud, Olivier and Wuillemin, Pierre-Henri},
 booktitle = {Machine Learning: Proceedings of the Twenty-Third International Conference (ICML)},
 doi = {10.1145/1143844.1143877},
 editor = {Cohen, William W. and Moore, Andrew W.},
 month = {June},
 note = {<https://doi.org/10.1145/1143844.1143877>},
 openalex = {W2131660762},
 pages = {257–264},
 publisher = {ACM},
 series = {ACM International Conference Proceeding Series},
 title = {Learning the structure of Factored Markov Decision Processes in reinforcement learning problems},
 volume = {148},
 year = {2006}
}

@inproceedings{denis2006efficient,
 address = {Pittsburgh, Pennsylvania, USA},
 author = {Denis, François and Magnan, Christophe Nicolas and Ralaivola, Liva},
 booktitle = {Machine Learning: Proceedings of the Twenty-Third International Conference (ICML)},
 doi = {10.1145/1143844.1143878},
 editor = {Cohen, William W. and Moore, Andrew W.},
 month = {June},
 note = {<https://doi.org/10.1145/1143844.1143878>},
 pages = {265–272},
 publisher = {ACM},
 series = {ACM International Conference Proceeding Series},
 title = {Efficient learning of Naive Bayes classifiers under class-conditional classification noise},
 volume = {148},
 year = {2006}
}

@inproceedings{desjardins2006learning,
 address = {Pittsburgh, Pennsylvania, USA},
 author = {desJardins, Marie and Eaton, Eric and Wagstaff, Kiri},
 booktitle = {Machine Learning: Proceedings of the Twenty-Third International Conference (ICML)},
 doi = {10.1145/1143844.1143879},
 editor = {Cohen, William W. and Moore, Andrew W.},
 month = {June},
 note = {<https://doi.org/10.1145/1143844.1143879>},
 openalex = {W2164569331},
 pages = {273–280},
 publisher = {ACM},
 series = {ACM International Conference Proceeding Series},
 title = {Learning user preferences for sets of objects},
 volume = {148},
 year = {2006}
}

@inproceedings{ding2006r1pca,
 address = {Pittsburgh, Pennsylvania, USA},
 author = {Ding, Chris H. Q. and Zhou, Ding and He, Xiaofeng and Zha, Hongyuan},
 booktitle = {Machine Learning: Proceedings of the Twenty-Third International Conference (ICML)},
 doi = {10.1145/1143844.1143880},
 editor = {Cohen, William W. and Moore, Andrew W.},
 month = {June},
 note = {<https://doi.org/10.1145/1143844.1143880>},
 pages = {281–288},
 publisher = {ACM},
 series = {ACM International Conference Proceeding Series},
 title = {R1-PCA: rotational invariant L1-norm principal component analysis for robust subspace factorization},
 volume = {148},
 year = {2006}
}

@inproceedings{elkan2006clustering,
 address = {Pittsburgh, Pennsylvania, USA},
 author = {Elkan, Charles},
 booktitle = {Machine Learning: Proceedings of the Twenty-Third International Conference (ICML)},
 doi = {10.1145/1143844.1143881},
 editor = {Cohen, William W. and Moore, Andrew W.},
 month = {June},
 note = {<https://doi.org/10.1145/1143844.1143881>},
 openalex = {W2025653016},
 pages = {289–296},
 publisher = {ACM},
 series = {ACM International Conference Proceeding Series},
 title = {Clustering documents with an exponential-family approximation of the Dirichlet compound multinomial distribution},
 volume = {148},
 year = {2006}
}

@inproceedings{engelhardt2006graphical,
 address = {Pittsburgh, Pennsylvania, USA},
 author = {Engelhardt, Barbara E. and Jordan, Michael I. and Brenner, Steven E.},
 booktitle = {Machine Learning: Proceedings of the Twenty-Third International Conference (ICML)},
 doi = {10.1145/1143844.1143882},
 editor = {Cohen, William W. and Moore, Andrew W.},
 month = {June},
 note = {<https://doi.org/10.1145/1143844.1143882>},
 openalex = {W2104179293},
 pages = {297–304},
 publisher = {ACM},
 series = {ACM International Conference Proceeding Series},
 title = {A graphical model for predicting protein molecular function},
 volume = {148},
 year = {2006}
}

@inproceedings{epshteyn2006qualitative,
 address = {Pittsburgh, Pennsylvania, USA},
 author = {Epshteyn, Arkady and DeJong, Gerald},
 booktitle = {Machine Learning: Proceedings of the Twenty-Third International Conference (ICML)},
 doi = {10.1145/1143844.1143883},
 editor = {Cohen, William W. and Moore, Andrew W.},
 month = {June},
 note = {<<https://doi.org/10.1145/1143844.1143883>>},
 openalex = {W2168319199},
 pages = {305–312},
 publisher = {ACM},
 series = {ACM International Conference Proceeding Series},
 title = {Qualitative reinforcement learning},
 volume = {148},
 year = {2006}
}

@inproceedings{fern2006discriminative,
 address = {Pittsburgh, Pennsylvania, USA},
 author = {Fern, unknown and De la Torre, O. and Kanade, Takeo},
 booktitle = {Machine Learning: Proceedings of the Twenty-Third International Conference (ICML)},
 doi = {10.1145/1143844.1143875},
 editor = {Cohen, William W. and Moore, Andrew W.},
 month = {June},
 note = {<https://doi.org/10.1145/1143844.1143875>},
 pages = {241–248},
 publisher = {ACM},
 series = {ACM International Conference Proceeding Series},
 title = {Discriminative cluster analysis},
 volume = {148},
 year = {2006}
}

@inproceedings{fink2006online,
 address = {Pittsburgh, Pennsylvania, USA},
 author = {Fink, Michael and Shalev-Shwartz, Shai and Singer, Yoram and Ullman, Shimon},
 booktitle = {Machine Learning: Proceedings of the Twenty-Third International Conference (ICML)},
 doi = {10.1145/1143844.1143884},
 editor = {Cohen, William W. and Moore, Andrew W.},
 month = {June},
 note = {<<https://doi.org/10.1145/1143844.1143884>>},
 openalex = {W2130477805},
 pages = {313–320},
 publisher = {ACM},
 series = {ACM International Conference Proceeding Series},
 title = {Online multiclass learning by interclass hypothesis sharing},
 volume = {148},
 year = {2006}
}

@inproceedings{garcke2006regression,
 address = {Pittsburgh, Pennsylvania, USA},
 author = {Garcke, Jochen},
 booktitle = {Machine Learning: Proceedings of the Twenty-Third International Conference (ICML)},
 doi = {10.1145/1143844.1143885},
 editor = {Cohen, William W. and Moore, Andrew W.},
 month = {June},
 note = {<<https://doi.org/10.1145/1143844.1143885>>},
 openalex = {W2111141275},
 pages = {321–328},
 publisher = {ACM},
 series = {ACM International Conference Proceeding Series},
 title = {Regression with the optimised combination technique},
 volume = {148},
 year = {2006}
}

@inproceedings{ge2006note,
 address = {Pittsburgh, Pennsylvania, USA},
 author = {Ge, Yang and Jiang, Wenxin},
 booktitle = {Machine Learning: Proceedings of the Twenty-Third International Conference (ICML)},
 doi = {10.1145/1143844.1143886},
 editor = {Cohen, William W. and Moore, Andrew W.},
 month = {June},
 note = {<<https://doi.org/10.1145/1143844.1143886>>},
 openalex = {W2006366457},
 pages = {329–335},
 publisher = {ACM},
 series = {ACM International Conference Proceeding Series},
 title = {A note on mixtures of experts for multiclass responses: approximation rate and Consistent Bayesian Inference},
 volume = {148},
 year = {2006}
}

@inproceedings{gehler2006rate,
 address = {Pittsburgh, Pennsylvania, USA},
 author = {Gehler, Peter V. and Holub, Alex and Welling, Max},
 booktitle = {Machine Learning: Proceedings of the Twenty-Third International Conference (ICML)},
 doi = {10.1145/1143844.1143887},
 editor = {Cohen, William W. and Moore, Andrew W.},
 month = {June},
 note = {<<https://doi.org/10.1145/1143844.1143887>>},
 openalex = {W2079968649},
 pages = {337–344},
 publisher = {ACM},
 series = {ACM International Conference Proceeding Series},
 title = {The rate adapting poisson model for information retrieval and object recognition},
 volume = {148},
 year = {2006}
}

@inproceedings{geurts2006kernelizing,
 address = {Pittsburgh, Pennsylvania, USA},
 author = {Geurts, Pierre and Wehenkel, Louis and d'Alché-Buc, Florence},
 booktitle = {Machine Learning: Proceedings of the Twenty-Third International Conference (ICML)},
 doi = {10.1145/1143844.1143888},
 editor = {Cohen, William W. and Moore, Andrew W.},
 month = {June},
 note = {<<https://doi.org/10.1145/1143844.1143888>>},
 openalex = {W2101637493},
 pages = {345–352},
 publisher = {ACM},
 series = {ACM International Conference Proceeding Series},
 title = {Kernelizing the output of tree-based methods},
 volume = {148},
 year = {2006}
}

@inproceedings{globerson2006nightmare,
 address = {Pittsburgh, Pennsylvania, USA},
 author = {Globerson, Amir and Roweis, Sam T.},
 booktitle = {Machine Learning: Proceedings of the Twenty-Third International Conference (ICML)},
 doi = {10.1145/1143844.1143889},
 editor = {Cohen, William W. and Moore, Andrew W.},
 month = {June},
 note = {<<https://doi.org/10.1145/1143844.1143889>>},
 pages = {353–360},
 publisher = {ACM},
 series = {ACM International Conference Proceeding Series},
 title = {Nightmare at test time: robust learning by feature deletion},
 volume = {148},
 year = {2006}
}

@inproceedings{gorur2006choice,
 address = {Pittsburgh, Pennsylvania, USA},
 author = {Görür, Dilan and Jäkel, Frank and Rasmussen, Carl Edward},
 booktitle = {Machine Learning: Proceedings of the Twenty-Third International Conference (ICML)},
 doi = {10.1145/1143844.1143890},
 editor = {Cohen, William W. and Moore, Andrew W.},
 month = {June},
 note = {<<https://doi.org/10.1145/1143844.1143890>>},
 openalex = {W1986243229},
 pages = {361–368},
 publisher = {ACM},
 series = {ACM International Conference Proceeding Series},
 title = {A choice model with infinitely many latent features},
 volume = {148},
 year = {2006}
}

@inproceedings{graves2006connectionist,
 address = {Pittsburgh, Pennsylvania, USA},
 author = {Graves, Alex and Fernández, Santiago and Gomez, Faustino J. and Schmidhuber, Jürgen},
 booktitle = {Machine Learning: Proceedings of the Twenty-Third International Conference (ICML)},
 doi = {10.1145/1143844.1143891},
 editor = {Cohen, William W. and Moore, Andrew W.},
 month = {June},
 note = {<<https://doi.org/10.1145/1143844.1143891>>},
 openalex = {W2127141656},
 pages = {369–376},
 publisher = {ACM},
 series = {ACM International Conference Proceeding Series},
 title = {Connectionist temporal classification: labelling unsegmented sequence data with recurrent neural networks},
 volume = {148},
 year = {2006}
}

@inproceedings{greene2006practical,
 address = {Pittsburgh, Pennsylvania, USA},
 author = {Greene, Derek and Cunningham, Padraig},
 booktitle = {Machine Learning: Proceedings of the Twenty-Third International Conference (ICML)},
 doi = {10.1145/1143844.1143892},
 editor = {Cohen, William W. and Moore, Andrew W.},
 month = {June},
 note = {<<https://doi.org/10.1145/1143844.1143892>>},
 openalex = {W2129250947},
 pages = {377–384},
 publisher = {ACM},
 series = {ACM International Conference Proceeding Series},
 title = {Practical solutions to the problem of diagonal dominance in kernel document clustering},
 volume = {148},
 year = {2006}
}

@inproceedings{haffner2006fast,
 address = {Pittsburgh, Pennsylvania, USA},
 author = {Haffner, Patrick},
 booktitle = {Machine Learning: Proceedings of the Twenty-Third International Conference (ICML)},
 doi = {10.1145/1143844.1143893},
 editor = {Cohen, William W. and Moore, Andrew W.},
 month = {June},
 note = {<<https://doi.org/10.1145/1143844.1143893>>},
 openalex = {W1992048767},
 pages = {385–392},
 publisher = {ACM},
 series = {ACM International Conference Proceeding Series},
 title = {Fast transpose methods for kernel learning on sparse data},
 volume = {148},
 year = {2006}
}

@inproceedings{hanneke2006analysis,
 address = {Pittsburgh, Pennsylvania, USA},
 author = {Hanneke, Steve},
 booktitle = {Machine Learning: Proceedings of the Twenty-Third International Conference (ICML)},
 doi = {10.1145/1143844.1143894},
 editor = {Cohen, William W. and Moore, Andrew W.},
 month = {June},
 note = {<<https://doi.org/10.1145/1143844.1143894>>},
 openalex = {W2088326397},
 pages = {393–399},
 publisher = {ACM},
 series = {ACM International Conference Proceeding Series},
 title = {An analysis of graph cut size for transductive learning},
 volume = {148},
 year = {2006}
}

@inproceedings{hertz2006learning,
 address = {Pittsburgh, Pennsylvania, USA},
 author = {Hertz, Tomer and Bar-Hillel, Aharon and Weinshall, Daphna},
 booktitle = {Machine Learning: Proceedings of the Twenty-Third International Conference (ICML)},
 doi = {10.1145/1143844.1143895},
 editor = {Cohen, William W. and Moore, Andrew W.},
 month = {June},
 note = {<<https://doi.org/10.1145/1143844.1143895>>},
 openalex = {W1970940244},
 pages = {401–408},
 publisher = {ACM},
 series = {ACM International Conference Proceeding Series},
 title = {Learning a kernel function for classification with small training samples},
 volume = {148},
 year = {2006}
}

@inproceedings{hoi2006batch,
 address = {Pittsburgh, Pennsylvania, USA},
 author = {Hoi, Steven C. H. and Jin, Rong and Zhu, Jianke and Lyu, Michael R.},
 booktitle = {Machine Learning: Proceedings of the Twenty-Third International Conference (ICML)},
 doi = {10.1145/1143844.1143897},
 editor = {Cohen, William W. and Moore, Andrew W.},
 month = {June},
 note = {<<https://doi.org/10.1145/1143844.1143897>>},
 openalex = {W2104848109},
 pages = {417–424},
 publisher = {ACM},
 series = {ACM International Conference Proceeding Series},
 title = {Batch mode active learning and its application to medical image classification},
 volume = {148},
 year = {2006}
}

@inproceedings{holmes2006looping,
 address = {Pittsburgh, Pennsylvania, USA},
 author = {Holmes, Michael P. and Isbell, Charles Lee Jr.},
 booktitle = {Machine Learning: Proceedings of the Twenty-Third International Conference (ICML)},
 doi = {10.1145/1143844.1143896},
 editor = {Cohen, William W. and Moore, Andrew W.},
 month = {June},
 note = {<<https://doi.org/10.1145/1143844.1143896>>},
 pages = {409–416},
 publisher = {ACM},
 series = {ACM International Conference Proceeding Series},
 title = {Looping suffix tree-based inference of partially observable hidden state},
 volume = {148},
 year = {2006}
}

@inproceedings{huang2006ranking,
 address = {Pittsburgh, Pennsylvania, USA},
 author = {Huang, Tzu-Kuo and Lin, Chih-Jen and Weng, Ruby C.},
 booktitle = {Machine Learning: Proceedings of the Twenty-Third International Conference (ICML)},
 doi = {10.1145/1143844.1143898},
 editor = {Cohen, William W. and Moore, Andrew W.},
 month = {June},
 note = {<<https://doi.org/10.1145/1143844.1143898>>},
 openalex = {W2019056073},
 pages = {425–432},
 publisher = {ACM},
 series = {ACM International Conference Proceeding Series},
 title = {Ranking individuals by group comparisons},
 volume = {148},
 year = {2006}
}

@inproceedings{hutchinson2006hidden,
 address = {Pittsburgh, Pennsylvania, USA},
 author = {Hutchinson, Rebecca A. and Mitchell, Tom M. and Rust, Indrayana},
 booktitle = {Machine Learning: Proceedings of the Twenty-Third International Conference (ICML)},
 doi = {10.1145/1143844.1143899},
 editor = {Cohen, William W. and Moore, Andrew W.},
 month = {June},
 note = {<<https://doi.org/10.1145/1143844.1143899>>},
 openalex = {W2057217342},
 pages = {433–440},
 publisher = {ACM},
 series = {ACM International Conference Proceeding Series},
 title = {Hidden process models},
 volume = {148},
 year = {2006}
}

@inproceedings{juba2006estimating,
 address = {Pittsburgh, Pennsylvania, USA},
 author = {Juba, Brendan},
 booktitle = {Machine Learning: Proceedings of the Twenty-Third International Conference (ICML)},
 doi = {10.1145/1143844.1143900},
 editor = {Cohen, William W. and Moore, Andrew W.},
 month = {June},
 note = {<<https://doi.org/10.1145/1143844.1143900>>},
 openalex = {W2114586169},
 pages = {441–448},
 publisher = {ACM},
 series = {ACM International Conference Proceeding Series},
 title = {Estimating relatedness via data compression},
 volume = {148},
 year = {2006}
}

@inproceedings{keller2006automatic,
 address = {Pittsburgh, Pennsylvania, USA},
 author = {Keller, Philipp W. and Mannor, Shie and Precup, Doina},
 booktitle = {Machine Learning: Proceedings of the Twenty-Third International Conference (ICML)},
 doi = {10.1145/1143844.1143901},
 editor = {Cohen, William W. and Moore, Andrew W.},
 month = {June},
 note = {<<https://doi.org/10.1145/1143844.1143901>>},
 openalex = {W2011233848},
 pages = {449–456},
 publisher = {ACM},
 series = {ACM International Conference Proceeding Series},
 title = {Automatic basis function construction for approximate dynamic programming and reinforcement learning},
 volume = {148},
 year = {2006}
}

@inproceedings{kienzle2006personalized,
 address = {Pittsburgh, Pennsylvania, USA},
 author = {Kienzle, Wolf and Chellapilla, Kumar},
 booktitle = {Machine Learning: Proceedings of the Twenty-Third International Conference (ICML)},
 doi = {10.1145/1143844.1143902},
 editor = {Cohen, William W. and Moore, Andrew W.},
 month = {June},
 note = {<<https://doi.org/10.1145/1143844.1143902>>},
 openalex = {W2137742200},
 pages = {457–464},
 publisher = {ACM},
 series = {ACM International Conference Proceeding Series},
 title = {Personalized handwriting recognition via biased regularization},
 volume = {148},
 year = {2006}
}

@inproceedings{kim2006optimal,
 address = {Pittsburgh, Pennsylvania, USA},
 author = {Kim, Seung-Jean and Boyd, Stephen P.},
 booktitle = {Machine Learning: Proceedings of the Twenty-Third International Conference (ICML)},
 doi = {10.1145/1143844.1143903},
 editor = {Cohen, William W. and Moore, Andrew W.},
 month = {June},
 note = {<<https://doi.org/10.1145/1143844.1143903>>},
 openalex = {W2163771264},
 pages = {465–472},
 publisher = {ACM},
 series = {ACM International Conference Proceeding Series},
 title = {Optimal kernel selection in Kernel Fisher discriminant analysis},
 volume = {148},
 year = {2006}
}

@inproceedings{kim2006pareto,
 address = {Pittsburgh, Pennsylvania, USA},
 author = {Kim, Seung-Jean and Boyd, Stephen P. and Lim, Johan},
 booktitle = {Machine Learning: Proceedings of the Twenty-Third International Conference (ICML)},
 doi = {10.1145/1143844.1143904},
 editor = {Cohen, William W. and Moore, Andrew W.},
 month = {June},
 note = {<<https://doi.org/10.1145/1143844.1143904>>},
 openalex = {W2018091135},
 pages = {473–480},
 publisher = {ACM},
 series = {ACM International Conference Proceeding Series},
 title = {Pareto optimal linear classification},
 volume = {148},
 year = {2006}
}

@inproceedings{klaas2006fast,
 address = {Pittsburgh, Pennsylvania, USA},
 author = {Klaas, Mike and Briers, Mark and Freitas, o de and Doucet, Arnaud and Maskell, Simon and Lang, Dustin},
 booktitle = {Machine Learning: Proceedings of the Twenty-Third International Conference (ICML)},
 doi = {10.1145/1143844.1143905},
 editor = {Cohen, William W. and Moore, Andrew W.},
 month = {June},
 note = {<<https://doi.org/10.1145/1143844.1143905>>},
 pages = {481–488},
 publisher = {ACM},
 series = {ACM International Conference Proceeding Series},
 title = {Fast particle smoothing: if I had a million particles},
 volume = {148},
 year = {2006}
}

@inproceedings{konidaris2006autonomous,
 address = {Pittsburgh, Pennsylvania, USA},
 author = {Konidaris, George Dimitri and Barto, Andrew G.},
 booktitle = {Machine Learning: Proceedings of the Twenty-Third International Conference (ICML)},
 doi = {10.1145/1143844.1143906},
 editor = {Cohen, William W. and Moore, Andrew W.},
 month = {June},
 note = {<<https://doi.org/10.1145/1143844.1143906>>},
 pages = {489–496},
 publisher = {ACM},
 series = {ACM International Conference Proceeding Series},
 title = {Autonomous shaping: knowledge transfer in reinforcement learning},
 volume = {148},
 year = {2006}
}

@inproceedings{krause2006data,
 address = {Pittsburgh, Pennsylvania, USA},
 author = {Krause, Andreas and Leskovec, Jure and Guestrin, Carlos},
 booktitle = {Machine Learning: Proceedings of the Twenty-Third International Conference (ICML)},
 doi = {10.1145/1143844.1143907},
 editor = {Cohen, William W. and Moore, Andrew W.},
 month = {June},
 note = {<<https://doi.org/10.1145/1143844.1143907>>},
 openalex = {W2132105569},
 pages = {497–504},
 publisher = {ACM},
 series = {ACM International Conference Proceeding Series},
 title = {Data association for topic intensity tracking},
 volume = {148},
 year = {2006}
}

@inproceedings{kulis2006learning,
 address = {Pittsburgh, Pennsylvania, USA},
 author = {Kulis, Brian and Sustik, Mátyás A. and Dhillon, Inderjit S.},
 booktitle = {Machine Learning: Proceedings of the Twenty-Third International Conference (ICML)},
 doi = {10.1145/1143844.1143908},
 editor = {Cohen, William W. and Moore, Andrew W.},
 month = {June},
 note = {<<https://doi.org/10.1145/1143844.1143908>>},
 openalex = {W2159788726},
 pages = {505–512},
 publisher = {ACM},
 series = {ACM International Conference Proceeding Series},
 title = {Learning low-rank kernel matrices},
 volume = {148},
 year = {2006}
}

@inproceedings{lawrence2006local,
 address = {Pittsburgh, Pennsylvania, USA},
 author = {Lawrence, Neil D. and Quiñonero, Joaquin and ela,},
 booktitle = {Machine Learning: Proceedings of the Twenty-Third International Conference (ICML)},
 doi = {10.1145/1143844.1143909},
 editor = {Cohen, William W. and Moore, Andrew W.},
 month = {June},
 note = {<<https://doi.org/10.1145/1143844.1143909>>},
 openalex = {W2133294540},
 pages = {513–520},
 publisher = {ACM},
 series = {ACM International Conference Proceeding Series},
 title = {Local distance preservation in the GP-LVM through back constraints},
 volume = {148},
 year = {2006}
}

@inproceedings{le2006simpler,
 address = {Pittsburgh, Pennsylvania, USA},
 author = {Le, Quoc V. and Smola, Alex J. and Gärtner, Thomas},
 booktitle = {Machine Learning: Proceedings of the Twenty-Third International Conference (ICML)},
 doi = {10.1145/1143844.1143910},
 editor = {Cohen, William W. and Moore, Andrew W.},
 month = {June},
 note = {<<https://doi.org/10.1145/1143844.1143910>>},
 openalex = {W2032303280},
 pages = {521–528},
 publisher = {ACM},
 series = {ACM International Conference Proceeding Series},
 title = {Simpler knowledge-based support vector machines},
 volume = {148},
 year = {2006}
}

@inproceedings{lee2006using,
 address = {Pittsburgh, Pennsylvania, USA},
 author = {Lee, Chi-Hoon and Greiner, Russell and Wang, Shaojun},
 booktitle = {Machine Learning: Proceedings of the Twenty-Third International Conference (ICML)},
 doi = {10.1145/1143844.1143911},
 editor = {Cohen, William W. and Moore, Andrew W.},
 month = {June},
 note = {<<https://doi.org/10.1145/1143844.1143911>>},
 openalex = {W2113495249},
 pages = {529–536},
 publisher = {ACM},
 series = {ACM International Conference Proceeding Series},
 title = {Using query-specific variance estimates to combine Bayesian classifiers},
 volume = {148},
 year = {2006}
}

@inproceedings{lehmann2006probabilistic,
 address = {Pittsburgh, Pennsylvania, USA},
 author = {Lehmann, Alain D. and Shawe-Taylor, John},
 booktitle = {Machine Learning: Proceedings of the Twenty-Third International Conference (ICML)},
 doi = {10.1145/1143844.1143912},
 editor = {Cohen, William W. and Moore, Andrew W.},
 month = {June},
 note = {<<https://doi.org/10.1145/1143844.1143912>>},
 openalex = {W1978949275},
 pages = {537–544},
 publisher = {ACM},
 series = {ACM International Conference Proceeding Series},
 title = {A probabilistic model for text kernels},
 volume = {148},
 year = {2006}
}

@inproceedings{leordeanu2006efficient,
 address = {Pittsburgh, Pennsylvania, USA},
 author = {Leordeanu, Marius and Hebert, Martial},
 booktitle = {Machine Learning: Proceedings of the Twenty-Third International Conference (ICML)},
 doi = {10.1145/1143844.1143913},
 editor = {Cohen, William W. and Moore, Andrew W.},
 month = {June},
 note = {<<https://doi.org/10.1145/1143844.1143913>>},
 openalex = {W2114915823},
 pages = {545–552},
 publisher = {ACM},
 series = {ACM International Conference Proceeding Series},
 title = {Efficient MAP approximation for dense energy functions},
 volume = {148},
 year = {2006}
}

@inproceedings{lewis2006nonstationary,
 address = {Pittsburgh, Pennsylvania, USA},
 author = {Lewis, Darrin P. and Jebara, Tony and Noble, William Stafford},
 booktitle = {Machine Learning: Proceedings of the Twenty-Third International Conference (ICML)},
 doi = {10.1145/1143844.1143914},
 editor = {Cohen, William W. and Moore, Andrew W.},
 month = {June},
 note = {<<https://doi.org/10.1145/1143844.1143914>>},
 openalex = {W2160429500},
 pages = {553–560},
 publisher = {ACM},
 series = {ACM International Conference Proceeding Series},
 title = {Nonstationary kernel combination},
 volume = {148},
 year = {2006}
}

@inproceedings{li2006multiclass,
 address = {Pittsburgh, Pennsylvania, USA},
 author = {Li, Ling},
 booktitle = {Machine Learning: Proceedings of the Twenty-Third International Conference (ICML)},
 doi = {10.1145/1143844.1143916},
 editor = {Cohen, William W. and Moore, Andrew W.},
 month = {June},
 note = {<<https://doi.org/10.1145/1143844.1143916>>},
 openalex = {W2115857118},
 pages = {569–576},
 publisher = {ACM},
 series = {ACM International Conference Proceeding Series},
 title = {Multiclass boosting with repartitioning},
 volume = {148},
 year = {2006}
}

@inproceedings{li2006pachinko,
 address = {Pittsburgh, Pennsylvania, USA},
 author = {Li, Wei and McCallum, Andrew},
 booktitle = {Machine Learning: Proceedings of the Twenty-Third International Conference (ICML)},
 doi = {10.1145/1143844.1143917},
 editor = {Cohen, William W. and Moore, Andrew W.},
 month = {June},
 note = {<<https://doi.org/10.1145/1143844.1143917>>},
 openalex = {W2912651257},
 pages = {577–584},
 publisher = {ACM},
 series = {ACM International Conference Proceeding Series},
 title = {Pachinko allocation: DAG-structured mixture models of topic correlations},
 volume = {148},
 year = {2006}
}

@inproceedings{li2006regionbased,
 address = {Pittsburgh, Pennsylvania, USA},
 author = {Li, Hui and Liao, Xuejun and Carin, Lawrence},
 booktitle = {Machine Learning: Proceedings of the Twenty-Third International Conference (ICML)},
 doi = {10.1145/1143844.1143915},
 editor = {Cohen, William W. and Moore, Andrew W.},
 month = {June},
 note = {<<https://doi.org/10.1145/1143844.1143915>>},
 openalex = {W2111748747},
 pages = {561–568},
 publisher = {ACM},
 series = {ACM International Conference Proceeding Series},
 title = {Region-based value iteration for partially observable Markov decision processes},
 volume = {148},
 year = {2006}
}

@inproceedings{long2006spectral,
 address = {Pittsburgh, Pennsylvania, USA},
 author = {Long, Bo and Zhang, Zhongfei (Mark) and Wu, Xiaoyun and Yu, Philip S.},
 booktitle = {Machine Learning: Proceedings of the Twenty-Third International Conference (ICML)},
 doi = {10.1145/1143844.1143918},
 editor = {Cohen, William W. and Moore, Andrew W.},
 month = {June},
 note = {<<https://doi.org/10.1145/1143844.1143918>>},
 pages = {585–592},
 publisher = {ACM},
 series = {ACM International Conference Proceeding Series},
 title = {Spectral clustering for multi-type relational data},
 volume = {148},
 year = {2006}
}

@inproceedings{lu2006combined,
 address = {Pittsburgh, Pennsylvania, USA},
 author = {Lu, Le and Vidal, René},
 booktitle = {Machine Learning: Proceedings of the Twenty-Third International Conference (ICML)},
 doi = {10.1145/1143844.1143919},
 editor = {Cohen, William W. and Moore, Andrew W.},
 month = {June},
 note = {<<https://doi.org/10.1145/1143844.1143919>>},
 openalex = {W2075632264},
 pages = {593–600},
 publisher = {ACM},
 series = {ACM International Conference Proceeding Series},
 title = {Combined central and subspace clustering for computer vision applications},
 volume = {148},
 year = {2006}
}

@inproceedings{maggioni2006fast,
 address = {Pittsburgh, Pennsylvania, USA},
 author = {Maggioni, Mauro and Mahadevan, Sridhar},
 booktitle = {Machine Learning: Proceedings of the Twenty-Third International Conference (ICML)},
 doi = {10.1145/1143844.1143920},
 editor = {Cohen, William W. and Moore, Andrew W.},
 month = {June},
 note = {<<https://doi.org/10.1145/1143844.1143920>>},
 openalex = {W2139816856},
 pages = {601–608},
 publisher = {ACM},
 series = {ACM International Conference Proceeding Series},
 title = {Fast direct policy evaluation using multiscale analysis of Markov diffusion processes},
 volume = {148},
 year = {2006}
}

@inproceedings{martinez2006pruning,
 address = {Pittsburgh, Pennsylvania, USA},
 author = {Martínez-Muñoz, Gonzalo and Suárez, Alberto},
 booktitle = {Machine Learning: Proceedings of the Twenty-Third International Conference (ICML)},
 doi = {10.1145/1143844.1143921},
 editor = {Cohen, William W. and Moore, Andrew W.},
 month = {June},
 note = {<https://doi.org/10.1145/1143844.1143921>},
 openalex = {W1995276998},
 pages = {609–616},
 publisher = {ACM},
 series = {ACM International Conference Proceeding Series},
 title = {Pruning in ordered bagging ensembles},
 volume = {148},
 year = {2006}
}

@inproceedings{mcauley2006learning,
 address = {Pittsburgh, Pennsylvania, USA},
 author = {McAuley, Julian J. and Caetano, Tibério S.},
 booktitle = {Machine Learning: Proceedings of the Twenty-Third International Conference (ICML)},
 doi = {10.1145/1143844.1143922},
 editor = {Cohen, William W. and Moore, Andrew W.},
 month = {June},
 note = {<https://doi.org/10.1145/1143844.1143922>},
 openalex = {W2158717601},
 pages = {617–624},
 publisher = {ACM},
 series = {ACM International Conference Proceeding Series},
 title = {Learning high-order MRF priors of color images},
 volume = {148},
 year = {2006}
}

@inproceedings{meila2006uniqueness,
 address = {Pittsburgh, Pennsylvania, USA},
 author = {Meila, Marina},
 booktitle = {Machine Learning: Proceedings of the Twenty-Third International Conference (ICML)},
 doi = {10.1145/1143844.1143923},
 editor = {Cohen, William W. and Moore, Andrew W.},
 month = {June},
 note = {<https://doi.org/10.1145/1143844.1143923>},
 openalex = {W2140434878},
 pages = {625–632},
 publisher = {ACM},
 series = {ACM International Conference Proceeding Series},
 title = {The uniqueness of a good optimum for K-means},
 volume = {148},
 year = {2006}
}

@inproceedings{moghaddam2006generalized,
 address = {Pittsburgh, Pennsylvania, USA},
 author = {Moghaddam, Baback and Weiss, Yair and Avidan, Shai},
 booktitle = {Machine Learning: Proceedings of the Twenty-Third International Conference (ICML)},
 doi = {10.1145/1143844.1143925},
 editor = {Cohen, William W. and Moore, Andrew W.},
 month = {June},
 note = {<https://doi.org/10.1145/1143844.1143925>},
 openalex = {W1998938582},
 pages = {641–648},
 publisher = {ACM},
 series = {ACM International Conference Proceeding Series},
 title = {Generalized spectral bounds for sparse LDA},
 volume = {148},
 year = {2006}
}

@inproceedings{naor2006learning,
 address = {Pittsburgh, Pennsylvania, USA},
 author = {Naor, Moni and Rothblum, Guy N.},
 booktitle = {Machine Learning: Proceedings of the Twenty-Third International Conference (ICML)},
 doi = {10.1145/1143844.1143926},
 editor = {Cohen, William W. and Moore, Andrew W.},
 month = {June},
 note = {<https://doi.org/10.1145/1143844.1143926>},
 openalex = {W2074524675},
 pages = {649–656},
 publisher = {ACM},
 series = {ACM International Conference Proceeding Series},
 title = {Learning to impersonate},
 volume = {148},
 year = {2006}
}

@inproceedings{narasimhan2006online,
 address = {Pittsburgh, Pennsylvania, USA},
 author = {Narasimhan, Mukund and Viola, Paul A. and Shilman, Michael},
 booktitle = {Machine Learning: Proceedings of the Twenty-Third International Conference (ICML)},
 doi = {10.1145/1143844.1143927},
 editor = {Cohen, William W. and Moore, Andrew W.},
 month = {June},
 note = {<https://doi.org/10.1145/1143844.1143927>},
 openalex = {W2139034093},
 pages = {657–664},
 publisher = {ACM},
 series = {ACM International Conference Proceeding Series},
 title = {Online decoding of Markov models under latency constraints},
 volume = {148},
 year = {2006}
}

@inproceedings{nejati2006learning,
 address = {Pittsburgh, Pennsylvania, USA},
 author = {Nejati, Negin and Langley, Pat and Könik, Tolga},
 booktitle = {Machine Learning: Proceedings of the Twenty-Third International Conference (ICML)},
 doi = {10.1145/1143844.1143928},
 editor = {Cohen, William W. and Moore, Andrew W.},
 month = {June},
 note = {<https://doi.org/10.1145/1143844.1143928>},
 openalex = {W2162227979},
 pages = {665–672},
 publisher = {ACM},
 series = {ACM International Conference Proceeding Series},
 title = {Learning hierarchical task networks by observation},
 volume = {148},
 year = {2006}
}

@inproceedings{nevmyvaka2006reinforcement,
 address = {Pittsburgh, Pennsylvania, USA},
 author = {Nevmyvaka, Yuriy and Feng, Yi and Kearns, Michael J.},
 booktitle = {Machine Learning: Proceedings of the Twenty-Third International Conference (ICML)},
 doi = {10.1145/1143844.1143929},
 editor = {Cohen, William W. and Moore, Andrew W.},
 month = {June},
 note = {<https://doi.org/10.1145/1143844.1143929>},
 openalex = {W2160519132},
 pages = {673–680},
 publisher = {ACM},
 series = {ACM International Conference Proceeding Series},
 title = {Reinforcement learning for optimized trade execution},
 volume = {148},
 year = {2006}
}

@inproceedings{p2006concept,
 address = {Pittsburgh, Pennsylvania, USA},
 author = {P, Navneet and Chang, Edward Y. and Wu, Gang},
 booktitle = {Machine Learning: Proceedings of the Twenty-Third International Conference (ICML)},
 doi = {10.1145/1143844.1143930},
 editor = {Cohen, William W. and Moore, Andrew W.},
 month = {June},
 note = {<https://doi.org/10.1145/1143844.1143930>},
 openalex = {W2116952064},
 pages = {681–688},
 publisher = {ACM},
 series = {ACM International Conference Proceeding Series},
 title = {Concept boundary detection for speeding up SVMs},
 volume = {148},
 year = {2006}
}

@inproceedings{pereira2006support,
 address = {Pittsburgh, Pennsylvania, USA},
 author = {Pereira, Francisco and Gordon, Geoffrey J.},
 booktitle = {Machine Learning: Proceedings of the Twenty-Third International Conference (ICML)},
 doi = {10.1145/1143844.1143931},
 editor = {Cohen, William W. and Moore, Andrew W.},
 month = {June},
 note = {<https://doi.org/10.1145/1143844.1143931>},
 openalex = {W2111101775},
 pages = {689–696},
 publisher = {ACM},
 series = {ACM International Conference Proceeding Series},
 title = {The support vector decomposition machine},
 volume = {148},
 year = {2006}
}

@inproceedings{poupart2006analytic,
 address = {Pittsburgh, Pennsylvania, USA},
 author = {Poupart, Pascal and Vlassis, Nikos and Hoey, Jesse and Regan, Kevin},
 booktitle = {Machine Learning: Proceedings of the Twenty-Third International Conference (ICML)},
 doi = {10.1145/1143844.1143932},
 editor = {Cohen, William W. and Moore, Andrew W.},
 month = {June},
 note = {<https://doi.org/10.1145/1143844.1143932>},
 openalex = {W2116459397},
 pages = {697–704},
 publisher = {ACM},
 series = {ACM International Conference Proceeding Series},
 title = {An analytic solution to discrete Bayesian reinforcement learning},
 volume = {148},
 year = {2006}
}

@inproceedings{rahmani2006missl,
 address = {Pittsburgh, Pennsylvania, USA},
 author = {Rahmani, Rouhollah and Goldman, Sally A.},
 booktitle = {Machine Learning: Proceedings of the Twenty-Third International Conference (ICML)},
 doi = {10.1145/1143844.1143933},
 editor = {Cohen, William W. and Moore, Andrew W.},
 month = {June},
 note = {<https://doi.org/10.1145/1143844.1143933>},
 openalex = {W2076752034},
 pages = {705–712},
 publisher = {ACM},
 series = {ACM International Conference Proceeding Series},
 title = {MISSL: multiple-instance semi-supervised learning},
 volume = {148},
 year = {2006}
}

@inproceedings{raina2006constructing,
 address = {Pittsburgh, Pennsylvania, USA},
 author = {Raina, Rajat and Ng, Andrew Y. and Koller, Daphne},
 booktitle = {Machine Learning: Proceedings of the Twenty-Third International Conference (ICML)},
 doi = {10.1145/1143844.1143934},
 editor = {Cohen, William W. and Moore, Andrew W.},
 month = {June},
 note = {<https://doi.org/10.1145/1143844.1143934>},
 openalex = {W2165744911},
 pages = {713–720},
 publisher = {ACM},
 series = {ACM International Conference Proceeding Series},
 title = {Constructing informative priors using transfer learning},
 volume = {148},
 year = {2006}
}

@inproceedings{ralaivola2006cn,
 address = {Pittsburgh, Pennsylvania, USA},
 author = {Ralaivola, Liva and Denis, François and Magnan, Christophe Nicolas},
 booktitle = {Machine Learning: Proceedings of the Twenty-Third International Conference (ICML)},
 doi = {10.1145/1143844.1143935},
 editor = {Cohen, William W. and Moore, Andrew W.},
 month = {June},
 note = {<https://doi.org/10.1145/1143844.1143935>},
 pages = {721–728},
 publisher = {ACM},
 series = {ACM International Conference Proceeding Series},
 title = {CN = CPCN},
 volume = {148},
 year = {2006}
}

@inproceedings{ratliff2006maximum,
 address = {Pittsburgh, Pennsylvania, USA},
 author = {Ratliff, Nathan D. and Bagnell, J. Andrew and Zinkevich, Martin},
 booktitle = {Machine Learning: Proceedings of the Twenty-Third International Conference (ICML)},
 doi = {10.1145/1143844.1143936},
 editor = {Cohen, William W. and Moore, Andrew W.},
 month = {June},
 note = {<https://doi.org/10.1145/1143844.1143936>},
 openalex = {W2169498096},
 pages = {729–736},
 publisher = {ACM},
 series = {ACM International Conference Proceeding Series},
 title = {Maximum margin planning},
 volume = {148},
 year = {2006}
}

@inproceedings{ravikumar2006quadratic,
 address = {Pittsburgh, Pennsylvania, USA},
 author = {Ravikumar, Pradeep and Lafferty, John D.},
 booktitle = {Machine Learning: Proceedings of the Twenty-Third International Conference (ICML)},
 doi = {10.1145/1143844.1143937},
 editor = {Cohen, William W. and Moore, Andrew W.},
 month = {June},
 note = {<https://doi.org/10.1145/1143844.1143937>},
 openalex = {W2140666719},
 pages = {737–744},
 publisher = {ACM},
 series = {ACM International Conference Proceeding Series},
 title = {Quadratic programming relaxations for metric labeling and Markov random field MAP estimation},
 volume = {148},
 year = {2006}
}

@inproceedings{renders2006categorization,
 address = {Pittsburgh, Pennsylvania, USA},
 author = {Renders, Jean-Michel and Gaussier, Éric and Goutte, Cyril and Pacull, François and Csurka, Gabriela},
 booktitle = {Machine Learning: Proceedings of the Twenty-Third International Conference (ICML)},
 doi = {10.1145/1143844.1143938},
 editor = {Cohen, William W. and Moore, Andrew W.},
 month = {June},
 note = {<https://doi.org/10.1145/1143844.1143938>},
 openalex = {W2114141674},
 pages = {745–752},
 publisher = {ACM},
 series = {ACM International Conference Proceeding Series},
 title = {Categorization in multiple category systems},
 volume = {148},
 year = {2006}
}

@inproceedings{reyzin2006boosting,
 address = {Pittsburgh, Pennsylvania, USA},
 author = {Reyzin, Lev and Schapire, Robert E.},
 booktitle = {Machine Learning: Proceedings of the Twenty-Third International Conference (ICML)},
 doi = {10.1145/1143844.1143939},
 editor = {Cohen, William W. and Moore, Andrew W.},
 month = {June},
 note = {<https://doi.org/10.1145/1143844.1143939>},
 openalex = {W2129763352},
 pages = {753–760},
 publisher = {ACM},
 series = {ACM International Conference Proceeding Series},
 title = {How boosting the margin can also boost classifier complexity},
 volume = {148},
 year = {2006}
}

@inproceedings{rol2006kernel,
 address = {Pittsburgh, Pennsylvania, USA},
 author = {Rol, and Memisevic},
 booktitle = {Machine Learning: Proceedings of the Twenty-Third International Conference (ICML)},
 doi = {10.1145/1143844.1143924},
 editor = {Cohen, William W. and Moore, Andrew W.},
 month = {June},
 note = {<https://doi.org/10.1145/1143844.1143924>},
 openalex = {W2108313990},
 pages = {633–640},
 publisher = {ACM},
 series = {ACM International Conference Proceeding Series},
 title = {Kernel information embeddings},
 volume = {148},
 year = {2006}
}

@inproceedings{ross2006combining,
 address = {Pittsburgh, Pennsylvania, USA},
 author = {Ross, David A. and Osindero, Simon and Zemel, Richard S.},
 booktitle = {Machine Learning: Proceedings of the Twenty-Third International Conference (ICML)},
 doi = {10.1145/1143844.1143940},
 editor = {Cohen, William W. and Moore, Andrew W.},
 month = {June},
 note = {<https://doi.org/10.1145/1143844.1143940>},
 openalex = {W1990980378},
 pages = {761–768},
 publisher = {ACM},
 series = {ACM International Conference Proceeding Series},
 title = {Combining discriminative features to infer complex trajectories},
 volume = {148},
 year = {2006}
}

@inproceedings{roure2006sequential,
 address = {Pittsburgh, Pennsylvania, USA},
 author = {Roure, Josep and Moore, Andrew W.},
 booktitle = {Machine Learning: Proceedings of the Twenty-Third International Conference (ICML)},
 doi = {10.1145/1143844.1143941},
 editor = {Cohen, William W. and Moore, Andrew W.},
 month = {June},
 note = {<https://doi.org/10.1145/1143844.1143941>},
 openalex = {W1978487435},
 pages = {769–776},
 publisher = {ACM},
 series = {ACM International Conference Proceeding Series},
 title = {Sequential update of ADtrees},
 volume = {148},
 year = {2006}
}

@inproceedings{ruckert2006statistical,
 address = {Pittsburgh, Pennsylvania, USA},
 author = {Rückert, Ulrich and Kramer, Stefan},
 booktitle = {Machine Learning: Proceedings of the Twenty-Third International Conference (ICML)},
 doi = {10.1145/1143844.1143943},
 editor = {Cohen, William W. and Moore, Andrew W.},
 month = {June},
 note = {<https://doi.org/10.1145/1143844.1143943>},
 openalex = {W2098925412},
 pages = {785–792},
 publisher = {ACM},
 series = {ACM International Conference Proceeding Series},
 title = {A statistical approach to rule learning},
 volume = {148},
 year = {2006}
}

@inproceedings{rudary2006predictive,
 address = {Pittsburgh, Pennsylvania, USA},
 author = {Rudary, Matthew R. and Singh, Satinder},
 booktitle = {Machine Learning: Proceedings of the Twenty-Third International Conference (ICML)},
 doi = {10.1145/1143844.1143942},
 editor = {Cohen, William W. and Moore, Andrew W.},
 month = {June},
 note = {<https://doi.org/10.1145/1143844.1143942>},
 openalex = {W2077466296},
 pages = {777–784},
 publisher = {ACM},
 series = {ACM International Conference Proceeding Series},
 title = {Predictive linear-Gaussian models of controlled stochastic dynamical systems},
 volume = {148},
 year = {2006}
}

@inproceedings{sarawagi2006efficient,
 address = {Pittsburgh, Pennsylvania, USA},
 author = {Sarawagi, Sunita},
 booktitle = {Machine Learning: Proceedings of the Twenty-Third International Conference (ICML)},
 doi = {10.1145/1143844.1143944},
 editor = {Cohen, William W. and Moore, Andrew W.},
 month = {June},
 note = {<https://doi.org/10.1145/1143844.1143944>},
 openalex = {W1996956037},
 pages = {793–800},
 publisher = {ACM},
 series = {ACM International Conference Proceeding Series},
 title = {Efficient inference on sequence segmentation models},
 volume = {148},
 year = {2006}
}

@inproceedings{sen2006costsensitive,
 address = {Pittsburgh, Pennsylvania, USA},
 author = {Sen, Prithviraj and Getoor, Lise},
 booktitle = {Machine Learning: Proceedings of the Twenty-Third International Conference (ICML)},
 doi = {10.1145/1143844.1143945},
 editor = {Cohen, William W. and Moore, Andrew W.},
 month = {June},
 note = {<https://doi.org/10.1145/1143844.1143945>},
 openalex = {W2166473136},
 pages = {801–808},
 publisher = {ACM},
 series = {ACM International Conference Proceeding Series},
 title = {Cost-sensitive learning with conditional Markov networks},
 volume = {148},
 year = {2006}
}

@inproceedings{sheng2006feature,
 address = {Pittsburgh, Pennsylvania, USA},
 author = {Sheng, Victor S. and Ling, Charles X.},
 booktitle = {Machine Learning: Proceedings of the Twenty-Third International Conference (ICML)},
 doi = {10.1145/1143844.1143946},
 editor = {Cohen, William W. and Moore, Andrew W.},
 month = {June},
 note = {<https://doi.org/10.1145/1143844.1143946>},
 pages = {809–816},
 publisher = {ACM},
 series = {ACM International Conference Proceeding Series},
 title = {Feature value acquisition in testing: a sequential batch test algorithm},
 volume = {148},
 year = {2006}
}

@inproceedings{shivaswamy2006permutation,
 address = {Pittsburgh, Pennsylvania, USA},
 author = {Shivaswamy, Pannagadatta K. and Jebara, Tony},
 booktitle = {Machine Learning: Proceedings of the Twenty-Third International Conference (ICML)},
 doi = {10.1145/1143844.1143947},
 editor = {Cohen, William W. and Moore, Andrew W.},
 month = {June},
 note = {<https://doi.org/10.1145/1143844.1143947>},
 openalex = {W1986065347},
 pages = {817–824},
 publisher = {ACM},
 series = {ACM International Conference Proceeding Series},
 title = {Permutation invariant SVMs},
 volume = {148},
 year = {2006}
}

@inproceedings{silva2006bayesian,
 address = {Pittsburgh, Pennsylvania, USA},
 author = {Silva, Ricardo Bezerra de Andrade e and Scheines, Richard},
 booktitle = {Machine Learning: Proceedings of the Twenty-Third International Conference (ICML)},
 doi = {10.1145/1143844.1143948},
 editor = {Cohen, William W. and Moore, Andrew W.},
 month = {June},
 note = {<https://doi.org/10.1145/1143844.1143948>},
 pages = {825–832},
 publisher = {ACM},
 series = {ACM International Conference Proceeding Series},
 title = {Bayesian learning of measurement and structural models},
 volume = {148},
 year = {2006}
}

@inproceedings{silva2006dealing,
 address = {Pittsburgh, Pennsylvania, USA},
 author = {Silva, Bruno Castro da and Basso, Eduardo W. and Bazzan, Ana L. C. and Engel, Paulo Martins},
 booktitle = {Machine Learning: Proceedings of the Twenty-Third International Conference (ICML)},
 doi = {10.1145/1143844.1143872},
 editor = {Cohen, William W. and Moore, Andrew W.},
 month = {June},
 note = {<https://doi.org/10.1145/1143844.1143872>},
 pages = {217–224},
 publisher = {ACM},
 series = {ACM International Conference Proceeding Series},
 title = {Dealing with non-stationary environments using context detection},
 volume = {148},
 year = {2006}
}

@inproceedings{simsek2006intrinsic,
 address = {Pittsburgh, Pennsylvania, USA},
 author = {Simsek, Özgür and Barto, Andrew G.},
 booktitle = {Machine Learning: Proceedings of the Twenty-Third International Conference (ICML)},
 doi = {10.1145/1143844.1143949},
 editor = {Cohen, William W. and Moore, Andrew W.},
 month = {June},
 note = {<https://doi.org/10.1145/1143844.1143949>},
 openalex = {W2140332127},
 pages = {833–840},
 publisher = {ACM},
 series = {ACM International Conference Proceeding Series},
 title = {An intrinsic reward mechanism for efficient exploration},
 volume = {148},
 year = {2006}
}

@inproceedings{sindhwani2006deterministic,
 address = {Pittsburgh, Pennsylvania, USA},
 author = {Sindhwani, Vikas and Keerthi, S. Sathiya and Chapelle, Olivier},
 booktitle = {Machine Learning: Proceedings of the Twenty-Third International Conference (ICML)},
 doi = {10.1145/1143844.1143950},
 editor = {Cohen, William W. and Moore, Andrew W.},
 month = {June},
 note = {<https://doi.org/10.1145/1143844.1143950>},
 openalex = {W2147025064},
 pages = {841–848},
 publisher = {ACM},
 series = {ACM International Conference Proceeding Series},
 title = {Deterministic annealing for semi-supervised kernel machines},
 volume = {148},
 year = {2006}
}

@inproceedings{singhi2006feature,
 address = {Pittsburgh, Pennsylvania, USA},
 author = {Singhi, Surendra K. and Liu, Huan},
 booktitle = {Machine Learning: Proceedings of the Twenty-Third International Conference (ICML)},
 doi = {10.1145/1143844.1143951},
 editor = {Cohen, William W. and Moore, Andrew W.},
 month = {June},
 note = {<https://doi.org/10.1145/1143844.1143951>},
 openalex = {W2115002964},
 pages = {849–856},
 publisher = {ACM},
 series = {ACM International Conference Proceeding Series},
 title = {Feature subset selection bias for classification learning},
 volume = {148},
 year = {2006}
}

@inproceedings{song2006classifying,
 address = {Pittsburgh, Pennsylvania, USA},
 author = {Song, Le and Epps, Julien},
 booktitle = {Machine Learning: Proceedings of the Twenty-Third International Conference (ICML)},
 doi = {10.1145/1143844.1143952},
 editor = {Cohen, William W. and Moore, Andrew W.},
 month = {June},
 note = {<https://doi.org/10.1145/1143844.1143952>},
 openalex = {W2088812805},
 pages = {857–864},
 publisher = {ACM},
 series = {ACM International Conference Proceeding Series},
 title = {Classifying EEG for brain-computer interfaces: learning optimal filters for dynamical system features},
 volume = {148},
 year = {2006}
}

@inproceedings{srebro2006investigation,
 address = {Pittsburgh, Pennsylvania, USA},
 author = {Srebro, Nathan and Shakhnarovich, Gregory and Roweis, Sam T.},
 booktitle = {Machine Learning: Proceedings of the Twenty-Third International Conference (ICML)},
 doi = {10.1145/1143844.1143953},
 editor = {Cohen, William W. and Moore, Andrew W.},
 month = {June},
 note = {<https://doi.org/10.1145/1143844.1143953>},
 openalex = {W2102416536},
 pages = {865–872},
 publisher = {ACM},
 series = {ACM International Conference Proceeding Series},
 title = {An investigation of computational and informational limits in Gaussian mixture clustering},
 volume = {148},
 year = {2006}
}

@inproceedings{stern2006bayesian,
 address = {Pittsburgh, Pennsylvania, USA},
 author = {Stern, David H. and Herbrich, Ralf and Graepel, Thore},
 booktitle = {Machine Learning: Proceedings of the Twenty-Third International Conference (ICML)},
 doi = {10.1145/1143844.1143954},
 editor = {Cohen, William W. and Moore, Andrew W.},
 month = {June},
 note = {<https://doi.org/10.1145/1143844.1143954>},
 openalex = {W2135129960},
 pages = {873–880},
 publisher = {ACM},
 series = {ACM International Conference Proceeding Series},
 title = {Bayesian pattern ranking for move prediction in the game of Go},
 volume = {148},
 year = {2006}
}

@inproceedings{su2006full,
 address = {Pittsburgh, Pennsylvania, USA},
 author = {Su, Jiang and Zhang, Harry},
 booktitle = {Machine Learning: Proceedings of the Twenty-Third International Conference (ICML)},
 doi = {10.1145/1143844.1143957},
 editor = {Cohen, William W. and Moore, Andrew W.},
 month = {June},
 note = {<https://doi.org/10.1145/1143844.1143957>},
 pages = {897–904},
 publisher = {ACM},
 series = {ACM International Conference Proceeding Series},
 title = {Full Bayesian network classifiers},
 volume = {148},
 year = {2006}
}

@inproceedings{sugiyama2006local,
 address = {Pittsburgh, Pennsylvania, USA},
 author = {Sugiyama, Masashi},
 booktitle = {Machine Learning: Proceedings of the Twenty-Third International Conference (ICML)},
 doi = {10.1145/1143844.1143958},
 editor = {Cohen, William W. and Moore, Andrew W.},
 month = {June},
 note = {<https://doi.org/10.1145/1143844.1143958>},
 openalex = {W2114217318},
 pages = {905–912},
 publisher = {ACM},
 series = {ACM International Conference Proceeding Series},
 title = {Local Fisher discriminant analysis for supervised dimensionality reduction},
 volume = {148},
 year = {2006}
}

@inproceedings{sun2006iterative,
 address = {Pittsburgh, Pennsylvania, USA},
 author = {Sun, Yijun and Li, Jian},
 booktitle = {Machine Learning: Proceedings of the Twenty-Third International Conference (ICML)},
 doi = {10.1145/1143844.1143959},
 editor = {Cohen, William W. and Moore, Andrew W.},
 month = {June},
 note = {<https://doi.org/10.1145/1143844.1143959>},
 openalex = {W1983575673},
 pages = {913–920},
 publisher = {ACM},
 series = {ACM International Conference Proceeding Series},
 title = {Iterative RELIEF for feature weighting},
 volume = {148},
 year = {2006}
}

@inproceedings{tang2006multiclass,
 address = {Pittsburgh, Pennsylvania, USA},
 author = {Tang, Benyang and Mazzoni, Dominic},
 booktitle = {Machine Learning: Proceedings of the Twenty-Third International Conference (ICML)},
 doi = {10.1145/1143844.1143960},
 editor = {Cohen, William W. and Moore, Andrew W.},
 month = {June},
 note = {<https://doi.org/10.1145/1143844.1143960>},
 openalex = {W2022369455},
 pages = {921–928},
 publisher = {ACM},
 series = {ACM International Conference Proceeding Series},
 title = {Multiclass Reduced-Set Support Vector Machines},
 volume = {148},
 year = {2006}
}

@inproceedings{teo2006fast,
 address = {Pittsburgh, Pennsylvania, USA},
 author = {Teo, Choon Hui and Vishwanathan, S. V. N.},
 booktitle = {Machine Learning: Proceedings of the Twenty-Third International Conference (ICML)},
 doi = {10.1145/1143844.1143961},
 editor = {Cohen, William W. and Moore, Andrew W.},
 month = {June},
 note = {<https://doi.org/10.1145/1143844.1143961>},
 openalex = {W2020258599},
 pages = {929–936},
 publisher = {ACM},
 series = {ACM International Conference Proceeding Series},
 title = {Fast and Space Efficient String Kernels Using Suffix Arrays},
 volume = {148},
 year = {2006}
}

@inproceedings{ting2006bayesian,
 address = {Pittsburgh, Pennsylvania, USA},
 author = {Ting, Jo-Anne and D'Souza, Aaron and Schaal, Stefan},
 booktitle = {Machine Learning: Proceedings of the Twenty-Third International Conference (ICML)},
 doi = {10.1145/1143844.1143962},
 editor = {Cohen, William W. and Moore, Andrew W.},
 month = {June},
 note = {<https://doi.org/10.1145/1143844.1143962>},
 openalex = {W2126357135},
 pages = {937–944},
 publisher = {ACM},
 series = {ACM International Conference Proceeding Series},
 title = {Bayesian Regression with Input Noise for High Dimensional Data},
 volume = {148},
 year = {2006}
}

@inproceedings{toussaint2006probabilistic,
 address = {Pittsburgh, Pennsylvania, USA},
 author = {Toussaint, Marc and Storkey, Amos J.},
 booktitle = {Machine Learning: Proceedings of the Twenty-Third International Conference (ICML)},
 doi = {10.1145/1143844.1143963},
 editor = {Cohen, William W. and Moore, Andrew W.},
 month = {June},
 note = {<https://doi.org/10.1145/1143844.1143963>},
 openalex = {W2123157758},
 pages = {945–952},
 publisher = {ACM},
 series = {ACM International Conference Proceeding Series},
 title = {Probabilistic Inference for Solving Discrete and Continuous State Markov Decision Processes},
 volume = {148},
 year = {2006}
}

@inproceedings{tsuda2006clustering,
 address = {Pittsburgh, Pennsylvania, USA},
 author = {Tsuda, Koji and Kudo, Taku},
 booktitle = {Machine Learning: Proceedings of the Twenty-Third International Conference (ICML)},
 doi = {10.1145/1143844.1143964},
 editor = {Cohen, William W. and Moore, Andrew W.},
 month = {June},
 note = {<https://doi.org/10.1145/1143844.1143964>},
 openalex = {W2133286004},
 pages = {953–960},
 publisher = {ACM},
 series = {ACM International Conference Proceeding Series},
 title = {Clustering Graphs by Weighted Substructure Mining},
 volume = {148},
 year = {2006}
}

@inproceedings{veeramachaneni2006active,
 address = {Pittsburgh, Pennsylvania, USA},
 author = {Veeramachaneni, Sriharsha and Olivetti, Emanuele and Avesani, Paolo},
 booktitle = {Machine Learning: Proceedings of the Twenty-Third International Conference (ICML)},
 doi = {10.1145/1143844.1143965},
 editor = {Cohen, William W. and Moore, Andrew W.},
 month = {June},
 note = {<https://doi.org/10.1145/1143844.1143965>},
 openalex = {W2080558295},
 pages = {961–968},
 publisher = {ACM},
 series = {ACM International Conference Proceeding Series},
 title = {Active Sampling for Detecting Irrelevant Features},
 volume = {148},
 year = {2006}
}

@inproceedings{vishwanathan2006accelerated,
 address = {Pittsburgh, Pennsylvania, USA},
 author = {Vishwanathan, S. V. N. and Schraudolph, Nicol N. and Schmidt, Mark W. and Murphy, Kevin P.},
 booktitle = {Machine Learning: Proceedings of the Twenty-Third International Conference (ICML)},
 doi = {10.1145/1143844.1143966},
 editor = {Cohen, William W. and Moore, Andrew W.},
 month = {June},
 note = {<https://doi.org/10.1145/1143844.1143966>},
 openalex = {W2109189215},
 pages = {969–976},
 publisher = {ACM},
 series = {ACM International Conference Proceeding Series},
 title = {Accelerated Training of Conditional Random Fields with Stochastic Gradient Methods},
 volume = {148},
 year = {2006}
}

@inproceedings{wallach2006topic,
 address = {Pittsburgh, Pennsylvania, USA},
 author = {Wallach, Hanna M.},
 booktitle = {Machine Learning: Proceedings of the Twenty-Third International Conference (ICML)},
 doi = {10.1145/1143844.1143967},
 editor = {Cohen, William W. and Moore, Andrew W.},
 month = {June},
 note = {<https://doi.org/10.1145/1143844.1143967>},
 pages = {977–984},
 publisher = {ACM},
 series = {ACM International Conference Proceeding Series},
 title = {Topic Modeling: Beyond Bag-of-Words},
 volume = {148},
 year = {2006}
}

@inproceedings{wang2006label,
 address = {Pittsburgh, Pennsylvania, USA},
 author = {Wang, Fei and Zhang, Changshui},
 booktitle = {Machine Learning: Proceedings of the Twenty-Third International Conference (ICML)},
 doi = {10.1145/1143844.1143968},
 editor = {Cohen, William W. and Moore, Andrew W.},
 month = {June},
 note = {<https://doi.org/10.1145/1143844.1143968>},
 openalex = {W1969198379},
 pages = {985–992},
 publisher = {ACM},
 series = {ACM International Conference Proceeding Series},
 title = {Label Propagation Through Linear Neighborhoods},
 volume = {148},
 year = {2006}
}

@inproceedings{wang2006twodimensional,
 address = {Pittsburgh, Pennsylvania, USA},
 author = {Wang, Gang and Yeung, Dit-Yan and Lochovsky, Frederick H.},
 booktitle = {Machine Learning: Proceedings of the Twenty-Third International Conference (ICML)},
 doi = {10.1145/1143844.1143969},
 editor = {Cohen, William W. and Moore, Andrew W.},
 month = {June},
 note = {<https://doi.org/10.1145/1143844.1143969>},
 openalex = {W2055586095},
 pages = {993–1000},
 publisher = {ACM},
 series = {ACM International Conference Proceeding Series},
 title = {Two-Dimensional Solution Path for Support Vector Regression},
 volume = {148},
 year = {2006}
}

@inproceedings{warmuth2006totally,
 address = {Pittsburgh, Pennsylvania, USA},
 author = {Warmuth, Manfred K. and Liao, Jun and Rätsch, Gunnar},
 booktitle = {Machine Learning: Proceedings of the Twenty-Third International Conference (ICML)},
 doi = {10.1145/1143844.1143970},
 editor = {Cohen, William W. and Moore, Andrew W.},
 month = {June},
 note = {<https://doi.org/10.1145/1143844.1143970>},
 openalex = {W2016133707},
 pages = {1001–1008},
 publisher = {ACM},
 series = {ACM International Conference Proceeding Series},
 title = {Totally Corrective Boosting Algorithms That Maximize the Margin},
 volume = {148},
 year = {2006}
}

@inproceedings{weston2006inference,
 address = {Pittsburgh, Pennsylvania, USA},
 author = {Weston, Jason and Collobert, Ronan and Sinz, Fabian H. and Bottou, Léon and Vapnik, Vladimir},
 booktitle = {Machine Learning: Proceedings of the Twenty-Third International Conference (ICML)},
 doi = {10.1145/1143844.1143971},
 editor = {Cohen, William W. and Moore, Andrew W.},
 month = {June},
 note = {<https://doi.org/10.1145/1143844.1143971>},
 openalex = {W1990975153},
 pages = {1009–1016},
 publisher = {ACM},
 series = {ACM International Conference Proceeding Series},
 title = {Inference with the Universum},
 volume = {148},
 year = {2006}
}

@inproceedings{wingate2006kernel,
 address = {Pittsburgh, Pennsylvania, USA},
 author = {Wingate, David and Singh, Satinder},
 booktitle = {Machine Learning: Proceedings of the Twenty-Third International Conference (ICML)},
 doi = {10.1145/1143844.1143972},
 editor = {Cohen, William W. and Moore, Andrew W.},
 month = {June},
 note = {<https://doi.org/10.1145/1143844.1143972>},
 openalex = {W2115046977},
 pages = {1017–1024},
 publisher = {ACM},
 series = {ACM International Conference Proceeding Series},
 title = {Kernel Predictive Linear Gaussian Models for Nonlinear Stochastic Dynamical Systems},
 volume = {148},
 year = {2006}
}

@inproceedings{wolfe2006predictive,
 address = {Pittsburgh, Pennsylvania, USA},
 author = {Wolfe, Britton and Singh, Satinder},
 booktitle = {Machine Learning: Proceedings of the Twenty-Third International Conference (ICML)},
 doi = {10.1145/1143844.1143973},
 editor = {Cohen, William W. and Moore, Andrew W.},
 month = {June},
 note = {<https://doi.org/10.1145/1143844.1143973>},
 openalex = {W2102949476},
 pages = {1025–1032},
 publisher = {ACM},
 series = {ACM International Conference Proceeding Series},
 title = {Predictive State Representations with Options},
 volume = {148},
 year = {2006}
}

@inproceedings{xi2006fast,
 address = {Pittsburgh, Pennsylvania, USA},
 author = {Xi, Xiaopeng and Keogh, Eamonn J. and Shelton, Christian R. and Wei, Li and Ratanamahatana, Chotirat Ann},
 booktitle = {Machine Learning: Proceedings of the Twenty-Third International Conference (ICML)},
 doi = {10.1145/1143844.1143974},
 editor = {Cohen, William W. and Moore, Andrew W.},
 month = {June},
 note = {<https://doi.org/10.1145/1143844.1143974>},
 openalex = {W2039260438},
 pages = {1033–1040},
 publisher = {ACM},
 series = {ACM International Conference Proceeding Series},
 title = {Fast Time Series Classification Using Numerosity Reduction},
 volume = {148},
 year = {2006}
}

@inproceedings{xiao2006duality,
 address = {Pittsburgh, Pennsylvania, USA},
 author = {Xiao, Lin and Sun, Jun and Boyd, Stephen P.},
 booktitle = {Machine Learning: Proceedings of the Twenty-Third International Conference (ICML)},
 doi = {10.1145/1143844.1143975},
 editor = {Cohen, William W. and Moore, Andrew W.},
 month = {June},
 note = {<https://doi.org/10.1145/1143844.1143975>},
 openalex = {W2155402588},
 pages = {1041–1048},
 publisher = {ACM},
 series = {ACM International Conference Proceeding Series},
 title = {A Duality View of Spectral Methods for Dimensionality Reduction},
 volume = {148},
 year = {2006}
}

@inproceedings{xing2006bayesian,
 address = {Pittsburgh, Pennsylvania, USA},
 author = {Xing, Eric P. and Sohn, Kyung-Ah and Jordan, Michael I. and Teh, Yee Whye},
 booktitle = {Machine Learning: Proceedings of the Twenty-Third International Conference (ICML)},
 doi = {10.1145/1143844.1143976},
 editor = {Cohen, William W. and Moore, Andrew W.},
 month = {June},
 note = {<https://doi.org/10.1145/1143844.1143976>},
 openalex = {W2123218486},
 pages = {1049–1056},
 publisher = {ACM},
 series = {ACM International Conference Proceeding Series},
 title = {Bayesian Multi-Population Haplotype Inference via a Hierarchical Dirichlet Process Mixture},
 volume = {148},
 year = {2006}
}

@inproceedings{xu2006discriminative,
 address = {Pittsburgh, Pennsylvania, USA},
 author = {Xu, Linli and Wilkinson, Dana F. and Southey, Finnegan and Schuurmans, Dale},
 booktitle = {Machine Learning: Proceedings of the Twenty-Third International Conference (ICML)},
 doi = {10.1145/1143844.1143977},
 editor = {Cohen, William W. and Moore, Andrew W.},
 month = {June},
 note = {<https://doi.org/10.1145/1143844.1143977>},
 openalex = {W2168772685},
 pages = {1057–1064},
 publisher = {ACM},
 series = {ACM International Conference Proceeding Series},
 title = {Discriminative Unsupervised Learning of Structured Predictors},
 volume = {148},
 year = {2006}
}

@inproceedings{yang2006semisupervised,
 address = {Pittsburgh, Pennsylvania, USA},
 author = {Yang, Xin and Fu, Haoying and Zha, Hongyuan and Barlow, Jesse L.},
 booktitle = {Machine Learning: Proceedings of the Twenty-Third International Conference (ICML)},
 doi = {10.1145/1143844.1143978},
 editor = {Cohen, William W. and Moore, Andrew W.},
 month = {June},
 note = {<https://doi.org/10.1145/1143844.1143978>},
 openalex = {W2167267197},
 pages = {1065–1072},
 publisher = {ACM},
 series = {ACM International Conference Proceeding Series},
 title = {Semi-Supervised Nonlinear Dimensionality Reduction},
 volume = {148},
 year = {2006}
}

@inproceedings{ye2006null,
 address = {Pittsburgh, Pennsylvania, USA},
 author = {Ye, Jieping and Xiong, Tao},
 booktitle = {Machine Learning: Proceedings of the Twenty-Third International Conference (ICML)},
 doi = {10.1145/1143844.1143979},
 editor = {Cohen, William W. and Moore, Andrew W.},
 month = {June},
 note = {<https://doi.org/10.1145/1143844.1143979>},
 openalex = {W2052730000},
 pages = {1073–1080},
 publisher = {ACM},
 series = {ACM International Conference Proceeding Series},
 title = {Null Space Versus Orthogonal Linear Discriminant Analysis},
 volume = {148},
 year = {2006}
}

@inproceedings{yu2006active,
 address = {Pittsburgh, Pennsylvania, USA},
 author = {Yu, Kai and Bi, Jinbo and Tresp, Volker},
 booktitle = {Machine Learning: Proceedings of the Twenty-Third International Conference (ICML)},
 doi = {10.1145/1143844.1143980},
 editor = {Cohen, William W. and Moore, Andrew W.},
 month = {June},
 note = {<https://doi.org/10.1145/1143844.1143980>},
 openalex = {W2114188922},
 pages = {1081–1088},
 publisher = {ACM},
 series = {ACM International Conference Proceeding Series},
 title = {Active Learning via Transductive Experimental Design},
 volume = {148},
 year = {2006}
}

@inproceedings{yu2006collaborative,
 address = {Pittsburgh, Pennsylvania, USA},
 author = {Yu, Shipeng and Yu, Kai and Tresp, Volker and Kriegel, Hans-Peter},
 booktitle = {Machine Learning: Proceedings of the Twenty-Third International Conference (ICML)},
 doi = {10.1145/1143844.1143981},
 editor = {Cohen, William W. and Moore, Andrew W.},
 month = {June},
 note = {<https://doi.org/10.1145/1143844.1143981>},
 openalex = {W2107988499},
 pages = {1089–1096},
 publisher = {ACM},
 series = {ACM International Conference Proceeding Series},
 title = {Collaborative Ordinal Regression},
 volume = {148},
 year = {2006}
}

@inproceedings{zhang2006blockquantized,
 address = {Pittsburgh, Pennsylvania, USA},
 author = {Zhang, Kai and Kwok, James T.},
 booktitle = {Machine Learning: Proceedings of the Twenty-Third International Conference (ICML)},
 doi = {10.1145/1143844.1143982},
 editor = {Cohen, William W. and Moore, Andrew W.},
 month = {June},
 note = {<https://doi.org/10.1145/1143844.1143982>},
 openalex = {W2072531725},
 pages = {1097–1104},
 publisher = {ACM},
 series = {ACM International Conference Proceeding Series},
 title = {Block-Quantized Kernel Matrix for Fast Spectral Embedding},
 volume = {148},
 year = {2006}
}

@inproceedings{zheng2006efficient,
 address = {Pittsburgh, Pennsylvania, USA},
 author = {Zheng, Fei and Webb, Geoffrey I.},
 booktitle = {Machine Learning: Proceedings of the Twenty-Third International Conference (ICML)},
 doi = {10.1145/1143844.1143984},
 editor = {Cohen, William W. and Moore, Andrew W.},
 month = {June},
 note = {<https://doi.org/10.1145/1143844.1143984>},
 openalex = {W2091299760},
 pages = {1113–1120},
 publisher = {ACM},
 series = {ACM International Conference Proceeding Series},
 title = {Efficient Lazy Elimination for Averaged One-Dependence Estimators},
 volume = {148},
 year = {2006}
}

@inproceedings{zheng2006statistical,
 address = {Pittsburgh, Pennsylvania, USA},
 author = {Zheng, Alice X. and Jordan, Michael I. and Liblit, Ben and Naik, Mayur and Aiken, Alex},
 booktitle = {Machine Learning: Proceedings of the Twenty-Third International Conference (ICML)},
 doi = {10.1145/1143844.1143983},
 editor = {Cohen, William W. and Moore, Andrew W.},
 month = {June},
 note = {<https://doi.org/10.1145/1143844.1143983>},
 openalex = {W2146747981},
 pages = {1105–1112},
 publisher = {ACM},
 series = {ACM International Conference Proceeding Series},
 title = {Statistical Debugging: Simultaneous Identification of Multiple Bugs},
 volume = {148},
 year = {2006}
}
