@inproceedings{agarwal2007learning,
 address = {Corvallis, Oregon, USA},
 author = {Agarwal, Alekh and Chakrabarti, Soumen},
 booktitle = {Machine Learning: Proceedings of the Twenty-Fourth International Conference (ICML)},
 doi = {10.1145/1273496.1273498},
 editor = {Ghahramani, Zoubin},
 month = {June},
 note = {\url{https://doi.org/10.1145/1273496.1273498}},
 pages = {9--16},
 publisher = {ACM},
 series = {ACM International Conference Proceeding Series},
 title = {Learning random walks to rank nodes in graphs},
 volume = {227},
 year = {2007}
}

@inproceedings{aimeur2007quantum,
 address = {Corvallis, Oregon, USA},
 author = {Aïmeur, Esma and Brassard, Gilles and Gambs, Sébastien},
 booktitle = {Machine Learning: Proceedings of the Twenty-Fourth International Conference (ICML)},
 doi = {10.1145/1273496.1273497},
 editor = {Ghahramani, Zoubin},
 month = {June},
 note = {\url{https://doi.org/10.1145/1273496.1273497}},
 pages = {1--8},
 publisher = {ACM},
 series = {ACM International Conference Proceeding Series},
 title = {Quantum clustering algorithms},
 volume = {227},
 year = {2007}
}

@inproceedings{aless2007fast,
 address = {Corvallis, Oregon, USA},
 author = {Aless and Moschitti, Roberto and Zanzotto, Fabio Massimo},
 booktitle = {Machine Learning: Proceedings of the Twenty-Fourth International Conference (ICML)},
 doi = {10.1145/1273496.1273578},
 editor = {Ghahramani, Zoubin},
 month = {June},
 note = {\url{https://doi.org/10.1145/1273496.1273578}},
 pages = {649--656},
 publisher = {ACM},
 series = {ACM International Conference Proceeding Series},
 title = {Fast and effective kernels for relational learning from texts},
 volume = {227},
 year = {2007}
}

@inproceedings{alex2007full,
 address = {Corvallis, Oregon, USA},
 author = {Alex, and d'Aspremont, re and Bach, Francis R. and Ghaoui, Laurent El},
 booktitle = {Machine Learning: Proceedings of the Twenty-Fourth International Conference (ICML)},
 doi = {10.1145/1273496.1273519},
 editor = {Ghahramani, Zoubin},
 month = {June},
 note = {\url{https://doi.org/10.1145/1273496.1273519}},
 pages = {177--184},
 publisher = {ACM},
 series = {ACM International Conference Proceeding Series},
 title = {Full regularization path for sparse principal component analysis},
 volume = {227},
 year = {2007}
}

@inproceedings{alex2007multiclass,
 address = {Corvallis, Oregon, USA},
 author = {Alex and Zien, Er and Ong, Cheng Soon},
 booktitle = {Machine Learning: Proceedings of the Twenty-Fourth International Conference (ICML)},
 doi = {10.1145/1273496.1273646},
 editor = {Ghahramani, Zoubin},
 month = {June},
 note = {\url{https://doi.org/10.1145/1273496.1273646}},
 pages = {1191--1198},
 publisher = {ACM},
 series = {ACM International Conference Proceeding Series},
 title = {Multiclass multiple kernel learning},
 volume = {227},
 year = {2007}
}

@inproceedings{alex2007online,
 address = {Corvallis, Oregon, USA},
 author = {Alex,  and Rakhlin, E. and Abernethy, Jacob D. and Bartlett, Peter L.},
 booktitle = {Machine Learning: Proceedings of the Twenty-Fourth International Conference (ICML)},
 doi = {10.1145/1273496.1273593},
 editor = {Ghahramani, Zoubin},
 month = {June},
 note = {\url{\url{https://doi.org/10.1145/1273496.1273593}}},
 pages = {767--774},
 publisher = {ACM},
 series = {ACM International Conference Proceeding Series},
 title = {Online discovery of similarity mappings},
 volume = {227},
 year = {2007}
}

@inproceedings{alex2007transductive,
 address = {Corvallis, Oregon, USA},
 author = {Alex and Zien, Er and Brefeld, Ulf and Scheffer, Tobias},
 booktitle = {Machine Learning: Proceedings of the Twenty-Fourth International Conference (ICML)},
 doi = {10.1145/1273496.1273645},
 editor = {Ghahramani, Zoubin},
 month = {June},
 note = {\url{https://doi.org/10.1145/1273496.1273645}},
 pages = {1183--1190},
 publisher = {ACM},
 series = {ACM International Conference Proceeding Series},
 title = {Transductive support vector machines for structured variables},
 volume = {227},
 year = {2007}
}

@inproceedings{amit2007uncovering,
 address = {Corvallis, Oregon, USA},
 author = {Amit, Yonatan and Fink, Michael and Srebro, Nathan and Ullman, Shimon},
 booktitle = {Machine Learning: Proceedings of the Twenty-Fourth International Conference (ICML)},
 doi = {10.1145/1273496.1273499},
 editor = {Ghahramani, Zoubin},
 month = {June},
 note = {\url{https://doi.org/10.1145/1273496.1273499}},
 pages = {17--24},
 publisher = {ACM},
 series = {ACM International Conference Proceeding Series},
 title = {Uncovering shared structures in multiclass classification},
 volume = {227},
 year = {2007}
}

@inproceedings{ando2007twoview,
 address = {Corvallis, Oregon, USA},
 author = {Ando, Rie Kubota and Zhang, Tong},
 booktitle = {Machine Learning: Proceedings of the Twenty-Fourth International Conference (ICML)},
 doi = {10.1145/1273496.1273500},
 editor = {Ghahramani, Zoubin},
 month = {June},
 note = {\url{https://doi.org/10.1145/1273496.1273500}},
 pages = {25--32},
 publisher = {ACM},
 series = {ACM International Conference Proceeding Series},
 title = {Two-view feature generation model for semi-supervised learning},
 volume = {227},
 year = {2007}
}

@inproceedings{andrew2007scalable,
 address = {Corvallis, Oregon, USA},
 author = {Andrew, Galen and Gao, Jianfeng},
 booktitle = {Machine Learning: Proceedings of the Twenty-Fourth International Conference (ICML)},
 doi = {10.1145/1273496.1273501},
 editor = {Ghahramani, Zoubin},
 month = {June},
 note = {\url{https://doi.org/10.1145/1273496.1273501}},
 pages = {33--40},
 publisher = {ACM},
 series = {ACM International Conference Proceeding Series},
 title = {Scalable training of L1-regularized log-linear models},
 volume = {227},
 year = {2007}
}

@inproceedings{asharaf2007multiclass,
 address = {Corvallis, Oregon, USA},
 author = {Asharaf, S. and Murty, M. Narasimha and Shevade, Shirish K.},
 booktitle = {Machine Learning: Proceedings of the Twenty-Fourth International Conference (ICML)},
 doi = {10.1145/1273496.1273502},
 editor = {Ghahramani, Zoubin},
 month = {June},
 note = {\url{https://doi.org/10.1145/1273496.1273502}},
 pages = {41--48},
 publisher = {ACM},
 series = {ACM International Conference Proceeding Series},
 title = {Multiclass core vector machine},
 volume = {227},
 year = {2007}
}

@inproceedings{azran2007rendezvous,
 address = {Corvallis, Oregon, USA},
 author = {Azran, Arik},
 booktitle = {Machine Learning: Proceedings of the Twenty-Fourth International Conference (ICML)},
 doi = {10.1145/1273496.1273503},
 editor = {Ghahramani, Zoubin},
 month = {June},
 note = {\url{https://doi.org/10.1145/1273496.1273503}},
 pages = {49--56},
 publisher = {ACM},
 series = {ACM International Conference Proceeding Series},
 title = {The rendezvous algorithm: multiclass semi-supervised learning with Markov random walks},
 volume = {227},
 year = {2007}
}

@inproceedings{babaria2007focused,
 address = {Corvallis, Oregon, USA},
 author = {Babaria, Rashmin and Nath, J. Saketha and Krishnan, S. and Sivaramakrishnan, K. R. and Bhattacharyya, Chiranjib and Murty, M. Narasimha},
 booktitle = {Machine Learning: Proceedings of the Twenty-Fourth International Conference (ICML)},
 doi = {10.1145/1273496.1273504},
 editor = {Ghahramani, Zoubin},
 month = {June},
 note = {\url{https://doi.org/10.1145/1273496.1273504}},
 pages = {57--64},
 publisher = {ACM},
 series = {ACM International Conference Proceeding Series},
 title = {Focused crawling with scalable ordinal regression solvers},
 volume = {227},
 year = {2007}
}

@inproceedings{barhillel2007learning,
 address = {Corvallis, Oregon, USA},
 author = {Bar-Hillel, Aharon and Weinshall, Daphna},
 booktitle = {Machine Learning: Proceedings of the Twenty-Fourth International Conference (ICML)},
 doi = {10.1145/1273496.1273505},
 editor = {Ghahramani, Zoubin},
 month = {June},
 note = {\url{https://doi.org/10.1145/1273496.1273505}},
 pages = {65--72},
 publisher = {ACM},
 series = {ACM International Conference Proceeding Series},
 title = {Learning distance function by coding similarity},
 volume = {227},
 year = {2007}
}

@inproceedings{bhattacharya2007structural,
 address = {Corvallis, Oregon, USA},
 author = {Bhattacharya, Sourangshu and Bhattacharyya, Chiranjib and Ch, Nagasuma R.},
 booktitle = {Machine Learning: Proceedings of the Twenty-Fourth International Conference (ICML)},
 doi = {10.1145/1273496.1273506},
 editor = {Ghahramani, Zoubin},
 month = {June},
 note = {\url{https://doi.org/10.1145/1273496.1273506}},
 pages = {73--80},
 publisher = {ACM},
 series = {ACM International Conference Proceeding Series},
 title = {Structural alignment based kernels for protein structure classification},
 volume = {227},
 year = {2007}
}

@inproceedings{bickel2007discriminative,
 address = {Corvallis, Oregon, USA},
 author = {Bickel, Steffen and Brückner, Michael and Scheffer, Tobias},
 booktitle = {Machine Learning: Proceedings of the Twenty-Fourth International Conference (ICML)},
 doi = {10.1145/1273496.1273507},
 editor = {Ghahramani, Zoubin},
 month = {June},
 note = {\url{https://doi.org/10.1145/1273496.1273507}},
 pages = {81--88},
 publisher = {ACM},
 series = {ACM International Conference Proceeding Series},
 title = {Discriminative learning for differing training and test distributions},
 volume = {227},
 year = {2007}
}

@inproceedings{bordes2007solving,
 address = {Corvallis, Oregon, USA},
 author = {Bordes, Antoine and Bottou, Léon and Gallinari, Patrick and Weston, Jason},
 booktitle = {Machine Learning: Proceedings of the Twenty-Fourth International Conference (ICML)},
 doi = {10.1145/1273496.1273508},
 editor = {Ghahramani, Zoubin},
 month = {June},
 note = {\url{https://doi.org/10.1145/1273496.1273508}},
 pages = {89--96},
 publisher = {ACM},
 series = {ACM International Conference Proceeding Series},
 title = {Solving multiclass support vector machines with LaRank},
 volume = {227},
 year = {2007}
}

@inproceedings{bryan2007efficiently,
 address = {Corvallis, Oregon, USA},
 author = {Bryan, Brent and McMahan, H. Brendan and Schafer, Chad M. and Schneider, Jeff G.},
 booktitle = {Machine Learning: Proceedings of the Twenty-Fourth International Conference (ICML)},
 doi = {10.1145/1273496.1273509},
 editor = {Ghahramani, Zoubin},
 month = {June},
 note = {\url{https://doi.org/10.1145/1273496.1273509}},
 pages = {97--104},
 publisher = {ACM},
 series = {ACM International Conference Proceeding Series},
 title = {Efficiently computing minimax expected-size confidence regions},
 volume = {227},
 year = {2007}
}

@inproceedings{bunescu2007multiple,
 address = {Corvallis, Oregon, USA},
 author = {Bunescu, Razvan C. and Mooney, Raymond J.},
 booktitle = {Machine Learning: Proceedings of the Twenty-Fourth International Conference (ICML)},
 doi = {10.1145/1273496.1273510},
 editor = {Ghahramani, Zoubin},
 month = {June},
 note = {\url{https://doi.org/10.1145/1273496.1273510}},
 pages = {105--112},
 publisher = {ACM},
 series = {ACM International Conference Proceeding Series},
 title = {Multiple instance learning for sparse positive bags},
 volume = {227},
 year = {2007}
}

@inproceedings{busse2007cluster,
 address = {Corvallis, Oregon, USA},
 author = {Busse, Ludwig M. and Orbanz, Peter and Buhmann, Joachim M.},
 booktitle = {Machine Learning: Proceedings of the Twenty-Fourth International Conference (ICML)},
 doi = {10.1145/1273496.1273511},
 editor = {Ghahramani, Zoubin},
 month = {June},
 note = {\url{https://doi.org/10.1145/1273496.1273511}},
 pages = {113--120},
 publisher = {ACM},
 series = {ACM International Conference Proceeding Series},
 title = {Cluster analysis of heterogeneous rank data},
 volume = {227},
 year = {2007}
}

@inproceedings{cao2007feature,
 address = {Corvallis, Oregon, USA},
 author = {Cao, Bin and Shen, Dou and Sun, Jian-Tao and Yang, Qiang and Chen, Zheng},
 booktitle = {Machine Learning: Proceedings of the Twenty-Fourth International Conference (ICML)},
 doi = {10.1145/1273496.1273512},
 editor = {Ghahramani, Zoubin},
 month = {June},
 note = {\url{https://doi.org/10.1145/1273496.1273512}},
 pages = {121--128},
 publisher = {ACM},
 series = {ACM International Conference Proceeding Series},
 title = {Feature selection in a kernel space},
 volume = {227},
 year = {2007}
}

@inproceedings{cao2007learning,
 address = {Corvallis, Oregon, USA},
 author = {Cao, Zhe and Qin, Tao and Liu, Tie-Yan and Tsai, Ming-Feng and Li, Hang},
 booktitle = {Machine Learning: Proceedings of the Twenty-Fourth International Conference (ICML)},
 doi = {10.1145/1273496.1273513},
 editor = {Ghahramani, Zoubin},
 month = {June},
 note = {\url{https://doi.org/10.1145/1273496.1273513}},
 pages = {129--136},
 publisher = {ACM},
 series = {ACM International Conference Proceeding Series},
 title = {Learning to rank: from pairwise approach to listwise approach},
 volume = {227},
 year = {2007}
}

@inproceedings{cazzanti2007local,
 address = {Corvallis, Oregon, USA},
 author = {Cazzanti, Luca and Gupta, Maya R.},
 booktitle = {Machine Learning: Proceedings of the Twenty-Fourth International Conference (ICML)},
 doi = {10.1145/1273496.1273514},
 editor = {Ghahramani, Zoubin},
 month = {June},
 note = {\url{https://doi.org/10.1145/1273496.1273514}},
 pages = {137--144},
 publisher = {ACM},
 series = {ACM International Conference Proceeding Series},
 title = {Local similarity discriminant analysis},
 volume = {227},
 year = {2007}
}

@inproceedings{chan2007direct,
 address = {Corvallis, Oregon, USA},
 author = {Chan, Antoni B. and Vasconcelos, Nuno and Lanckriet, Gert R. G.},
 booktitle = {Machine Learning: Proceedings of the Twenty-Fourth International Conference (ICML)},
 doi = {10.1145/1273496.1273515},
 editor = {Ghahramani, Zoubin},
 month = {June},
 note = {\url{https://doi.org/10.1145/1273496.1273515}},
 pages = {145--153},
 publisher = {ACM},
 series = {ACM International Conference Proceeding Series},
 title = {Direct convex relaxations of sparse SVM},
 volume = {227},
 year = {2007}
}

@inproceedings{chen2007minimum,
 address = {Corvallis, Oregon, USA},
 author = {Chen, Xue-wen and Jeong, Jong Cheol},
 booktitle = {Machine Learning: Proceedings of the Twenty-Fourth International Conference (ICML)},
 doi = {10.1145/1273496.1273516},
 editor = {Ghahramani, Zoubin},
 month = {June},
 note = {\url{https://doi.org/10.1145/1273496.1273516}},
 pages = {153--160},
 publisher = {ACM},
 series = {ACM International Conference Proceeding Series},
 title = {Minimum reference set based feature selection for small sample classifications},
 volume = {227},
 year = {2007}
}

@inproceedings{cheng2007learning,
 address = {Corvallis, Oregon, USA},
 author = {Cheng, Li and Vishwanathan, S. V. N.},
 booktitle = {Machine Learning: Proceedings of the Twenty-Fourth International Conference (ICML)},
 doi = {10.1145/1273496.1273517},
 editor = {Ghahramani, Zoubin},
 month = {June},
 note = {\url{https://doi.org/10.1145/1273496.1273517}},
 pages = {161--168},
 publisher = {ACM},
 series = {ACM International Conference Proceeding Series},
 title = {Learning to compress images and videos},
 volume = {227},
 year = {2007}
}

@inproceedings{cortes2007magnitudepreserving,
 address = {Corvallis, Oregon, USA},
 author = {Cortes, Corinna and Mohri, Mehryar and Rastogi, Ashish},
 booktitle = {Machine Learning: Proceedings of the Twenty-Fourth International Conference (ICML)},
 doi = {10.1145/1273496.1273518},
 editor = {Ghahramani, Zoubin},
 month = {June},
 note = {\url{https://doi.org/10.1145/1273496.1273518}},
 pages = {169--176},
 publisher = {ACM},
 series = {ACM International Conference Proceeding Series},
 title = {Magnitude-preserving ranking algorithms},
 volume = {227},
 year = {2007}
}

@inproceedings{dai2007boosting,
 address = {Corvallis, Oregon, USA},
 author = {Dai, Wenyuan and Yang, Qiang and Xue, Gui-Rong and Yu, Yong},
 booktitle = {Machine Learning: Proceedings of the Twenty-Fourth International Conference (ICML)},
 doi = {10.1145/1273496.1273521},
 editor = {Ghahramani, Zoubin},
 month = {June},
 note = {\url{https://doi.org/10.1145/1273496.1273521}},
 pages = {193--200},
 publisher = {ACM},
 series = {ACM International Conference Proceeding Series},
 title = {Boosting for transfer learning},
 volume = {227},
 year = {2007}
}

@inproceedings{dai2007kernel,
 address = {Corvallis, Oregon, USA},
 author = {Dai, Guang and Yeung, Dit-Yan},
 booktitle = {Machine Learning: Proceedings of the Twenty-Fourth International Conference (ICML)},
 doi = {10.1145/1273496.1273520},
 editor = {Ghahramani, Zoubin},
 month = {June},
 note = {\url{https://doi.org/10.1145/1273496.1273520}},
 pages = {185--192},
 publisher = {ACM},
 series = {ACM International Conference Proceeding Series},
 title = {Kernel selection for semi-supervised kernel machines},
 volume = {227},
 year = {2007}
}

@inproceedings{davidson2007intractability,
 address = {Corvallis, Oregon, USA},
 author = {Davidson, Ian and Ravi, S. S.},
 booktitle = {Machine Learning: Proceedings of the Twenty-Fourth International Conference (ICML)},
 doi = {10.1145/1273496.1273522},
 editor = {Ghahramani, Zoubin},
 month = {June},
 note = {\url{https://doi.org/10.1145/1273496.1273522}},
 pages = {201--208},
 publisher = {ACM},
 series = {ACM International Conference Proceeding Series},
 title = {Intractability and clustering with constraints},
 volume = {227},
 year = {2007}
}

@inproceedings{davis2007informationtheoretic,
 address = {Corvallis, Oregon, USA},
 author = {Davis, Jason V. and Kulis, Brian and Jain, Prateek and Sra, Suvrit and Dhillon, Inderjit S.},
 booktitle = {Machine Learning: Proceedings of the Twenty-Fourth International Conference (ICML)},
 doi = {10.1145/1273496.1273523},
 editor = {Ghahramani, Zoubin},
 month = {June},
 note = {\url{https://doi.org/10.1145/1273496.1273523}},
 pages = {209--216},
 publisher = {ACM},
 series = {ACM International Conference Proceeding Series},
 title = {Information-theoretic metric learning},
 volume = {227},
 year = {2007}
}

@inproceedings{davis2007integrated,
 address = {Corvallis, Oregon, USA},
 author = {Davis, Jesse and Costa, Vítor Santos and Ray, Soumya and Page, David},
 booktitle = {Machine Learning: Proceedings of the Twenty-Fourth International Conference (ICML)},
 doi = {10.1145/1273496.1273524},
 editor = {Ghahramani, Zoubin},
 month = {June},
 note = {\url{https://doi.org/10.1145/1273496.1273524}},
 pages = {217--224},
 publisher = {ACM},
 series = {ACM International Conference Proceeding Series},
 title = {An integrated approach to feature invention and model construction for drug activity prediction},
 volume = {227},
 year = {2007}
}

@inproceedings{delage2007percentile,
 address = {Corvallis, Oregon, USA},
 author = {Delage, Erick and Mannor, Shie},
 booktitle = {Machine Learning: Proceedings of the Twenty-Fourth International Conference (ICML)},
 doi = {10.1145/1273496.1273525},
 editor = {Ghahramani, Zoubin},
 month = {June},
 note = {\url{https://doi.org/10.1145/1273496.1273525}},
 pages = {225--232},
 publisher = {ACM},
 series = {ACM International Conference Proceeding Series},
 title = {Percentile optimization in uncertain Markov decision processes with application to efficient exploration},
 volume = {227},
 year = {2007}
}

@inproceedings{dietz2007unsupervised,
 address = {Corvallis, Oregon, USA},
 author = {Dietz, Laura and Bickel, Steffen and Scheffer, Tobias},
 booktitle = {Machine Learning: Proceedings of the Twenty-Fourth International Conference (ICML)},
 doi = {10.1145/1273496.1273526},
 editor = {Ghahramani, Zoubin},
 month = {June},
 note = {\url{https://doi.org/10.1145/1273496.1273526}},
 pages = {233--240},
 publisher = {ACM},
 series = {ACM International Conference Proceeding Series},
 title = {Unsupervised prediction of citation influences},
 volume = {227},
 year = {2007}
}

@inproceedings{ding2007adaptive,
 address = {Corvallis, Oregon, USA},
 author = {Ding, Chris H. Q. and Li, Tao},
 booktitle = {Machine Learning: Proceedings of the Twenty-Fourth International Conference (ICML)},
 doi = {10.1145/1273496.1273562},
 editor = {Ghahramani, Zoubin},
 month = {June},
 note = {\url{https://doi.org/10.1145/1273496.1273562}},
 pages = {521--528},
 publisher = {ACM},
 series = {ACM International Conference Proceeding Series},
 title = {Adaptive dimension reduction using discriminant analysis and K-means clustering},
 volume = {227},
 year = {2007}
}

@inproceedings{dollar2007nonisometric,
 address = {Corvallis, Oregon, USA},
 author = {Dollar, Piotr and Rabaud, Vincent C. and Belongie, Serge J.},
 booktitle = {Machine Learning: Proceedings of the Twenty-Fourth International Conference (ICML)},
 doi = {10.1145/1273496.1273527},
 editor = {Ghahramani, Zoubin},
 month = {June},
 note = {\url{https://doi.org/10.1145/1273496.1273527}},
 pages = {241--248},
 publisher = {ACM},
 series = {ACM International Conference Proceeding Series},
 title = {Non-isometric manifold learning: analysis and an algorithm},
 volume = {227},
 year = {2007}
}

@inproceedings{dudik2007hierarchical,
 address = {Corvallis, Oregon, USA},
 author = {Dudík, Miroslav and Blei, David M. and Schapire, Robert E.},
 booktitle = {Machine Learning: Proceedings of the Twenty-Fourth International Conference (ICML)},
 doi = {10.1145/1273496.1273528},
 editor = {Ghahramani, Zoubin},
 month = {June},
 note = {\url{https://doi.org/10.1145/1273496.1273528}},
 pages = {249--256},
 publisher = {ACM},
 series = {ACM International Conference Proceeding Series},
 title = {Hierarchical maximum entropy density estimation},
 volume = {227},
 year = {2007}
}

@inproceedings{esposito2007carpediem,
 address = {Corvallis, Oregon, USA},
 author = {Esposito, Roberto and Radicioni, Daniele Paolo},
 booktitle = {Machine Learning: Proceedings of the Twenty-Fourth International Conference (ICML)},
 doi = {10.1145/1273496.1273529},
 editor = {Ghahramani, Zoubin},
 month = {June},
 note = {\url{https://doi.org/10.1145/1273496.1273529}},
 pages = {257--264},
 publisher = {ACM},
 series = {ACM International Conference Proceeding Series},
 title = {CarpeDiem: an algorithm for the fast evaluation of SSL classifiers},
 volume = {227},
 year = {2007}
}

@inproceedings{gelly2007combining,
 address = {Corvallis, Oregon, USA},
 author = {Gelly, Sylvain and Silver, David},
 booktitle = {Machine Learning: Proceedings of the Twenty-Fourth International Conference (ICML)},
 doi = {10.1145/1273496.1273531},
 editor = {Ghahramani, Zoubin},
 month = {June},
 note = {\url{https://doi.org/10.1145/1273496.1273531}},
 pages = {273--280},
 publisher = {ACM},
 series = {ACM International Conference Proceeding Series},
 title = {Combining online and offline knowledge in UCT},
 volume = {227},
 year = {2007}
}

@inproceedings{gerber2007robust,
 address = {Corvallis, Oregon, USA},
 author = {Gerber, Samuel and Tasdizen, Tolga and Whitaker, Ross T.},
 booktitle = {Machine Learning: Proceedings of the Twenty-Fourth International Conference (ICML)},
 doi = {10.1145/1273496.1273532},
 editor = {Ghahramani, Zoubin},
 month = {June},
 note = {\url{https://doi.org/10.1145/1273496.1273532}},
 pages = {281--288},
 publisher = {ACM},
 series = {ACM International Conference Proceeding Series},
 title = {Robust non-linear dimensionality reduction using successive 1-dimensional Laplacian Eigenmaps},
 volume = {227},
 year = {2007}
}

@inproceedings{geurts2007gradient,
 address = {Corvallis, Oregon, USA},
 author = {Geurts, Pierre and Wehenkel, Louis and d'Alché-Buc, Florence},
 booktitle = {Machine Learning: Proceedings of the Twenty-Fourth International Conference (ICML)},
 doi = {10.1145/1273496.1273533},
 editor = {Ghahramani, Zoubin},
 month = {June},
 note = {\url{https://doi.org/10.1145/1273496.1273533}},
 pages = {289--296},
 publisher = {ACM},
 series = {ACM International Conference Proceeding Series},
 title = {Gradient boosting for kernelized output spaces},
 volume = {227},
 year = {2007}
}

@inproceedings{ghavamzadeh2007bayesian,
 address = {Corvallis, Oregon, USA},
 author = {Ghavamzadeh, Mohammad and Engel, Yaakov},
 booktitle = {Machine Learning: Proceedings of the Twenty-Fourth International Conference (ICML)},
 doi = {10.1145/1273496.1273534},
 editor = {Ghahramani, Zoubin},
 month = {June},
 note = {\url{https://doi.org/10.1145/1273496.1273534}},
 pages = {297--304},
 publisher = {ACM},
 series = {ACM International Conference Proceeding Series},
 title = {Bayesian actor-critic algorithms},
 volume = {227},
 year = {2007}
}

@inproceedings{globerson2007exponentiated,
 address = {Corvallis, Oregon, USA},
 author = {Globerson, Amir and Koo, Terry and Carreras, Xavier and Collins, Michael},
 booktitle = {Machine Learning: Proceedings of the Twenty-Fourth International Conference (ICML)},
 doi = {10.1145/1273496.1273535},
 editor = {Ghahramani, Zoubin},
 month = {June},
 note = {\url{https://doi.org/10.1145/1273496.1273535}},
 pages = {305--312},
 publisher = {ACM},
 series = {ACM International Conference Proceeding Series},
 title = {Exponentiated gradient algorithms for log-linear structured prediction},
 volume = {227},
 year = {2007}
}

@inproceedings{grira2007best,
 address = {Corvallis, Oregon, USA},
 author = {Grira, Nizar and Houle, Michael E.},
 booktitle = {Machine Learning: Proceedings of the Twenty-Fourth International Conference (ICML)},
 doi = {10.1145/1273496.1273536},
 editor = {Ghahramani, Zoubin},
 month = {June},
 note = {\url{https://doi.org/10.1145/1273496.1273536}},
 pages = {313--320},
 publisher = {ACM},
 series = {ACM International Conference Proceeding Series},
 title = {Best of both: a hybridized centroid-medoid clustering heuristic},
 volume = {227},
 year = {2007}
}

@inproceedings{guo2007recovering,
 address = {Corvallis, Oregon, USA},
 author = {Guo, Fan and Hanneke, Steve and Fu, Wenjie and Xing, Eric P.},
 booktitle = {Machine Learning: Proceedings of the Twenty-Fourth International Conference (ICML)},
 doi = {10.1145/1273496.1273537},
 editor = {Ghahramani, Zoubin},
 month = {June},
 note = {\url{https://doi.org/10.1145/1273496.1273537}},
 pages = {321--328},
 publisher = {ACM},
 series = {ACM International Conference Proceeding Series},
 title = {Recovering temporally rewiring networks: a model-based approach},
 volume = {227},
 year = {2007}
}

@inproceedings{gupta2007efficient,
 address = {Corvallis, Oregon, USA},
 author = {Gupta, Rahul and Diwan, Ajit A. and Sarawagi, Sunita},
 booktitle = {Machine Learning: Proceedings of the Twenty-Fourth International Conference (ICML)},
 doi = {10.1145/1273496.1273538},
 editor = {Ghahramani, Zoubin},
 month = {June},
 note = {\url{https://doi.org/10.1145/1273496.1273538}},
 pages = {329--336},
 publisher = {ACM},
 series = {ACM International Conference Proceeding Series},
 title = {Efficient inference with cardinality-based clique potentials},
 volume = {227},
 year = {2007}
}

@inproceedings{haider2007supervised,
 address = {Corvallis, Oregon, USA},
 author = {Haider, Peter and Brefeld, Ulf and Scheffer, Tobias},
 booktitle = {Machine Learning: Proceedings of the Twenty-Fourth International Conference (ICML)},
 doi = {10.1145/1273496.1273540},
 editor = {Ghahramani, Zoubin},
 month = {June},
 note = {\url{https://doi.org/10.1145/1273496.1273540}},
 pages = {345--352},
 publisher = {ACM},
 series = {ACM International Conference Proceeding Series},
 title = {Supervised clustering of streaming data for email batch detection},
 volume = {227},
 year = {2007}
}

@inproceedings{hanneke2007bound,
 address = {Corvallis, Oregon, USA},
 author = {Hanneke, Steve},
 booktitle = {Machine Learning: Proceedings of the Twenty-Fourth International Conference (ICML)},
 doi = {10.1145/1273496.1273541},
 editor = {Ghahramani, Zoubin},
 month = {June},
 note = {\url{https://doi.org/10.1145/1273496.1273541}},
 pages = {353--360},
 publisher = {ACM},
 series = {ACM International Conference Proceeding Series},
 title = {A bound on the label complexity of agnostic active learning},
 volume = {227},
 year = {2007}
}

@inproceedings{herault2007sparse,
 address = {Corvallis, Oregon, USA},
 author = {Hérault, Romain and Gr, Yves},
 booktitle = {Machine Learning: Proceedings of the Twenty-Fourth International Conference (ICML)},
 doi = {10.1145/1273496.1273539},
 editor = {Ghahramani, Zoubin},
 month = {June},
 note = {\url{https://doi.org/10.1145/1273496.1273539}},
 pages = {337--344},
 publisher = {ACM},
 series = {ACM International Conference Proceeding Series},
 title = {Sparse probabilistic classifiers},
 volume = {227},
 year = {2007}
}

@inproceedings{hoi2007learning,
 address = {Corvallis, Oregon, USA},
 author = {Hoi, Steven C. H. and Jin, Rong and Lyu, Michael R.},
 booktitle = {Machine Learning: Proceedings of the Twenty-Fourth International Conference (ICML)},
 doi = {10.1145/1273496.1273542},
 editor = {Ghahramani, Zoubin},
 month = {June},
 note = {\url{https://doi.org/10.1145/1273496.1273542}},
 pages = {361--368},
 publisher = {ACM},
 series = {ACM International Conference Proceeding Series},
 title = {Learning nonparametric kernel matrices from pairwise constraints},
 volume = {227},
 year = {2007}
}

@inproceedings{hulse2007experimental,
 address = {Corvallis, Oregon, USA},
 author = {Hulse, Jason Van and Khoshgoftaar, Taghi M. and Napolitano, Amri},
 booktitle = {Machine Learning: Proceedings of the Twenty-Fourth International Conference (ICML)},
 doi = {10.1145/1273496.1273614},
 editor = {Ghahramani, Zoubin},
 month = {June},
 note = {\url{\url{https://doi.org/10.1145/1273496.1273614}}},
 pages = {935--942},
 publisher = {ACM},
 series = {ACM International Conference Proceeding Series},
 title = {Experimental perspectives on learning from imbalanced data},
 volume = {227},
 year = {2007}
}

@inproceedings{jaeger2007parameter,
 address = {Corvallis, Oregon, USA},
 author = {Jaeger, Manfred},
 booktitle = {Machine Learning: Proceedings of the Twenty-Fourth International Conference (ICML)},
 doi = {10.1145/1273496.1273543},
 editor = {Ghahramani, Zoubin},
 month = {June},
 note = {\url{https://doi.org/10.1145/1273496.1273543}},
 pages = {369--376},
 publisher = {ACM},
 series = {ACM International Conference Proceeding Series},
 title = {Parameter learning for relational Bayesian networks},
 volume = {227},
 year = {2007}
}

@inproceedings{ji2007bayesian,
 address = {Corvallis, Oregon, USA},
 author = {Ji, Shihao and Carin, Lawrence},
 booktitle = {Machine Learning: Proceedings of the Twenty-Fourth International Conference (ICML)},
 doi = {10.1145/1273496.1273544},
 editor = {Ghahramani, Zoubin},
 month = {June},
 note = {\url{https://doi.org/10.1145/1273496.1273544}},
 pages = {377--384},
 publisher = {ACM},
 series = {ACM International Conference Proceeding Series},
 title = {Bayesian compressive sensing and projection optimization},
 volume = {227},
 year = {2007}
}

@inproceedings{johns2007constructing,
 address = {Corvallis, Oregon, USA},
 author = {Johns, Jeffrey and Mahadevan, Sridhar},
 booktitle = {Machine Learning: Proceedings of the Twenty-Fourth International Conference (ICML)},
 doi = {10.1145/1273496.1273545},
 editor = {Ghahramani, Zoubin},
 month = {June},
 note = {\url{https://doi.org/10.1145/1273496.1273545}},
 pages = {385--392},
 publisher = {ACM},
 series = {ACM International Conference Proceeding Series},
 title = {Constructing basis functions from directed graphs for value function approximation},
 volume = {227},
 year = {2007}
}

@inproceedings{kersting2007most,
 address = {Corvallis, Oregon, USA},
 author = {Kersting, Kristian and Plagemann, Christian and Pfaff, Patrick and Burgard, Wolfram},
 booktitle = {Machine Learning: Proceedings of the Twenty-Fourth International Conference (ICML)},
 doi = {10.1145/1273496.1273546},
 editor = {Ghahramani, Zoubin},
 month = {June},
 note = {\url{https://doi.org/10.1145/1273496.1273546}},
 pages = {393--400},
 publisher = {ACM},
 series = {ACM International Conference Proceeding Series},
 title = {Most likely heteroscedastic Gaussian process regression},
 volume = {227},
 year = {2007}
}

@inproceedings{kim2007neighbor,
 address = {Corvallis, Oregon, USA},
 author = {Kim, Kye-Hyeon and Choi, Seungjin},
 booktitle = {Machine Learning: Proceedings of the Twenty-Fourth International Conference (ICML)},
 doi = {10.1145/1273496.1273547},
 editor = {Ghahramani, Zoubin},
 month = {June},
 note = {\url{https://doi.org/10.1145/1273496.1273547}},
 pages = {401--408},
 publisher = {ACM},
 series = {ACM International Conference Proceeding Series},
 title = {Neighbor search with global geometry: a minimax message passing algorithm},
 volume = {227},
 year = {2007}
}

@inproceedings{kim2007recursive,
 address = {Corvallis, Oregon, USA},
 author = {Kim, Minyoung and Pavlovic, Vladimir},
 booktitle = {Machine Learning: Proceedings of the Twenty-Fourth International Conference (ICML)},
 doi = {10.1145/1273496.1273548},
 editor = {Ghahramani, Zoubin},
 month = {June},
 note = {\url{https://doi.org/10.1145/1273496.1273548}},
 pages = {409--416},
 publisher = {ACM},
 series = {ACM International Conference Proceeding Series},
 title = {A recursive method for discriminative mixture learning},
 volume = {227},
 year = {2007}
}

@inproceedings{kirshner2007infinite,
 address = {Corvallis, Oregon, USA},
 author = {Kirshner, Sergey and Smyth, Padhraic},
 booktitle = {Machine Learning: Proceedings of the Twenty-Fourth International Conference (ICML)},
 doi = {10.1145/1273496.1273549},
 editor = {Ghahramani, Zoubin},
 month = {June},
 note = {\url{https://doi.org/10.1145/1273496.1273549}},
 pages = {417--423},
 publisher = {ACM},
 series = {ACM International Conference Proceeding Series},
 title = {Infinite mixtures of trees},
 volume = {227},
 year = {2007}
}

@inproceedings{klami2007local,
 address = {Corvallis, Oregon, USA},
 author = {Klami, Arto and Kaski, Samuel},
 booktitle = {Machine Learning: Proceedings of the Twenty-Fourth International Conference (ICML)},
 doi = {10.1145/1273496.1273550},
 editor = {Ghahramani, Zoubin},
 month = {June},
 note = {\url{https://doi.org/10.1145/1273496.1273550}},
 pages = {425--432},
 publisher = {ACM},
 series = {ACM International Conference Proceeding Series},
 title = {Local dependent components},
 volume = {227},
 year = {2007}
}

@inproceedings{kok2007statistical,
 address = {Corvallis, Oregon, USA},
 author = {Kok, Stanley and Domingos, Pedro M.},
 booktitle = {Machine Learning: Proceedings of the Twenty-Fourth International Conference (ICML)},
 doi = {10.1145/1273496.1273551},
 editor = {Ghahramani, Zoubin},
 month = {June},
 note = {\url{https://doi.org/10.1145/1273496.1273551}},
 pages = {433--440},
 publisher = {ACM},
 series = {ACM International Conference Proceeding Series},
 title = {Statistical predicate invention},
 volume = {227},
 year = {2007}
}

@inproceedings{kraemer2007kernelizing,
 address = {Corvallis, Oregon, USA},
 author = {Krämer, Nicole and Braun, Mikio L.},
 booktitle = {Machine Learning: Proceedings of the Twenty-Fourth International Conference (ICML)},
 doi = {10.1145/1273496.1273552},
 editor = {Ghahramani, Zoubin},
 month = {June},
 note = {\url{https://doi.org/10.1145/1273496.1273552}},
 pages = {441--448},
 publisher = {ACM},
 series = {ACM International Conference Proceeding Series},
 title = {Kernelizing PLS, degrees of freedom, and efficient model selection},
 volume = {227},
 year = {2007}
}

@inproceedings{krause2007nonmyopic,
 address = {Corvallis, Oregon, USA},
 author = {Krause, Andreas and Guestrin, Carlos},
 booktitle = {Machine Learning: Proceedings of the Twenty-Fourth International Conference (ICML)},
 doi = {10.1145/1273496.1273553},
 editor = {Ghahramani, Zoubin},
 month = {June},
 note = {\url{https://doi.org/10.1145/1273496.1273553}},
 pages = {449--456},
 publisher = {ACM},
 series = {ACM International Conference Proceeding Series},
 title = {Nonmyopic active learning of Gaussian processes: an exploration-exploitation approach},
 volume = {227},
 year = {2007}
}

@inproceedings{kropotov2007on,
 address = {Corvallis, Oregon, USA},
 author = {Kropotov, Dmitry and Vetrov, Dmitry P.},
 booktitle = {Machine Learning: Proceedings of the Twenty-Fourth International Conference (ICML)},
 doi = {10.1145/1273496.1273554},
 editor = {Ghahramani, Zoubin},
 month = {June},
 note = {\url{https://doi.org/10.1145/1273496.1273554}},
 pages = {457--464},
 publisher = {ACM},
 series = {ACM International Conference Proceeding Series},
 title = {On one method of non-diagonal regularization in sparse Bayesian learning},
 volume = {227},
 year = {2007}
}

@inproceedings{kuzmin2007online,
 address = {Corvallis, Oregon, USA},
 author = {Kuzmin, Dima and Warmuth, Manfred K.},
 booktitle = {Machine Learning: Proceedings of the Twenty-Fourth International Conference (ICML)},
 doi = {10.1145/1273496.1273555},
 editor = {Ghahramani, Zoubin},
 month = {June},
 note = {\url{https://doi.org/10.1145/1273496.1273555}},
 pages = {465--472},
 publisher = {ACM},
 series = {ACM International Conference Proceeding Series},
 title = {Online kernel PCA with entropic matrix updates},
 volume = {227},
 year = {2007}
}

@inproceedings{larochelle2007empirical,
 address = {Corvallis, Oregon, USA},
 author = {Larochelle, Hugo and Erhan, Dumitru and Courville, Aaron C. and Bergstra, James and Bengio, Yoshua},
 booktitle = {Machine Learning: Proceedings of the Twenty-Fourth International Conference (ICML)},
 doi = {10.1145/1273496.1273556},
 editor = {Ghahramani, Zoubin},
 month = {June},
 note = {\url{https://doi.org/10.1145/1273496.1273556}},
 pages = {473--480},
 publisher = {ACM},
 series = {ACM International Conference Proceeding Series},
 title = {An empirical evaluation of deep architectures on problems with many factors of variation},
 volume = {227},
 year = {2007}
}

@inproceedings{lawrence2007hierarchical,
 address = {Corvallis, Oregon, USA},
 author = {Lawrence, Neil D. and Moore, Andrew J.},
 booktitle = {Machine Learning: Proceedings of the Twenty-Fourth International Conference (ICML)},
 doi = {10.1145/1273496.1273557},
 editor = {Ghahramani, Zoubin},
 month = {June},
 note = {\url{https://doi.org/10.1145/1273496.1273557}},
 pages = {481--488},
 publisher = {ACM},
 series = {ACM International Conference Proceeding Series},
 title = {Hierarchical Gaussian process latent variable models},
 volume = {227},
 year = {2007}
}

@inproceedings{lee2007learning,
 address = {Corvallis, Oregon, USA},
 author = {Lee, Su-In and Chatalbashev, Vassil and Vickrey, David and Koller, Daphne},
 booktitle = {Machine Learning: Proceedings of the Twenty-Fourth International Conference (ICML)},
 doi = {10.1145/1273496.1273558},
 editor = {Ghahramani, Zoubin},
 month = {June},
 note = {\url{https://doi.org/10.1145/1273496.1273558}},
 pages = {489--496},
 publisher = {ACM},
 series = {ACM International Conference Proceeding Series},
 title = {Learning a meta-level prior for feature relevance from multiple related tasks},
 volume = {227},
 year = {2007}
}

@inproceedings{leskovec2007scalable,
 address = {Corvallis, Oregon, USA},
 author = {Leskovec, Jure and Faloutsos, Christos},
 booktitle = {Machine Learning: Proceedings of the Twenty-Fourth International Conference (ICML)},
 doi = {10.1145/1273496.1273559},
 editor = {Ghahramani, Zoubin},
 month = {June},
 note = {\url{https://doi.org/10.1145/1273496.1273559}},
 pages = {497--504},
 publisher = {ACM},
 series = {ACM International Conference Proceeding Series},
 title = {Scalable modeling of real graphs using Kronecker multiplication},
 volume = {227},
 year = {2007}
}

@inproceedings{li2007largescale,
 address = {Corvallis, Oregon, USA},
 author = {Li, Wenye and Lee, Kin-Hong and Leung, Kwong-Sak},
 booktitle = {Machine Learning: Proceedings of the Twenty-Fourth International Conference (ICML)},
 doi = {10.1145/1273496.1273563},
 editor = {Ghahramani, Zoubin},
 month = {June},
 note = {\url{https://doi.org/10.1145/1273496.1273563}},
 pages = {529--536},
 publisher = {ACM},
 series = {ACM International Conference Proceeding Series},
 title = {Large-scale RLSC learning without agony},
 volume = {227},
 year = {2007}
}

@inproceedings{li2007novel,
 address = {Corvallis, Oregon, USA},
 author = {Li, Xin and Cheung, William Kwok-Wai and Liu, Jiming and Wu, Zhili},
 booktitle = {Machine Learning: Proceedings of the Twenty-Fourth International Conference (ICML)},
 doi = {10.1145/1273496.1273564},
 editor = {Ghahramani, Zoubin},
 month = {June},
 note = {\url{https://doi.org/10.1145/1273496.1273564}},
 pages = {537--544},
 publisher = {ACM},
 series = {ACM International Conference Proceeding Series},
 title = {A novel orthogonal NMF-based belief compression for POMDPs},
 volume = {227},
 year = {2007}
}

@inproceedings{li2007support,
 address = {Corvallis, Oregon, USA},
 author = {Li, Bin and Chi, Mingmin and Fan, Jianping and Xue, Xiangyang},
 booktitle = {Machine Learning: Proceedings of the Twenty-Fourth International Conference (ICML)},
 doi = {10.1145/1273496.1273560},
 editor = {Ghahramani, Zoubin},
 month = {June},
 note = {\url{https://doi.org/10.1145/1273496.1273560}},
 pages = {505--512},
 publisher = {ACM},
 series = {ACM International Conference Proceeding Series},
 title = {Support cluster machine},
 volume = {227},
 year = {2007}
}

@inproceedings{li2007transductive,
 address = {Corvallis, Oregon, USA},
 author = {Li, Fuxin and Yang, Jian and Wang, Jue},
 booktitle = {Machine Learning: Proceedings of the Twenty-Fourth International Conference (ICML)},
 doi = {10.1145/1273496.1273561},
 editor = {Ghahramani, Zoubin},
 month = {June},
 note = {\url{https://doi.org/10.1145/1273496.1273561}},
 pages = {513--520},
 publisher = {ACM},
 series = {ACM International Conference Proceeding Series},
 title = {A transductive framework of distance metric learning by spectral dimensionality reduction},
 volume = {227},
 year = {2007}
}

@inproceedings{liang2007permutationaugmented,
 address = {Corvallis, Oregon, USA},
 author = {Liang, Percy and Jordan, Michael I. and Taskar, Benjamin},
 booktitle = {Machine Learning: Proceedings of the Twenty-Fourth International Conference (ICML)},
 doi = {10.1145/1273496.1273565},
 editor = {Ghahramani, Zoubin},
 month = {June},
 note = {\url{https://doi.org/10.1145/1273496.1273565}},
 pages = {545--552},
 publisher = {ACM},
 series = {ACM International Conference Proceeding Series},
 title = {A permutation-augmented sampler for DP mixture models},
 volume = {227},
 year = {2007}
}

@inproceedings{liao2007quadratically,
 address = {Corvallis, Oregon, USA},
 author = {Liao, Xuejun and Li, Hui and Carin, Lawrence},
 booktitle = {Machine Learning: Proceedings of the Twenty-Fourth International Conference (ICML)},
 doi = {10.1145/1273496.1273566},
 editor = {Ghahramani, Zoubin},
 month = {June},
 note = {\url{https://doi.org/10.1145/1273496.1273566}},
 pages = {553--560},
 publisher = {ACM},
 series = {ACM International Conference Proceeding Series},
 title = {Quadratically gated mixture of experts for incomplete data classification},
 volume = {227},
 year = {2007}
}

@inproceedings{lin2007trust,
 address = {Corvallis, Oregon, USA},
 author = {Lin, Chih-Jen and Weng, Ruby C. and Keerthi, S. Sathiya},
 booktitle = {Machine Learning: Proceedings of the Twenty-Fourth International Conference (ICML)},
 doi = {10.1145/1273496.1273567},
 editor = {Ghahramani, Zoubin},
 month = {June},
 note = {\url{https://doi.org/10.1145/1273496.1273567}},
 pages = {561--568},
 publisher = {ACM},
 series = {ACM International Conference Proceeding Series},
 title = {Trust region Newton methods for large-scale logistic regression},
 volume = {227},
 year = {2007}
}

@inproceedings{long2007relational,
 address = {Corvallis, Oregon, USA},
 author = {Long, Bo and Zhang, Zhongfei (Mark) and Wu, Xiaoyun and Yu, Philip S.},
 booktitle = {Machine Learning: Proceedings of the Twenty-Fourth International Conference (ICML)},
 doi = {10.1145/1273496.1273568},
 editor = {Ghahramani, Zoubin},
 month = {June},
 note = {\url{https://doi.org/10.1145/1273496.1273568}},
 pages = {569--576},
 publisher = {ACM},
 series = {ACM International Conference Proceeding Series},
 title = {Relational clustering by symmetric convex coding},
 volume = {227},
 year = {2007}
}

@inproceedings{ma2007discriminant,
 address = {Corvallis, Oregon, USA},
 author = {Ma, Yong and Lao, Shihong and Takikawa, Erina and Kawade, Masato},
 booktitle = {Machine Learning: Proceedings of the Twenty-Fourth International Conference (ICML)},
 doi = {10.1145/1273496.1273569},
 editor = {Ghahramani, Zoubin},
 month = {June},
 note = {\url{https://doi.org/10.1145/1273496.1273569}},
 pages = {577--584},
 publisher = {ACM},
 series = {ACM International Conference Proceeding Series},
 title = {Discriminant analysis in correlation similarity measure space},
 volume = {227},
 year = {2007}
}

@inproceedings{mahadevan2007adaptive,
 address = {Corvallis, Oregon, USA},
 author = {Mahadevan, Sridhar},
 booktitle = {Machine Learning: Proceedings of the Twenty-Fourth International Conference (ICML)},
 doi = {10.1145/1273496.1273570},
 editor = {Ghahramani, Zoubin},
 month = {June},
 note = {\url{https://doi.org/10.1145/1273496.1273570}},
 pages = {585--592},
 publisher = {ACM},
 series = {ACM International Conference Proceeding Series},
 title = {Adaptive mesh compression in 3D computer graphics using multiscale manifold learning},
 volume = {227},
 year = {2007}
}

@inproceedings{marthi2007automatic,
 address = {Corvallis, Oregon, USA},
 author = {Marthi, Bhaskara},
 booktitle = {Machine Learning: Proceedings of the Twenty-Fourth International Conference (ICML)},
 doi = {10.1145/1273496.1273572},
 editor = {Ghahramani, Zoubin},
 month = {June},
 note = {\url{https://doi.org/10.1145/1273496.1273572}},
 pages = {601--608},
 publisher = {ACM},
 series = {ACM International Conference Proceeding Series},
 title = {Automatic shaping and decomposition of reward functions},
 volume = {227},
 year = {2007}
}

@inproceedings{masnadishirazi2007asymmetric,
 address = {Corvallis, Oregon, USA},
 author = {Masnadi-Shirazi, Hamed and Vasconcelos, Nuno},
 booktitle = {Machine Learning: Proceedings of the Twenty-Fourth International Conference (ICML)},
 doi = {10.1145/1273496.1273573},
 editor = {Ghahramani, Zoubin},
 month = {June},
 note = {\url{https://doi.org/10.1145/1273496.1273573}},
 pages = {609--619},
 publisher = {ACM},
 series = {ACM International Conference Proceeding Series},
 title = {Asymmetric boosting},
 volume = {227},
 year = {2007}
}

@inproceedings{mcneill2007linear,
 address = {Corvallis, Oregon, USA},
 author = {McNeill, Graham and Vijayakumar, Sethu},
 booktitle = {Machine Learning: Proceedings of the Twenty-Fourth International Conference (ICML)},
 doi = {10.1145/1273496.1273574},
 editor = {Ghahramani, Zoubin},
 month = {June},
 note = {\url{https://doi.org/10.1145/1273496.1273574}},
 pages = {617--624},
 publisher = {ACM},
 series = {ACM International Conference Proceeding Series},
 title = {Linear and nonlinear generative probabilistic class models for shape contours},
 volume = {227},
 year = {2007}
}

@inproceedings{mihalkova2007bottomup,
 address = {Corvallis, Oregon, USA},
 author = {Mihalkova, Lilyana and Mooney, Raymond J.},
 booktitle = {Machine Learning: Proceedings of the Twenty-Fourth International Conference (ICML)},
 doi = {10.1145/1273496.1273575},
 editor = {Ghahramani, Zoubin},
 month = {June},
 note = {\url{https://doi.org/10.1145/1273496.1273575}},
 pages = {625--632},
 publisher = {ACM},
 series = {ACM International Conference Proceeding Series},
 title = {Bottom-up learning of Markov logic network structure},
 volume = {227},
 year = {2007}
}

@inproceedings{mimno2007mixtures,
 address = {Corvallis, Oregon, USA},
 author = {Mimno, David M. and Li, Wei and McCallum, Andrew},
 booktitle = {Machine Learning: Proceedings of the Twenty-Fourth International Conference (ICML)},
 doi = {10.1145/1273496.1273576},
 editor = {Ghahramani, Zoubin},
 month = {June},
 note = {\url{https://doi.org/10.1145/1273496.1273576}},
 pages = {633--640},
 publisher = {ACM},
 series = {ACM International Conference Proceeding Series},
 title = {Mixtures of hierarchical topics with Pachinko allocation},
 volume = {227},
 year = {2007}
}

@inproceedings{mnih2007three,
 address = {Corvallis, Oregon, USA},
 author = {Mnih, Andriy and Hinton, Geoffrey E.},
 booktitle = {Machine Learning: Proceedings of the Twenty-Fourth International Conference (ICML)},
 doi = {10.1145/1273496.1273577},
 editor = {Ghahramani, Zoubin},
 month = {June},
 note = {\url{https://doi.org/10.1145/1273496.1273577}},
 pages = {641--648},
 publisher = {ACM},
 series = {ACM International Conference Proceeding Series},
 title = {Three new graphical models for statistical language modelling},
 volume = {227},
 year = {2007}
}

@inproceedings{mosci2007dimensionality,
 address = {Corvallis, Oregon, USA},
 author = {Mosci, Sofia and Rosasco, Lorenzo and Aless,  and Verri, R.},
 booktitle = {Machine Learning: Proceedings of the Twenty-Fourth International Conference (ICML)},
 doi = {10.1145/1273496.1273579},
 editor = {Ghahramani, Zoubin},
 month = {June},
 note = {\url{\url{https://doi.org/10.1145/1273496.1273579}}},
 pages = {657--664},
 publisher = {ACM},
 series = {ACM International Conference Proceeding Series},
 title = {Dimensionality reduction and generalization},
 volume = {227},
 year = {2007}
}

@inproceedings{mylonakis2007unsupervised,
 address = {Corvallis, Oregon, USA},
 author = {Mylonakis, Markos and Sima'an, Khalil and Hwa, Rebecca},
 booktitle = {Machine Learning: Proceedings of the Twenty-Fourth International Conference (ICML)},
 doi = {10.1145/1273496.1273580},
 editor = {Ghahramani, Zoubin},
 month = {June},
 note = {\url{\url{https://doi.org/10.1145/1273496.1273580}}},
 pages = {665--672},
 publisher = {ACM},
 series = {ACM International Conference Proceeding Series},
 title = {Unsupervised estimation for noisy-channel models},
 volume = {227},
 year = {2007}
}

@inproceedings{nelson2007revisiting,
 address = {Corvallis, Oregon, USA},
 author = {Nelson, Blaine and Cohen, Ira},
 booktitle = {Machine Learning: Proceedings of the Twenty-Fourth International Conference (ICML)},
 doi = {10.1145/1273496.1273581},
 editor = {Ghahramani, Zoubin},
 month = {June},
 note = {\url{\url{https://doi.org/10.1145/1273496.1273581}}},
 pages = {673--680},
 publisher = {ACM},
 series = {ACM International Conference Proceeding Series},
 title = {Revisiting probabilistic models for clustering with pair-wise constraints},
 volume = {227},
 year = {2007}
}

@inproceedings{nguyen2007comparisons,
 address = {Corvallis, Oregon, USA},
 author = {Nguyen, Nam and Guo, Yunsong},
 booktitle = {Machine Learning: Proceedings of the Twenty-Fourth International Conference (ICML)},
 doi = {10.1145/1273496.1273582},
 editor = {Ghahramani, Zoubin},
 month = {June},
 note = {\url{\url{https://doi.org/10.1145/1273496.1273582}}},
 pages = {681--688},
 publisher = {ACM},
 series = {ACM International Conference Proceeding Series},
 title = {Comparisons of sequence labeling algorithms and extensions},
 volume = {227},
 year = {2007}
}

@inproceedings{ni2007multitask,
 address = {Corvallis, Oregon, USA},
 author = {Ni, Kai and Carin, Lawrence and Dunson, David B.},
 booktitle = {Machine Learning: Proceedings of the Twenty-Fourth International Conference (ICML)},
 doi = {10.1145/1273496.1273583},
 editor = {Ghahramani, Zoubin},
 month = {June},
 note = {\url{\url{https://doi.org/10.1145/1273496.1273583}}},
 pages = {689--696},
 publisher = {ACM},
 series = {ACM International Conference Proceeding Series},
 title = {Multi-task learning for sequential data via iHMMs and the nested Dirichlet process},
 volume = {227},
 year = {2007}
}

@inproceedings{nilsson2007regression,
 address = {Corvallis, Oregon, USA},
 author = {Nilsson, Jens and Sha, Fei and Jordan, Michael I.},
 booktitle = {Machine Learning: Proceedings of the Twenty-Fourth International Conference (ICML)},
 doi = {10.1145/1273496.1273584},
 editor = {Ghahramani, Zoubin},
 month = {June},
 note = {\url{\url{https://doi.org/10.1145/1273496.1273584}}},
 pages = {697--704},
 publisher = {ACM},
 series = {ACM International Conference Proceeding Series},
 title = {Regression on manifolds using kernel dimension reduction},
 volume = {227},
 year = {2007}
}

@inproceedings{osentoski2007learning,
 address = {Corvallis, Oregon, USA},
 author = {Osentoski, Sarah and Mahadevan, Sridhar},
 booktitle = {Machine Learning: Proceedings of the Twenty-Fourth International Conference (ICML)},
 doi = {10.1145/1273496.1273585},
 editor = {Ghahramani, Zoubin},
 month = {June},
 note = {\url{\url{https://doi.org/10.1145/1273496.1273585}}},
 pages = {705--712},
 publisher = {ACM},
 series = {ACM International Conference Proceeding Series},
 title = {Learning state-action basis functions for hierarchical MDPs},
 volume = {227},
 year = {2007}
}

@inproceedings{parker2007learning,
 address = {Corvallis, Oregon, USA},
 author = {Parker, Charles and Fern, Alan and Tadepalli, Prasad},
 booktitle = {Machine Learning: Proceedings of the Twenty-Fourth International Conference (ICML)},
 doi = {10.1145/1273496.1273588},
 editor = {Ghahramani, Zoubin},
 month = {June},
 note = {\url{\url{https://doi.org/10.1145/1273496.1273588}}},
 pages = {729--736},
 publisher = {ACM},
 series = {ACM International Conference Proceeding Series},
 title = {Learning for efficient retrieval of structured data with noisy queries},
 volume = {227},
 year = {2007}
}

@inproceedings{parr2007analyzing,
 address = {Corvallis, Oregon, USA},
 author = {Parr, Ronald and Painter-Wakefield, Christopher and Li, Lihong and Littman, Michael L.},
 booktitle = {Machine Learning: Proceedings of the Twenty-Fourth International Conference (ICML)},
 doi = {10.1145/1273496.1273589},
 editor = {Ghahramani, Zoubin},
 month = {June},
 note = {\url{\url{https://doi.org/10.1145/1273496.1273589}}},
 pages = {737--744},
 publisher = {ACM},
 series = {ACM International Conference Proceeding Series},
 title = {Analyzing feature generation for value-function approximation},
 volume = {227},
 year = {2007}
}

@inproceedings{peters2007reinforcement,
 address = {Corvallis, Oregon, USA},
 author = {Peters, Jan and Schaal, Stefan},
 booktitle = {Machine Learning: Proceedings of the Twenty-Fourth International Conference (ICML)},
 doi = {10.1145/1273496.1273590},
 editor = {Ghahramani, Zoubin},
 month = {June},
 note = {\url{\url{https://doi.org/10.1145/1273496.1273590}}},
 pages = {745--750},
 publisher = {ACM},
 series = {ACM International Conference Proceeding Series},
 title = {Reinforcement learning by reward-weighted regression for operational space control},
 volume = {227},
 year = {2007}
}

@inproceedings{phua2007tracking,
 address = {Corvallis, Oregon, USA},
 author = {Phua, Chee Wee and Fitch, Robert},
 booktitle = {Machine Learning: Proceedings of the Twenty-Fourth International Conference (ICML)},
 doi = {10.1145/1273496.1273591},
 editor = {Ghahramani, Zoubin},
 month = {June},
 note = {\url{\url{https://doi.org/10.1145/1273496.1273591}}},
 pages = {751--758},
 publisher = {ACM},
 series = {ACM International Conference Proceeding Series},
 title = {Tracking value function dynamics to improve reinforcement learning with piecewise linear function approximation},
 volume = {227},
 year = {2007}
}

@inproceedings{raina2007selftaught,
 address = {Corvallis, Oregon, USA},
 author = {Raina, Rajat and Battle, Alexis J. and Lee, Honglak and Packer, Benjamin and Ng, Andrew Y.},
 booktitle = {Machine Learning: Proceedings of the Twenty-Fourth International Conference (ICML)},
 doi = {10.1145/1273496.1273592},
 editor = {Ghahramani, Zoubin},
 month = {June},
 note = {\url{\url{https://doi.org/10.1145/1273496.1273592}}},
 pages = {759--766},
 publisher = {ACM},
 series = {ACM International Conference Proceeding Series},
 title = {Self-taught learning: transfer learning from unlabeled data},
 volume = {227},
 year = {2007}
}

@inproceedings{rakotomamonjy2007more,
 address = {Corvallis, Oregon, USA},
 author = {Rakotomamonjy, Alain and Bach, Francis R. and Canu, Stéphane and Gr, Yves and Valet, },
 booktitle = {Machine Learning: Proceedings of the Twenty-Fourth International Conference (ICML)},
 doi = {10.1145/1273496.1273594},
 editor = {Ghahramani, Zoubin},
 month = {June},
 note = {\url{\url{https://doi.org/10.1145/1273496.1273594}}},
 pages = {775--782},
 publisher = {ACM},
 series = {ACM International Conference Proceeding Series},
 title = {More efficiency in multiple kernel learning},
 volume = {227},
 year = {2007}
}

@inproceedings{rattigan2007graph,
 address = {Corvallis, Oregon, USA},
 author = {Rattigan, Matthew J. and Maier, Marc E. and Jensen, David D.},
 booktitle = {Machine Learning: Proceedings of the Twenty-Fourth International Conference (ICML)},
 doi = {10.1145/1273496.1273595},
 editor = {Ghahramani, Zoubin},
 month = {June},
 note = {\url{\url{https://doi.org/10.1145/1273496.1273595}}},
 pages = {783--790},
 publisher = {ACM},
 series = {ACM International Conference Proceeding Series},
 title = {Graph clustering with network structure indices},
 volume = {227},
 year = {2007}
}

@inproceedings{s2007multiarmed,
 address = {Corvallis, Oregon, USA},
 author = {S, and P, eep and ey, and Chakrabarti, Deepayan and Agarwal, Deepak},
 booktitle = {Machine Learning: Proceedings of the Twenty-Fourth International Conference (ICML)},
 doi = {10.1145/1273496.1273587},
 editor = {Ghahramani, Zoubin},
 month = {June},
 note = {\url{\url{https://doi.org/10.1145/1273496.1273587}}},
 pages = {721--728},
 publisher = {ACM},
 series = {ACM International Conference Proceeding Series},
 title = {Multi-armed bandit problems with dependent arms},
 volume = {227},
 year = {2007}
}

@inproceedings{salakhutdinov2007restricted,
 address = {Corvallis, Oregon, USA},
 author = {Salakhutdinov, Ruslan and Mnih, Andriy and Hinton, Geoffrey E.},
 booktitle = {Machine Learning: Proceedings of the Twenty-Fourth International Conference (ICML)},
 doi = {10.1145/1273496.1273596},
 editor = {Ghahramani, Zoubin},
 month = {June},
 note = {\url{\url{https://doi.org/10.1145/1273496.1273596}}},
 pages = {791--798},
 publisher = {ACM},
 series = {ACM International Conference Proceeding Series},
 title = {Restricted Boltzmann machines for collaborative filtering},
 volume = {227},
 year = {2007}
}

@inproceedings{shah2007sample,
 address = {Corvallis, Oregon, USA},
 author = {Shah, Mohak},
 booktitle = {Machine Learning: Proceedings of the Twenty-Fourth International Conference (ICML)},
 doi = {10.1145/1273496.1273597},
 editor = {Ghahramani, Zoubin},
 month = {June},
 note = {\url{\url{https://doi.org/10.1145/1273496.1273597}}},
 pages = {799--806},
 publisher = {ACM},
 series = {ACM International Conference Proceeding Series},
 title = {Sample compression bounds for decision trees},
 volume = {227},
 year = {2007}
}

@inproceedings{shalevshwartz2007pegasos,
 address = {Corvallis, Oregon, USA},
 author = {Shalev-Shwartz, Shai and Singer, Yoram and Srebro, Nathan},
 booktitle = {Machine Learning: Proceedings of the Twenty-Fourth International Conference (ICML)},
 doi = {10.1145/1273496.1273598},
 editor = {Ghahramani, Zoubin},
 month = {June},
 note = {\url{\url{https://doi.org/10.1145/1273496.1273598}}},
 pages = {807--814},
 publisher = {ACM},
 series = {ACM International Conference Proceeding Series},
 title = {Pegasos: Primal Estimated sub-GrAdient SOlver for SVM},
 volume = {227},
 year = {2007}
}

@inproceedings{song2007dependence,
 address = {Corvallis, Oregon, USA},
 author = {Song, Le and Alex,  and Smola, E. J. and Gretton, Arthur and Borgwardt, Karsten M.},
 booktitle = {Machine Learning: Proceedings of the Twenty-Fourth International Conference (ICML)},
 doi = {10.1145/1273496.1273599},
 editor = {Ghahramani, Zoubin},
 month = {June},
 note = {\url{\url{https://doi.org/10.1145/1273496.1273599}}},
 pages = {815--822},
 publisher = {ACM},
 series = {ACM International Conference Proceeding Series},
 title = {A dependence maximization view of clustering},
 volume = {227},
 year = {2007}
}

@inproceedings{song2007supervised,
 address = {Corvallis, Oregon, USA},
 author = {Song, Le and Alex,  and Smola, E. J. and Gretton, Arthur and Borgwardt, Karsten M. and Bedo, Justin},
 booktitle = {Machine Learning: Proceedings of the Twenty-Fourth International Conference (ICML)},
 doi = {10.1145/1273496.1273600},
 editor = {Ghahramani, Zoubin},
 month = {June},
 note = {\url{\url{https://doi.org/10.1145/1273496.1273600}}},
 pages = {823--830},
 publisher = {ACM},
 series = {ACM International Conference Proceeding Series},
 title = {Supervised feature selection via dependence estimation},
 volume = {227},
 year = {2007}
}

@inproceedings{sriperumbudur2007sparse,
 address = {Corvallis, Oregon, USA},
 author = {Sriperumbudur, Bharath K. and Torres, David A. and Lanckriet, Gert R. G.},
 booktitle = {Machine Learning: Proceedings of the Twenty-Fourth International Conference (ICML)},
 doi = {10.1145/1273496.1273601},
 editor = {Ghahramani, Zoubin},
 month = {June},
 note = {\url{\url{https://doi.org/10.1145/1273496.1273601}}},
 pages = {831--838},
 publisher = {ACM},
 series = {ACM International Conference Proceeding Series},
 title = {Sparse eigen methods by D.C. programming},
 volume = {227},
 year = {2007}
}

@inproceedings{stern2007learning,
 address = {Corvallis, Oregon, USA},
 author = {Stern, David H. and Herbrich, Ralf and Graepel, Thore},
 booktitle = {Machine Learning: Proceedings of the Twenty-Fourth International Conference (ICML)},
 doi = {10.1145/1273496.1273602},
 editor = {Ghahramani, Zoubin},
 month = {June},
 note = {\url{\url{https://doi.org/10.1145/1273496.1273602}}},
 pages = {839--846},
 publisher = {ACM},
 series = {ACM International Conference Proceeding Series},
 title = {Learning to solve game trees},
 volume = {227},
 year = {2007}
}

@inproceedings{sun2007kernelbased,
 address = {Corvallis, Oregon, USA},
 author = {Sun, Xiaohai and Janzing, Dominik and Schölkopf, Bernhard and Fukumizu, Kenji},
 booktitle = {Machine Learning: Proceedings of the Twenty-Fourth International Conference (ICML)},
 doi = {10.1145/1273496.1273604},
 editor = {Ghahramani, Zoubin},
 month = {June},
 note = {\url{\url{https://doi.org/10.1145/1273496.1273604}}},
 pages = {855--862},
 publisher = {ACM},
 series = {ACM International Conference Proceeding Series},
 title = {A kernel-based causal learning algorithm},
 volume = {227},
 year = {2007}
}

@inproceedings{sun2007robust,
 address = {Corvallis, Oregon, USA},
 author = {Sun, Jianyong and Kaban, Ata and Raychaudhury, Somak},
 booktitle = {Machine Learning: Proceedings of the Twenty-Fourth International Conference (ICML)},
 doi = {10.1145/1273496.1273603},
 editor = {Ghahramani, Zoubin},
 month = {June},
 note = {\url{\url{https://doi.org/10.1145/1273496.1273603}}},
 pages = {847--854},
 publisher = {ACM},
 series = {ACM International Conference Proceeding Series},
 title = {Robust mixtures in the presence of measurement errors},
 volume = {227},
 year = {2007}
}

@inproceedings{sutton2007on,
 address = {Corvallis, Oregon, USA},
 author = {Sutton, Richard S. and Koop, Anna and Silver, David},
 booktitle = {Machine Learning: Proceedings of the Twenty-Fourth International Conference (ICML)},
 doi = {10.1145/1273496.1273606},
 editor = {Ghahramani, Zoubin},
 month = {June},
 note = {\url{\url{https://doi.org/10.1145/1273496.1273606}}},
 pages = {871--878},
 publisher = {ACM},
 series = {ACM International Conference Proceeding Series},
 title = {On the role of tracking in stationary environments},
 volume = {227},
 year = {2007}
}

@inproceedings{sutton2007piecewise,
 address = {Corvallis, Oregon, USA},
 author = {Sutton, Charles and McCallum, Andrew},
 booktitle = {Machine Learning: Proceedings of the Twenty-Fourth International Conference (ICML)},
 doi = {10.1145/1273496.1273605},
 editor = {Ghahramani, Zoubin},
 month = {June},
 note = {\url{\url{https://doi.org/10.1145/1273496.1273605}}},
 pages = {863--870},
 publisher = {ACM},
 series = {ACM International Conference Proceeding Series},
 title = {Piecewise pseudolikelihood for efficient training of conditional random fields},
 volume = {227},
 year = {2007}
}

@inproceedings{taylor2007crossdomain,
 address = {Corvallis, Oregon, USA},
 author = {Taylor, Matthew E. and Stone, Peter},
 booktitle = {Machine Learning: Proceedings of the Twenty-Fourth International Conference (ICML)},
 doi = {10.1145/1273496.1273607},
 editor = {Ghahramani, Zoubin},
 month = {June},
 note = {\url{\url{https://doi.org/10.1145/1273496.1273607}}},
 pages = {879--886},
 publisher = {ACM},
 series = {ACM International Conference Proceeding Series},
 title = {Cross-domain transfer for reinforcement learning},
 volume = {227},
 year = {2007}
}

@inproceedings{titov2007incremental,
 address = {Corvallis, Oregon, USA},
 author = {Titov, Ivan and Henderson, James},
 booktitle = {Machine Learning: Proceedings of the Twenty-Fourth International Conference (ICML)},
 doi = {10.1145/1273496.1273608},
 editor = {Ghahramani, Zoubin},
 month = {June},
 note = {\url{\url{https://doi.org/10.1145/1273496.1273608}}},
 pages = {887--894},
 publisher = {ACM},
 series = {ACM International Conference Proceeding Series},
 title = {Incremental Bayesian networks for structure prediction},
 volume = {227},
 year = {2007}
}

@inproceedings{tomioka2007classifying,
 address = {Corvallis, Oregon, USA},
 author = {Tomioka, Ryota and Aihara, Kazuyuki},
 booktitle = {Machine Learning: Proceedings of the Twenty-Fourth International Conference (ICML)},
 doi = {10.1145/1273496.1273609},
 editor = {Ghahramani, Zoubin},
 month = {June},
 note = {\url{\url{https://doi.org/10.1145/1273496.1273609}}},
 pages = {895--902},
 publisher = {ACM},
 series = {ACM International Conference Proceeding Series},
 title = {Classifying matrices with a spectral regularization},
 volume = {227},
 year = {2007}
}

@inproceedings{tsampouka2007approximate,
 address = {Corvallis, Oregon, USA},
 author = {Tsampouka, Petroula and Shawe-Taylor, John},
 booktitle = {Machine Learning: Proceedings of the Twenty-Fourth International Conference (ICML)},
 doi = {10.1145/1273496.1273610},
 editor = {Ghahramani, Zoubin},
 month = {June},
 note = {\url{\url{https://doi.org/10.1145/1273496.1273610}}},
 pages = {903--910},
 publisher = {ACM},
 series = {ACM International Conference Proceeding Series},
 title = {Approximate maximum margin algorithms with rules controlled by the number of mistakes},
 volume = {227},
 year = {2007}
}

@inproceedings{tsang2007simpler,
 address = {Corvallis, Oregon, USA},
 author = {Tsang, Ivor W. and Kocsor, András and Kwok, James T.},
 booktitle = {Machine Learning: Proceedings of the Twenty-Fourth International Conference (ICML)},
 doi = {10.1145/1273496.1273611},
 editor = {Ghahramani, Zoubin},
 month = {June},
 note = {\url{\url{https://doi.org/10.1145/1273496.1273611}}},
 pages = {911--918},
 publisher = {ACM},
 series = {ACM International Conference Proceeding Series},
 title = {Simpler core vector machines with enclosing balls},
 volume = {227},
 year = {2007}
}

@inproceedings{tsuda2007entire,
 address = {Corvallis, Oregon, USA},
 author = {Tsuda, Koji},
 booktitle = {Machine Learning: Proceedings of the Twenty-Fourth International Conference (ICML)},
 doi = {10.1145/1273496.1273612},
 editor = {Ghahramani, Zoubin},
 month = {June},
 note = {\url{\url{https://doi.org/10.1145/1273496.1273612}}},
 pages = {919--926},
 publisher = {ACM},
 series = {ACM International Conference Proceeding Series},
 title = {Entire regularization paths for graph data},
 volume = {227},
 year = {2007}
}

@inproceedings{urtasun2007discriminative,
 address = {Corvallis, Oregon, USA},
 author = {Urtasun, Raquel and Darrell, Trevor},
 booktitle = {Machine Learning: Proceedings of the Twenty-Fourth International Conference (ICML)},
 doi = {10.1145/1273496.1273613},
 editor = {Ghahramani, Zoubin},
 month = {June},
 note = {\url{\url{https://doi.org/10.1145/1273496.1273613}}},
 pages = {927--934},
 publisher = {ACM},
 series = {ACM International Conference Proceeding Series},
 title = {Discriminative Gaussian process latent variable model for classification},
 volume = {227},
 year = {2007}
}

@inproceedings{wachman2007learning,
 address = {Corvallis, Oregon, USA},
 author = {Wachman, Gabriel and Khardon, Roni},
 booktitle = {Machine Learning: Proceedings of the Twenty-Fourth International Conference (ICML)},
 doi = {10.1145/1273496.1273615},
 editor = {Ghahramani, Zoubin},
 month = {June},
 note = {\url{\url{https://doi.org/10.1145/1273496.1273615}}},
 pages = {943--950},
 publisher = {ACM},
 series = {ACM International Conference Proceeding Series},
 title = {Learning from interpretations: a rooted kernel for ordered hypergraphs},
 volume = {227},
 year = {2007}
}

@inproceedings{wang2007dirichlet,
 address = {Corvallis, Oregon, USA},
 author = {Wang, Hua-Yan and Zha, Hongbin and Qin, Hong},
 booktitle = {Machine Learning: Proceedings of the Twenty-Fourth International Conference (ICML)},
 doi = {10.1145/1273496.1273617},
 editor = {Ghahramani, Zoubin},
 month = {June},
 note = {\url{\url{https://doi.org/10.1145/1273496.1273617}}},
 pages = {959--966},
 publisher = {ACM},
 series = {ACM International Conference Proceeding Series},
 title = {Dirichlet aggregation: unsupervised learning towards an optimal metric for proportional data},
 volume = {227},
 year = {2007}
}

@inproceedings{wang2007hybrid,
 address = {Corvallis, Oregon, USA},
 author = {Wang, Li and Zhu, Ji and Zou, Hui},
 booktitle = {Machine Learning: Proceedings of the Twenty-Fourth International Conference (ICML)},
 doi = {10.1145/1273496.1273620},
 editor = {Ghahramani, Zoubin},
 month = {June},
 note = {\url{https://doi.org/10.1145/1273496.1273620}},
 pages = {983--990},
 publisher = {ACM},
 series = {ACM International Conference Proceeding Series},
 title = {Hybrid huberized support vector machines for microarray classification},
 volume = {227},
 year = {2007}
}

@inproceedings{wang2007kernel,
 address = {Corvallis, Oregon, USA},
 author = {Wang, Gang and Yeung, Dit-Yan and Lochovsky, Frederick H.},
 booktitle = {Machine Learning: Proceedings of the Twenty-Fourth International Conference (ICML)},
 doi = {10.1145/1273496.1273616},
 editor = {Ghahramani, Zoubin},
 month = {June},
 note = {\url{\url{https://doi.org/10.1145/1273496.1273616}}},
 pages = {951--958},
 publisher = {ACM},
 series = {ACM International Conference Proceeding Series},
 title = {A kernel path algorithm for support vector machines},
 volume = {227},
 year = {2007}
}

@inproceedings{wang2007multifactor,
 address = {Corvallis, Oregon, USA},
 author = {Wang, Jack M. and Fleet, David J. and Hertzmann, Aaron},
 booktitle = {Machine Learning: Proceedings of the Twenty-Fourth International Conference (ICML)},
 doi = {10.1145/1273496.1273619},
 editor = {Ghahramani, Zoubin},
 month = {June},
 note = {\url{https://doi.org/10.1145/1273496.1273619}},
 pages = {975--982},
 publisher = {ACM},
 series = {ACM International Conference Proceeding Series},
 title = {Multifactor Gaussian process models for style-content separation},
 volume = {227},
 year = {2007}
}

@inproceedings{wang2007on,
 address = {Corvallis, Oregon, USA},
 author = {Wang, Liwei and Yang, Cheng and Feng, Jufu},
 booktitle = {Machine Learning: Proceedings of the Twenty-Fourth International Conference (ICML)},
 doi = {10.1145/1273496.1273621},
 editor = {Ghahramani, Zoubin},
 month = {June},
 note = {\url{https://doi.org/10.1145/1273496.1273621}},
 pages = {991--998},
 publisher = {ACM},
 series = {ACM International Conference Proceeding Series},
 title = {On learning with dissimilarity functions},
 volume = {227},
 year = {2007}
}

@inproceedings{wang2007transductive,
 address = {Corvallis, Oregon, USA},
 author = {Wang, Huan and Yan, Shuicheng and Huang, Thomas S. and Liu, Jianzhuang and Tang, Xiaoou},
 booktitle = {Machine Learning: Proceedings of the Twenty-Fourth International Conference (ICML)},
 doi = {10.1145/1273496.1273618},
 editor = {Ghahramani, Zoubin},
 month = {June},
 note = {\url{\url{https://doi.org/10.1145/1273496.1273618}}},
 pages = {967--974},
 publisher = {ACM},
 series = {ACM International Conference Proceeding Series},
 title = {Transductive regression piloted by inter-manifold relations},
 volume = {227},
 year = {2007}
}

@inproceedings{warmuth2007winnowing,
 address = {Corvallis, Oregon, USA},
 author = {Warmuth, Manfred K.},
 booktitle = {Machine Learning: Proceedings of the Twenty-Fourth International Conference (ICML)},
 doi = {10.1145/1273496.1273622},
 editor = {Ghahramani, Zoubin},
 month = {June},
 note = {\url{https://doi.org/10.1145/1273496.1273622}},
 pages = {999--1006},
 publisher = {ACM},
 series = {ACM International Conference Proceeding Series},
 title = {Winnowing subspaces},
 volume = {227},
 year = {2007}
}

@inproceedings{werner2007is,
 address = {Corvallis, Oregon, USA},
 author = {Werner, Tomás},
 booktitle = {Machine Learning: Proceedings of the Twenty-Fourth International Conference (ICML)},
 doi = {10.1145/1273496.1273623},
 editor = {Ghahramani, Zoubin},
 month = {June},
 note = {\url{https://doi.org/10.1145/1273496.1273623}},
 pages = {1007--1014},
 publisher = {ACM},
 series = {ACM International Conference Proceeding Series},
 title = {What is decreased by the max-sum arc consistency algorithm?},
 volume = {227},
 year = {2007}
}

@inproceedings{wilson2007multitask,
 address = {Corvallis, Oregon, USA},
 author = {Wilson, Aaron and Fern, Alan and Ray, Soumya and Tadepalli, Prasad},
 booktitle = {Machine Learning: Proceedings of the Twenty-Fourth International Conference (ICML)},
 doi = {10.1145/1273496.1273624},
 editor = {Ghahramani, Zoubin},
 month = {June},
 note = {\url{https://doi.org/10.1145/1273496.1273624}},
 pages = {1015--1022},
 publisher = {ACM},
 series = {ACM International Conference Proceeding Series},
 title = {Multi-task reinforcement learning: a hierarchical Bayesian approach},
 volume = {227},
 year = {2007}
}

@inproceedings{wipf2007beamforming,
 address = {Corvallis, Oregon, USA},
 author = {Wipf, David P. and Nagarajan, Srikantan S.},
 booktitle = {Machine Learning: Proceedings of the Twenty-Fourth International Conference (ICML)},
 doi = {10.1145/1273496.1273625},
 editor = {Ghahramani, Zoubin},
 month = {June},
 note = {\url{https://doi.org/10.1145/1273496.1273625}},
 pages = {1023--1030},
 publisher = {ACM},
 series = {ACM International Conference Proceeding Series},
 title = {Beamforming using the relevance vector machine},
 volume = {227},
 year = {2007}
}

@inproceedings{woznica2007learning,
 address = {Corvallis, Oregon, USA},
 author = {Woznica, Adam and Alex and Kalousis, Ros and Hilario, Melanie},
 booktitle = {Machine Learning: Proceedings of the Twenty-Fourth International Conference (ICML)},
 doi = {10.1145/1273496.1273626},
 editor = {Ghahramani, Zoubin},
 month = {June},
 note = {\url{https://doi.org/10.1145/1273496.1273626}},
 pages = {1031--1038},
 publisher = {ACM},
 series = {ACM International Conference Proceeding Series},
 title = {Learning to combine distances for complex representations},
 volume = {227},
 year = {2007}
}

@inproceedings{wu2007local,
 address = {Corvallis, Oregon, USA},
 author = {Wu, Mingrui and Yu, Kai and Yu, Shipeng and Schölkopf, Bernhard},
 booktitle = {Machine Learning: Proceedings of the Twenty-Fourth International Conference (ICML)},
 doi = {10.1145/1273496.1273627},
 editor = {Ghahramani, Zoubin},
 month = {June},
 note = {\url{https://doi.org/10.1145/1273496.1273627}},
 pages = {1039--1046},
 publisher = {ACM},
 series = {ACM International Conference Proceeding Series},
 title = {Local learning projections},
 volume = {227},
 year = {2007}
}

@inproceedings{xu2007on,
 address = {Corvallis, Oregon, USA},
 author = {Xu, Yuehua and Fern, Alan},
 booktitle = {Machine Learning: Proceedings of the Twenty-Fourth International Conference (ICML)},
 doi = {10.1145/1273496.1273628},
 editor = {Ghahramani, Zoubin},
 month = {June},
 note = {\url{https://doi.org/10.1145/1273496.1273628}},
 pages = {1047--1054},
 publisher = {ACM},
 series = {ACM International Conference Proceeding Series},
 title = {On learning linear ranking functions for beam search},
 volume = {227},
 year = {2007}
}

@inproceedings{xuan2007modeling,
 address = {Corvallis, Oregon, USA},
 author = {Xuan, Xiang and Murphy, Kevin P.},
 booktitle = {Machine Learning: Proceedings of the Twenty-Fourth International Conference (ICML)},
 doi = {10.1145/1273496.1273629},
 editor = {Ghahramani, Zoubin},
 month = {June},
 note = {\url{https://doi.org/10.1145/1273496.1273629}},
 pages = {1055--1062},
 publisher = {ACM},
 series = {ACM International Conference Proceeding Series},
 title = {Modeling changing dependency structure in multivariate time series},
 volume = {227},
 year = {2007}
}

@inproceedings{xue2007matrix,
 address = {Corvallis, Oregon, USA},
 author = {Xue, Ya and Dunson, David B. and Carin, Lawrence},
 booktitle = {Machine Learning: Proceedings of the Twenty-Fourth International Conference (ICML)},
 doi = {10.1145/1273496.1273630},
 editor = {Ghahramani, Zoubin},
 month = {June},
 note = {\url{https://doi.org/10.1145/1273496.1273630}},
 pages = {1063--1070},
 publisher = {ACM},
 series = {ACM International Conference Proceeding Series},
 title = {The matrix stick-breaking process for flexible multi-task learning},
 volume = {227},
 year = {2007}
}

@inproceedings{yairi2007map,
 address = {Corvallis, Oregon, USA},
 author = {Yairi, Takehisa},
 booktitle = {Machine Learning: Proceedings of the Twenty-Fourth International Conference (ICML)},
 doi = {10.1145/1273496.1273631},
 editor = {Ghahramani, Zoubin},
 month = {June},
 note = {\url{https://doi.org/10.1145/1273496.1273631}},
 pages = {1071--1078},
 publisher = {ACM},
 series = {ACM International Conference Proceeding Series},
 title = {Map building without localization by dimensionality reduction techniques},
 volume = {227},
 year = {2007}
}

@inproceedings{yamazaki2007asymptotic,
 address = {Corvallis, Oregon, USA},
 author = {Yamazaki, Keisuke and Kawanabe, Motoaki and Watanabe, Sumio and Sugiyama, Masashi and Müller, Klaus-Robert},
 booktitle = {Machine Learning: Proceedings of the Twenty-Fourth International Conference (ICML)},
 doi = {10.1145/1273496.1273632},
 editor = {Ghahramani, Zoubin},
 month = {June},
 note = {\url{https://doi.org/10.1145/1273496.1273632}},
 pages = {1079--1086},
 publisher = {ACM},
 series = {ACM International Conference Proceeding Series},
 title = {Asymptotic Bayesian generalization error when training and test distributions are different},
 volume = {227},
 year = {2007}
}

@inproceedings{ye2007discriminant,
 address = {Corvallis, Oregon, USA},
 author = {Ye, Jieping and Chen, Jianhui and Ji, Shuiwang},
 booktitle = {Machine Learning: Proceedings of the Twenty-Fourth International Conference (ICML)},
 doi = {10.1145/1273496.1273634},
 editor = {Ghahramani, Zoubin},
 month = {June},
 note = {\url{https://doi.org/10.1145/1273496.1273634}},
 pages = {1095--1102},
 publisher = {ACM},
 series = {ACM International Conference Proceeding Series},
 title = {Discriminant kernel and regularization parameter learning via semidefinite programming},
 volume = {227},
 year = {2007}
}

@inproceedings{ye2007least,
 address = {Corvallis, Oregon, USA},
 author = {Ye, Jieping},
 booktitle = {Machine Learning: Proceedings of the Twenty-Fourth International Conference (ICML)},
 doi = {10.1145/1273496.1273633},
 editor = {Ghahramani, Zoubin},
 month = {June},
 note = {\url{https://doi.org/10.1145/1273496.1273633}},
 pages = {1087--1093},
 publisher = {ACM},
 series = {ACM International Conference Proceeding Series},
 title = {Least squares linear discriminant analysis},
 volume = {227},
 year = {2007}
}

@inproceedings{yogan2007fast,
 address = {Corvallis, Oregon, USA},
 author = {Yogan, A. P. and Murty, M. Narasimha and Gopal, Lakshmi},
 booktitle = {Machine Learning: Proceedings of the Twenty-Fourth International Conference (ICML)},
 doi = {10.1145/1273496.1273586},
 editor = {Ghahramani, Zoubin},
 month = {June},
 note = {\url{\url{https://doi.org/10.1145/1273496.1273586}}},
 pages = {713--720},
 publisher = {ACM},
 series = {ACM International Conference Proceeding Series},
 title = {A fast linear separability test by projection of positive points on subspaces},
 volume = {227},
 year = {2007}
}

@inproceedings{yu2007robust,
 address = {Corvallis, Oregon, USA},
 author = {Yu, Shipeng and Tresp, Volker and Yu, Kai},
 booktitle = {Machine Learning: Proceedings of the Twenty-Fourth International Conference (ICML)},
 doi = {10.1145/1273496.1273635},
 editor = {Ghahramani, Zoubin},
 month = {June},
 note = {\url{https://doi.org/10.1145/1273496.1273635}},
 pages = {1103--1110},
 publisher = {ACM},
 series = {ACM International Conference Proceeding Series},
 title = {Robust multi-task learning with t-processes},
 volume = {227},
 year = {2007}
}

@inproceedings{zhang2007conditional,
 address = {Corvallis, Oregon, USA},
 author = {Zhang, Xinhua and Aberdeen, Douglas and Vishwanathan, S. V. N.},
 booktitle = {Machine Learning: Proceedings of the Twenty-Fourth International Conference (ICML)},
 doi = {10.1145/1273496.1273640},
 editor = {Ghahramani, Zoubin},
 month = {June},
 note = {\url{https://doi.org/10.1145/1273496.1273640}},
 pages = {1143--1150},
 publisher = {ACM},
 series = {ACM International Conference Proceeding Series},
 title = {Conditional random fields for multi-agent reinforcement learning},
 volume = {227},
 year = {2007}
}

@inproceedings{zhang2007maximum,
 address = {Corvallis, Oregon, USA},
 author = {Zhang, Kai and Tsang, Ivor W. and Kwok, James T.},
 booktitle = {Machine Learning: Proceedings of the Twenty-Fourth International Conference (ICML)},
 doi = {10.1145/1273496.1273637},
 editor = {Ghahramani, Zoubin},
 month = {June},
 note = {\url{https://doi.org/10.1145/1273496.1273637}},
 pages = {1119--1126},
 publisher = {ACM},
 series = {ACM International Conference Proceeding Series},
 title = {Maximum margin clustering made practical},
 volume = {227},
 year = {2007}
}

@inproceedings{zhang2007nonlinear,
 address = {Corvallis, Oregon, USA},
 author = {Zhang, Kun and Chan, Laiwan},
 booktitle = {Machine Learning: Proceedings of the Twenty-Fourth International Conference (ICML)},
 doi = {10.1145/1273496.1273638},
 editor = {Ghahramani, Zoubin},
 month = {June},
 note = {\url{https://doi.org/10.1145/1273496.1273638}},
 pages = {1127--1134},
 publisher = {ACM},
 series = {ACM International Conference Proceeding Series},
 title = {Nonlinear independent component analysis with minimal nonlinear distortion},
 volume = {227},
 year = {2007}
}

@inproceedings{zhang2007on,
 address = {Corvallis, Oregon, USA},
 author = {Zhang, Jian and Yan, Rong},
 booktitle = {Machine Learning: Proceedings of the Twenty-Fourth International Conference (ICML)},
 doi = {10.1145/1273496.1273636},
 editor = {Ghahramani, Zoubin},
 month = {June},
 note = {\url{https://doi.org/10.1145/1273496.1273636}},
 pages = {1111--1118},
 publisher = {ACM},
 series = {ACM International Conference Proceeding Series},
 title = {On the value of pairwise constraints in classification and consistency},
 volume = {227},
 year = {2007}
}

@inproceedings{zhang2007optimal,
 address = {Corvallis, Oregon, USA},
 author = {Zhang, Wei and Xue, Xiangyang and Sun, Zichen and Guo, Yue-Fei and Lu, Hong},
 booktitle = {Machine Learning: Proceedings of the Twenty-Fourth International Conference (ICML)},
 doi = {10.1145/1273496.1273639},
 editor = {Ghahramani, Zoubin},
 month = {June},
 note = {\url{https://doi.org/10.1145/1273496.1273639}},
 pages = {1135--1142},
 publisher = {ACM},
 series = {ACM International Conference Proceeding Series},
 title = {Optimal dimensionality of metric space for classification},
 volume = {227},
 year = {2007}
}

@inproceedings{zhao2007spectral,
 address = {Corvallis, Oregon, USA},
 author = {Zhao, Zheng and Liu, Huan},
 booktitle = {Machine Learning: Proceedings of the Twenty-Fourth International Conference (ICML)},
 doi = {10.1145/1273496.1273641},
 editor = {Ghahramani, Zoubin},
 month = {June},
 note = {\url{https://doi.org/10.1145/1273496.1273641}},
 pages = {1151--1157},
 publisher = {ACM},
 series = {ACM International Conference Proceeding Series},
 title = {Spectral feature selection for supervised and unsupervised learning},
 volume = {227},
 year = {2007}
}

@inproceedings{zhou2007on,
 address = {Corvallis, Oregon, USA},
 author = {Zhou, Zhi-Hua and Xu, Jun-Ming},
 booktitle = {Machine Learning: Proceedings of the Twenty-Fourth International Conference (ICML)},
 doi = {10.1145/1273496.1273643},
 editor = {Ghahramani, Zoubin},
 month = {June},
 note = {\url{https://doi.org/10.1145/1273496.1273643}},
 pages = {1167--1174},
 publisher = {ACM},
 series = {ACM International Conference Proceeding Series},
 title = {On the relation between multi-instance learning and semi-supervised learning},
 volume = {227},
 year = {2007}
}

@inproceedings{zhou2007spectral,
 address = {Corvallis, Oregon, USA},
 author = {Zhou, Dengyong and Burges, Christopher J. C.},
 booktitle = {Machine Learning: Proceedings of the Twenty-Fourth International Conference (ICML)},
 doi = {10.1145/1273496.1273642},
 editor = {Ghahramani, Zoubin},
 month = {June},
 note = {\url{https://doi.org/10.1145/1273496.1273642}},
 pages = {1159--1166},
 publisher = {ACM},
 series = {ACM International Conference Proceeding Series},
 title = {Spectral clustering and transductive learning with multiple views},
 volume = {227},
 year = {2007}
}

@inproceedings{zhu2007dynamic,
 address = {Corvallis, Oregon, USA},
 author = {Zhu, Jun and Nie, Zaiqing and Zhang, Bo and Wen, Ji-Rong},
 booktitle = {Machine Learning: Proceedings of the Twenty-Fourth International Conference (ICML)},
 doi = {10.1145/1273496.1273644},
 editor = {Ghahramani, Zoubin},
 month = {June},
 note = {\url{https://doi.org/10.1145/1273496.1273644}},
 pages = {1175--1182},
 publisher = {ACM},
 series = {ACM International Conference Proceeding Series},
 title = {Dynamic hierarchical Markov random fields and their application to web data extraction},
 volume = {227},
 year = {2007}
}
