@inproceedings{adams2008gaussian,
  address =      {Helsinki, Finland},
  author =       {Adams, Ryan Prescott and Stegle, Oliver},
  booktitle =    {Machine Learning: Proceedings of the Twenty-Fifth
                  International Conference (ICML)},
  doi =          {10.1145/1390156.1390157},
  editor =       {Cohen, William W. and McCallum, Andrew and Roweis,
                  Sam T.},
  month =        {June},
  note =         {\url{https://doi.org/10.1145/1390156.1390157}},
  pages =        {1--8},
  publisher =    {ACM},
  series =       {ACM International Conference Proceeding Series},
  title =        {Gaussian process product models for nonparametric
                  nonstationarity},
  volume =       307,
  year =         2008
}

@inproceedings{aless2008transfer,
  address =      {Helsinki, Finland},
  author =       {Aless and Lazaric, ro and Restelli, Marcello and
                  Bonarini, Andrea},
  booktitle =    {Machine Learning: Proceedings of the Twenty-Fifth
                  International Conference (ICML)},
  doi =          {10.1145/1390156.1390225},
  editor =       {Cohen, William W. and McCallum, Andrew and Roweis,
                  Sam T.},
  month =        {June},
  note =         {\url{https://doi.org/10.1145/1390156.1390225}},
  pages =        {544--551},
  publisher =    {ACM},
  series =       {ACM International Conference Proceeding Series},
  title =        {Transfer of samples in batch reinforcement learning},
  volume =       307,
  year =         2008
}

@inproceedings{alex2008unsupervised,
  address =      {Helsinki, Finland},
  author =       {Alex and Klementiev, re and Roth, Dan and Small,
                  Kevin},
  booktitle =    {Machine Learning: Proceedings of the Twenty-Fifth
                  International Conference (ICML)},
  doi =          {10.1145/1390156.1390216},
  editor =       {Cohen, William W. and McCallum, Andrew and Roweis,
                  Sam T.},
  month =        {June},
  note =         {\url{https://doi.org/10.1145/1390156.1390216}},
  pages =        {472--479},
  publisher =    {ACM},
  series =       {ACM International Conference Proceeding Series},
  title =        {Unsupervised rank aggregation with distance-based
                  models},
  volume =       307,
  year =         2008
}

@inproceedings{allauzen2008sequence,
  address =      {Helsinki, Finland},
  author =       {Allauzen, Cyril and Mohri, Mehryar and Talwalkar,
                  Ameet},
  booktitle =    {Machine Learning: Proceedings of the Twenty-Fifth
                  International Conference (ICML)},
  doi =          {10.1145/1390156.1390158},
  editor =       {Cohen, William W. and McCallum, Andrew and Roweis,
                  Sam T.},
  month =        {June},
  note =         {\url{https://doi.org/10.1145/1390156.1390158}},
  pages =        {9--16},
  publisher =    {ACM},
  series =       {ACM International Conference Proceeding Series},
  title =        {Sequence kernels for predicting protein
                  essentiality},
  volume =       307,
  year =         2008
}

@inproceedings{an2008hierarchical,
  address =      {Helsinki, Finland},
  author =       {An, Qi and Wang, Chunping and Shterev, Ivo and Wang,
                  Eric and Carin, Lawrence and Dunson, David B.},
  booktitle =    {Machine Learning: Proceedings of the Twenty-Fifth
                  International Conference (ICML)},
  doi =          {10.1145/1390156.1390159},
  editor =       {Cohen, William W. and McCallum, Andrew and Roweis,
                  Sam T.},
  month =        {June},
  note =         {\url{https://doi.org/10.1145/1390156.1390159}},
  pages =        {17--24},
  publisher =    {ACM},
  series =       {ACM International Conference Proceeding Series},
  title =        {Hierarchical kernel stick-breaking process for
                  multi-task image analysis},
  volume =       307,
  year =         2008
}

@inproceedings{bach2008bolasso,
  address =      {Helsinki, Finland},
  author =       {Bach, Francis R.},
  booktitle =    {Machine Learning: Proceedings of the Twenty-Fifth
                  International Conference (ICML)},
  doi =          {10.1145/1390156.1390161},
  editor =       {Cohen, William W. and McCallum, Andrew and Roweis,
                  Sam T.},
  month =        {June},
  note =         {\url{https://doi.org/10.1145/1390156.1390161}},
  pages =        {33--40},
  publisher =    {ACM},
  series =       {ACM International Conference Proceeding Series},
  title =        {Bolasso: model consistent Lasso estimation through
                  the bootstrap},
  volume =       307,
  year =         2008
}

@inproceedings{bach2008graph,
  address =      {Helsinki, Finland},
  author =       {Bach, Francis R.},
  booktitle =    {Machine Learning: Proceedings of the Twenty-Fifth
                  International Conference (ICML)},
  doi =          {10.1145/1390156.1390160},
  editor =       {Cohen, William W. and McCallum, Andrew and Roweis,
                  Sam T.},
  month =        {June},
  note =         {\url{https://doi.org/10.1145/1390156.1390160}},
  pages =        {25--32},
  publisher =    {ACM},
  series =       {ACM International Conference Proceeding Series},
  title =        {Graph kernels between point clouds},
  volume =       307,
  year =         2008
}

@inproceedings{barrett2008learning,
  address =      {Helsinki, Finland},
  author =       {Barrett, Leon and Narayanan, Srini},
  booktitle =    {Machine Learning: Proceedings of the Twenty-Fifth
                  International Conference (ICML)},
  doi =          {10.1145/1390156.1390162},
  editor =       {Cohen, William W. and McCallum, Andrew and Roweis,
                  Sam T.},
  month =        {June},
  note =         {\url{https://doi.org/10.1145/1390156.1390162}},
  pages =        {41--47},
  publisher =    {ACM},
  series =       {ACM International Conference Proceeding Series},
  title =        {Learning all optimal policies with multiple
                  criteria},
  volume =       307,
  year =         2008
}

@inproceedings{bergeron2008multiple,
  address =      {Helsinki, Finland},
  author =       {Bergeron, Charles and Zaretzki, Jed and Breneman,
                  Curt M. and Bennett, Kristin P.},
  booktitle =    {Machine Learning: Proceedings of the Twenty-Fifth
                  International Conference (ICML)},
  doi =          {10.1145/1390156.1390163},
  editor =       {Cohen, William W. and McCallum, Andrew and Roweis,
                  Sam T.},
  month =        {June},
  note =         {\url{https://doi.org/10.1145/1390156.1390163}},
  pages =        {48--55},
  publisher =    {ACM},
  series =       {ACM International Conference Proceeding Series},
  title =        {Multiple instance ranking},
  volume =       307,
  year =         2008
}

@inproceedings{bickel2008multitask,
  address =      {Helsinki, Finland},
  author =       {Bickel, Steffen and Bogojeska, Jasmina and Lengauer,
                  Thomas and Scheffer, Tobias},
  booktitle =    {Machine Learning: Proceedings of the Twenty-Fifth
                  International Conference (ICML)},
  doi =          {10.1145/1390156.1390164},
  editor =       {Cohen, William W. and McCallum, Andrew and Roweis,
                  Sam T.},
  month =        {June},
  note =         {\url{https://doi.org/10.1145/1390156.1390164}},
  pages =        {56--63},
  publisher =    {ACM},
  series =       {ACM International Conference Proceeding Series},
  title =        {Multi-task learning for HIV therapy screening},
  volume =       307,
  year =         2008
}

@inproceedings{biggs2008nonnegative,
  address =      {Helsinki, Finland},
  author =       {Biggs, Michael and Ghodsi, Ali and Vavasis, Stephen
                  A.},
  booktitle =    {Machine Learning: Proceedings of the Twenty-Fifth
                  International Conference (ICML)},
  doi =          {10.1145/1390156.1390165},
  editor =       {Cohen, William W. and McCallum, Andrew and Roweis,
                  Sam T.},
  month =        {June},
  note =         {\url{https://doi.org/10.1145/1390156.1390165}},
  pages =        {64--71},
  publisher =    {ACM},
  series =       {ACM International Conference Proceeding Series},
  title =        {Nonnegative matrix factorization via rank-one
                  downdate},
  volume =       307,
  year =         2008
}

@inproceedings{bowling2008strategy,
  address =      {Helsinki, Finland},
  author =       {Bowling, Michael H. and Johanson, Michael and Burch,
                  Neil and Szafron, Duane},
  booktitle =    {Machine Learning: Proceedings of the Twenty-Fifth
                  International Conference (ICML)},
  doi =          {10.1145/1390156.1390166},
  editor =       {Cohen, William W. and McCallum, Andrew and Roweis,
                  Sam T.},
  month =        {June},
  note =         {\url{https://doi.org/10.1145/1390156.1390166}},
  pages =        {72--79},
  publisher =    {ACM},
  series =       {ACM International Conference Proceeding Series},
  title =        {Strategy evaluation in extensive games with
                  importance sampling},
  volume =       307,
  year =         2008
}

@inproceedings{bryan2008actively,
  address =      {Helsinki, Finland},
  author =       {Bryan, Brent and Schneider, Jeff G.},
  booktitle =    {Machine Learning: Proceedings of the Twenty-Fifth
                  International Conference (ICML)},
  doi =          {10.1145/1390156.1390167},
  editor =       {Cohen, William W. and McCallum, Andrew and Roweis,
                  Sam T.},
  month =        {June},
  note =         {\url{https://doi.org/10.1145/1390156.1390167}},
  pages =        {80--87},
  publisher =    {ACM},
  series =       {ACM International Conference Proceeding Series},
  title =        {Actively learning level-sets of composite functions},
  volume =       307,
  year =         2008
}

@inproceedings{caron2008sparse,
  address =      {Helsinki, Finland},
  author =       {Caron, Francois and Doucet, Arnaud},
  booktitle =    {Machine Learning: Proceedings of the Twenty-Fifth
                  International Conference (ICML)},
  doi =          {10.1145/1390156.1390168},
  editor =       {Cohen, William W. and McCallum, Andrew and Roweis,
                  Sam T.},
  month =        {June},
  note =         {\url{https://doi.org/10.1145/1390156.1390168}},
  pages =        {88--95},
  publisher =    {ACM},
  series =       {ACM International Conference Proceeding Series},
  title =        {Sparse Bayesian nonparametric regression},
  volume =       307,
  year =         2008
}

@inproceedings{caruana2008empirical,
  address =      {Helsinki, Finland},
  author =       {Caruana, Rich and Karampatziakis, Nikolaos and
                  Yessenalina, Ainur},
  booktitle =    {Machine Learning: Proceedings of the Twenty-Fifth
                  International Conference (ICML)},
  doi =          {10.1145/1390156.1390169},
  editor =       {Cohen, William W. and McCallum, Andrew and Roweis,
                  Sam T.},
  month =        {June},
  note =         {\url{https://doi.org/10.1145/1390156.1390169}},
  pages =        {96--103},
  publisher =    {ACM},
  series =       {ACM International Conference Proceeding Series},
  title =        {An empirical evaluation of supervised learning in
                  high dimensions},
  volume =       307,
  year =         2008
}

@inproceedings{catanzaro2008fast,
  address =      {Helsinki, Finland},
  author =       {Catanzaro, Bryan and Sundaram, Narayanan and
                  Keutzer, Kurt},
  booktitle =    {Machine Learning: Proceedings of the Twenty-Fifth
                  International Conference (ICML)},
  doi =          {10.1145/1390156.1390170},
  editor =       {Cohen, William W. and McCallum, Andrew and Roweis,
                  Sam T.},
  month =        {June},
  note =         {\url{https://doi.org/10.1145/1390156.1390170}},
  pages =        {104--111},
  publisher =    {ACM},
  series =       {ACM International Conference Proceeding Series},
  title =        {Fast support vector machine training and
                  classification on graphics processors},
  volume =       307,
  year =         2008
}

@inproceedings{cayton2008fast,
  address =      {Helsinki, Finland},
  author =       {Cayton, Lawrence},
  booktitle =    {Machine Learning: Proceedings of the Twenty-Fifth
                  International Conference (ICML)},
  doi =          {10.1145/1390156.1390171},
  editor =       {Cohen, William W. and McCallum, Andrew and Roweis,
                  Sam T.},
  month =        {June},
  note =         {\url{https://doi.org/10.1145/1390156.1390171}},
  pages =        {112--119},
  publisher =    {ACM},
  series =       {ACM International Conference Proceeding Series},
  title =        {Fast nearest neighbor retrieval for Bregman
                  divergences},
  volume =       307,
  year =         2008
}

@inproceedings{cevikalp2008nearest,
  address =      {Helsinki, Finland},
  author =       {Cevikalp, Hakan and Triggs, Bill and Polikar, Robi},
  booktitle =    {Machine Learning: Proceedings of the Twenty-Fifth
                  International Conference (ICML)},
  doi =          {10.1145/1390156.1390172},
  editor =       {Cohen, William W. and McCallum, Andrew and Roweis,
                  Sam T.},
  month =        {June},
  note =         {\url{https://doi.org/10.1145/1390156.1390172}},
  pages =        {120--127},
  publisher =    {ACM},
  series =       {ACM International Conference Proceeding Series},
  title =        {Nearest hyperdisk methods for high-dimensional
                  classification},
  volume =       307,
  year =         2008
}

@inproceedings{chen2008learning,
  address =      {Helsinki, Finland},
  author =       {Chen, David L. and Mooney, Raymond J.},
  booktitle =    {Machine Learning: Proceedings of the Twenty-Fifth
                  International Conference (ICML)},
  doi =          {10.1145/1390156.1390173},
  editor =       {Cohen, William W. and McCallum, Andrew and Roweis,
                  Sam T.},
  month =        {June},
  note =         {\url{https://doi.org/10.1145/1390156.1390173}},
  pages =        {128--135},
  publisher =    {ACM},
  series =       {ACM International Conference Proceeding Series},
  title =        {Learning to sportscast: a test of grounded language
                  acquisition},
  volume =       307,
  year =         2008
}

@inproceedings{chen2008training,
  address =      {Helsinki, Finland},
  author =       {Chen, Jianhui and Ye, Jieping},
  booktitle =    {Machine Learning: Proceedings of the Twenty-Fifth
                  International Conference (ICML)},
  doi =          {10.1145/1390156.1390174},
  editor =       {Cohen, William W. and McCallum, Andrew and Roweis,
                  Sam T.},
  month =        {June},
  note =         {\url{https://doi.org/10.1145/1390156.1390174}},
  pages =        {136--143},
  publisher =    {ACM},
  series =       {ACM International Conference Proceeding Series},
  title =        {Training SVM with indefinite kernels},
  volume =       307,
  year =         2008
}

@inproceedings{coates2008learning,
  address =      {Helsinki, Finland},
  author =       {Coates, Adam and Abbeel, Pieter and Ng, Andrew Y.},
  booktitle =    {Machine Learning: Proceedings of the Twenty-Fifth
                  International Conference (ICML)},
  doi =          {10.1145/1390156.1390175},
  editor =       {Cohen, William W. and McCallum, Andrew and Roweis,
                  Sam T.},
  month =        {June},
  note =         {\url{https://doi.org/10.1145/1390156.1390175}},
  pages =        {144--151},
  publisher =    {ACM},
  series =       {ACM International Conference Proceeding Series},
  title =        {Learning for control from multiple demonstrations},
  volume =       307,
  year =         2008
}

@inproceedings{coleman2008spectral,
  address =      {Helsinki, Finland},
  author =       {Coleman, Tom and Saunderson, James and Wirth,
                  Anthony},
  booktitle =    {Machine Learning: Proceedings of the Twenty-Fifth
                  International Conference (ICML)},
  doi =          {10.1145/1390156.1390176},
  editor =       {Cohen, William W. and McCallum, Andrew and Roweis,
                  Sam T.},
  month =        {June},
  note =         {\url{https://doi.org/10.1145/1390156.1390176}},
  pages =        {152--159},
  publisher =    {ACM},
  series =       {ACM International Conference Proceeding Series},
  title =        {Spectral clustering with inconsistent advice},
  volume =       307,
  year =         2008
}

@inproceedings{collobert2008unified,
  address =      {Helsinki, Finland},
  author =       {Collobert, Ronan and Weston, Jason},
  booktitle =    {Machine Learning: Proceedings of the Twenty-Fifth
                  International Conference (ICML)},
  doi =          {10.1145/1390156.1390177},
  editor =       {Cohen, William W. and McCallum, Andrew and Roweis,
                  Sam T.},
  month =        {June},
  note =         {\url{https://doi.org/10.1145/1390156.1390177}},
  pages =        {160--167},
  publisher =    {ACM},
  series =       {ACM International Conference Proceeding Series},
  title =        {A unified architecture for natural language
                  processing: deep neural networks with multitask
                  learning},
  volume =       307,
  year =         2008
}

@inproceedings{corradaemmanuel2008autonomous,
  address =      {Helsinki, Finland},
  author =       {Corrada-Emmanuel, Andrés and Schultz, Howard J.},
  booktitle =    {Machine Learning: Proceedings of the Twenty-Fifth
                  International Conference (ICML)},
  doi =          {10.1145/1390156.1390178},
  editor =       {Cohen, William W. and McCallum, Andrew and Roweis,
                  Sam T.},
  month =        {June},
  note =         {\url{https://doi.org/10.1145/1390156.1390178}},
  pages =        {168--175},
  publisher =    {ACM},
  series =       {ACM International Conference Proceeding Series},
  title =        {Autonomous geometric precision error estimation in
                  low-level computer vision tasks},
  volume =       307,
  year =         2008
}

@inproceedings{cortes2008stability,
  address =      {Helsinki, Finland},
  author =       {Cortes, Corinna and Mohri, Mehryar and Pechyony,
                  Dmitry and Rastogi, Ashish},
  booktitle =    {Machine Learning: Proceedings of the Twenty-Fifth
                  International Conference (ICML)},
  doi =          {10.1145/1390156.1390179},
  editor =       {Cohen, William W. and McCallum, Andrew and Roweis,
                  Sam T.},
  month =        {June},
  note =         {\url{https://doi.org/10.1145/1390156.1390179}},
  pages =        {176--183},
  publisher =    {ACM},
  series =       {ACM International Conference Proceeding Series},
  title =        {Stability of transductive regression algorithms},
  volume =       307,
  year =         2008
}

@inproceedings{crammer2008ratedistortion,
  address =      {Helsinki, Finland},
  author =       {Crammer, Koby and Talukdar, Partha Pratim and Fern,
                  and Pereira, o C. N.},
  booktitle =    {Machine Learning: Proceedings of the Twenty-Fifth
                  International Conference (ICML)},
  doi =          {10.1145/1390156.1390180},
  editor =       {Cohen, William W. and McCallum, Andrew and Roweis,
                  Sam T.},
  month =        {June},
  note =         {\url{https://doi.org/10.1145/1390156.1390180}},
  pages =        {184--191},
  publisher =    {ACM},
  series =       {ACM International Conference Proceeding Series},
  title =        {A rate-distortion one-class model and its
                  applications to clustering},
  volume =       307,
  year =         2008
}

@inproceedings{cunningham2008fast,
  address =      {Helsinki, Finland},
  author =       {Cunningham, John P. and Shenoy, Krishna V. and
                  Sahani, Maneesh},
  booktitle =    {Machine Learning: Proceedings of the Twenty-Fifth
                  International Conference (ICML)},
  doi =          {10.1145/1390156.1390181},
  editor =       {Cohen, William W. and McCallum, Andrew and Roweis,
                  Sam T.},
  month =        {June},
  note =         {\url{https://doi.org/10.1145/1390156.1390181}},
  pages =        {192--199},
  publisher =    {ACM},
  series =       {ACM International Conference Proceeding Series},
  title =        {Fast Gaussian process methods for point process
                  intensity estimation},
  volume =       307,
  year =         2008
}

@inproceedings{dai2008selftaught,
  address =      {Helsinki, Finland},
  author =       {Dai, Wenyuan and Yang, Qiang and Xue, Gui-Rong and
                  Yu, Yong},
  booktitle =    {Machine Learning: Proceedings of the Twenty-Fifth
                  International Conference (ICML)},
  doi =          {10.1145/1390156.1390182},
  editor =       {Cohen, William W. and McCallum, Andrew and Roweis,
                  Sam T.},
  month =        {June},
  note =         {\url{https://doi.org/10.1145/1390156.1390182}},
  pages =        {200--207},
  publisher =    {ACM},
  series =       {ACM International Conference Proceeding Series},
  title =        {Self-taught clustering},
  volume =       307,
  year =         2008
}

@inproceedings{dasgupta2008hierarchical,
  address =      {Helsinki, Finland},
  author =       {Dasgupta, Sanjoy and Hsu, Daniel J.},
  booktitle =    {Machine Learning: Proceedings of the Twenty-Fifth
                  International Conference (ICML)},
  doi =          {10.1145/1390156.1390183},
  editor =       {Cohen, William W. and McCallum, Andrew and Roweis,
                  Sam T.},
  month =        {June},
  note =         {\url{https://doi.org/10.1145/1390156.1390183}},
  pages =        {208--215},
  publisher =    {ACM},
  series =       {ACM International Conference Proceeding Series},
  title =        {Hierarchical sampling for active learning},
  volume =       307,
  year =         2008
}

@inproceedings{dekel2008learning,
  address =      {Helsinki, Finland},
  author =       {Dekel, Ofer and Shamir, Ohad},
  booktitle =    {Machine Learning: Proceedings of the Twenty-Fifth
                  International Conference (ICML)},
  doi =          {10.1145/1390156.1390184},
  editor =       {Cohen, William W. and McCallum, Andrew and Roweis,
                  Sam T.},
  month =        {June},
  note =         {\url{https://doi.org/10.1145/1390156.1390184}},
  pages =        {216--223},
  publisher =    {ACM},
  series =       {ACM International Conference Proceeding Series},
  title =        {Learning to classify with missing and corrupted
                  features},
  volume =       307,
  year =         2008
}

@inproceedings{dembczynski2008maximum,
  address =      {Helsinki, Finland},
  author =       {Dembczynski, Krzysztof and Kotlowski, Wojciech and
                  Slowinski, Roman},
  booktitle =    {Machine Learning: Proceedings of the Twenty-Fifth
                  International Conference (ICML)},
  doi =          {10.1145/1390156.1390185},
  editor =       {Cohen, William W. and McCallum, Andrew and Roweis,
                  Sam T.},
  month =        {June},
  note =         {\url{https://doi.org/10.1145/1390156.1390185}},
  pages =        {224--231},
  publisher =    {ACM},
  series =       {ACM International Conference Proceeding Series},
  title =        {Maximum likelihood rule ensembles},
  volume =       307,
  year =         2008
}

@inproceedings{dick2008learning,
  address =      {Helsinki, Finland},
  author =       {Dick, Uwe and Haider, Peter and Scheffer, Tobias},
  booktitle =    {Machine Learning: Proceedings of the Twenty-Fifth
                  International Conference (ICML)},
  doi =          {10.1145/1390156.1390186},
  editor =       {Cohen, William W. and McCallum, Andrew and Roweis,
                  Sam T.},
  month =        {June},
  note =         {\url{https://doi.org/10.1145/1390156.1390186}},
  pages =        {232--239},
  publisher =    {ACM},
  series =       {ACM International Conference Proceeding Series},
  title =        {Learning from incomplete data with infinite
                  imputations},
  volume =       307,
  year =         2008
}

@inproceedings{diuk2008objectoriented,
  address =      {Helsinki, Finland},
  author =       {Diuk, Carlos and Cohen, Andre and Littman, Michael
                  L.},
  booktitle =    {Machine Learning: Proceedings of the Twenty-Fifth
                  International Conference (ICML)},
  doi =          {10.1145/1390156.1390187},
  editor =       {Cohen, William W. and McCallum, Andrew and Roweis,
                  Sam T.},
  month =        {June},
  note =         {\url{https://doi.org/10.1145/1390156.1390187}},
  pages =        {240--247},
  publisher =    {ACM},
  series =       {ACM International Conference Proceeding Series},
  title =        {An object-oriented representation for efficient
                  reinforcement learning},
  volume =       307,
  year =         2008
}

@inproceedings{donmez2008optimizing,
  address =      {Helsinki, Finland},
  author =       {Donmez, Pinar and Carbonell, Jaime G.},
  booktitle =    {Machine Learning: Proceedings of the Twenty-Fifth
                  International Conference (ICML)},
  doi =          {10.1145/1390156.1390188},
  editor =       {Cohen, William W. and McCallum, Andrew and Roweis,
                  Sam T.},
  month =        {June},
  note =         {\url{https://doi.org/10.1145/1390156.1390188}},
  pages =        {248--255},
  publisher =    {ACM},
  series =       {ACM International Conference Proceeding Series},
  title =        {Optimizing estimated loss reduction for active
                  sampling in rank learning},
  volume =       307,
  year =         2008
}

@inproceedings{doshi2008reinforcement,
  address =      {Helsinki, Finland},
  author =       {Doshi, Finale and Pineau, Joelle and Roy, Nicholas},
  booktitle =    {Machine Learning: Proceedings of the Twenty-Fifth
                  International Conference (ICML)},
  doi =          {10.1145/1390156.1390189},
  editor =       {Cohen, William W. and McCallum, Andrew and Roweis,
                  Sam T.},
  month =        {June},
  note =         {\url{https://doi.org/10.1145/1390156.1390189}},
  pages =        {256--263},
  publisher =    {ACM},
  series =       {ACM International Conference Proceeding Series},
  title =        {Reinforcement learning with limited reinforcement:
                  using Bayes risk for active learning in POMDPs},
  volume =       307,
  year =         2008
}

@inproceedings{dredze2008confidenceweighted,
  address =      {Helsinki, Finland},
  author =       {Dredze, Mark and Crammer, Koby and Fern, and
                  Pereira, o},
  booktitle =    {Machine Learning: Proceedings of the Twenty-Fifth
                  International Conference (ICML)},
  doi =          {10.1145/1390156.1390190},
  editor =       {Cohen, William W. and McCallum, Andrew and Roweis,
                  Sam T.},
  month =        {June},
  note =         {\url{https://doi.org/10.1145/1390156.1390190}},
  pages =        {264--271},
  publisher =    {ACM},
  series =       {ACM International Conference Proceeding Series},
  title =        {Confidence-weighted linear classification},
  volume =       307,
  year =         2008
}

@inproceedings{duchi2008efficient,
  address =      {Helsinki, Finland},
  author =       {Duchi, John C. and Shalev-Shwartz, Shai and Singer,
                  Yoram and Ch, Tushar and ra, },
  booktitle =    {Machine Learning: Proceedings of the Twenty-Fifth
                  International Conference (ICML)},
  doi =          {10.1145/1390156.1390191},
  editor =       {Cohen, William W. and McCallum, Andrew and Roweis,
                  Sam T.},
  month =        {June},
  note =         {\url{https://doi.org/10.1145/1390156.1390191}},
  pages =        {272--279},
  publisher =    {ACM},
  series =       {ACM International Conference Proceeding Series},
  title =        {Efficient projections onto the l₁-ball for learning
                  in high dimensions},
  volume =       307,
  year =         2008
}

@inproceedings{dugas2008pointwise,
  address =      {Helsinki, Finland},
  author =       {Dugas, Charles and Gadoury, David},
  booktitle =    {Machine Learning: Proceedings of the Twenty-Fifth
                  International Conference (ICML)},
  doi =          {10.1145/1390156.1390192},
  editor =       {Cohen, William W. and McCallum, Andrew and Roweis,
                  Sam T.},
  month =        {June},
  note =         {\url{https://doi.org/10.1145/1390156.1390192}},
  pages =        {280--287},
  publisher =    {ACM},
  series =       {ACM International Conference Proceeding Series},
  title =        {Pointwise exact bootstrap distributions of cost
                  curves},
  volume =       307,
  year =         2008
}

@inproceedings{dundar2008polyhedral,
  address =      {Helsinki, Finland},
  author =       {Dundar, Murat and Wolf, Matthias and Lakare, Sarang
                  and Salganicoff, Marcos and Raykar, Vikas C.},
  booktitle =    {Machine Learning: Proceedings of the Twenty-Fifth
                  International Conference (ICML)},
  doi =          {10.1145/1390156.1390193},
  editor =       {Cohen, William W. and McCallum, Andrew and Roweis,
                  Sam T.},
  month =        {June},
  note =         {\url{https://doi.org/10.1145/1390156.1390193}},
  pages =        {288--295},
  publisher =    {ACM},
  series =       {ACM International Conference Proceeding Series},
  title =        {Polyhedral classifier for target detection: a case
                  study: colorectal cancer},
  volume =       307,
  year =         2008
}

@inproceedings{epshteyn2008active,
  address =      {Helsinki, Finland},
  author =       {Epshteyn, Arkady and Vogel, Adam and DeJong, Gerald},
  booktitle =    {Machine Learning: Proceedings of the Twenty-Fifth
                  International Conference (ICML)},
  doi =          {10.1145/1390156.1390194},
  editor =       {Cohen, William W. and McCallum, Andrew and Roweis,
                  Sam T.},
  month =        {June},
  note =         {\url{https://doi.org/10.1145/1390156.1390194}},
  pages =        {296--303},
  publisher =    {ACM},
  series =       {ACM International Conference Proceeding Series},
  title =        {Active reinforcement learning},
  volume =       307,
  year =         2008
}

@inproceedings{finley2008training,
  address =      {Helsinki, Finland},
  author =       {Finley, Thomas and Joachims, Thorsten},
  booktitle =    {Machine Learning: Proceedings of the Twenty-Fifth
                  International Conference (ICML)},
  doi =          {10.1145/1390156.1390195},
  editor =       {Cohen, William W. and McCallum, Andrew and Roweis,
                  Sam T.},
  month =        {June},
  note =         {\url{https://doi.org/10.1145/1390156.1390195}},
  pages =        {304--311},
  publisher =    {ACM},
  series =       {ACM International Conference Proceeding Series},
  title =        {Training structural SVMs when exact inference is
                  intractable},
  volume =       307,
  year =         2008
}

@inproceedings{fox2008hdphmm,
  address =      {Helsinki, Finland},
  author =       {Fox, Emily B. and Sudderth, Erik B. and Jordan,
                  Michael I. and Willsky, Alan S.},
  booktitle =    {Machine Learning: Proceedings of the Twenty-Fifth
                  International Conference (ICML)},
  doi =          {10.1145/1390156.1390196},
  editor =       {Cohen, William W. and McCallum, Andrew and Roweis,
                  Sam T.},
  month =        {June},
  note =         {\url{https://doi.org/10.1145/1390156.1390196}},
  pages =        {312--319},
  publisher =    {ACM},
  series =       {ACM International Conference Proceeding Series},
  title =        {An HDP-HMM for systems with state persistence},
  volume =       307,
  year =         2008
}

@inproceedings{franc2008optimized,
  address =      {Helsinki, Finland},
  author =       {Franc, Vojtech and Sonnenburg, Sören},
  booktitle =    {Machine Learning: Proceedings of the Twenty-Fifth
                  International Conference (ICML)},
  doi =          {10.1145/1390156.1390197},
  editor =       {Cohen, William W. and McCallum, Andrew and Roweis,
                  Sam T.},
  month =        {June},
  note =         {\url{https://doi.org/10.1145/1390156.1390197}},
  pages =        {320--327},
  publisher =    {ACM},
  series =       {ACM International Conference Proceeding Series},
  title =        {Optimized cutting plane algorithm for support vector
                  machines},
  volume =       307,
  year =         2008
}

@inproceedings{franc2008stopping,
  address =      {Helsinki, Finland},
  author =       {Franc, Vojtech and Laskov, Pavel and Müller,
                  Klaus-Robert},
  booktitle =    {Machine Learning: Proceedings of the Twenty-Fifth
                  International Conference (ICML)},
  doi =          {10.1145/1390156.1390198},
  editor =       {Cohen, William W. and McCallum, Andrew and Roweis,
                  Sam T.},
  month =        {June},
  note =         {\url{https://doi.org/10.1145/1390156.1390198}},
  pages =        {328--335},
  publisher =    {ACM},
  series =       {ACM International Conference Proceeding Series},
  title =        {Stopping conditions for exact computation of
                  leave-one-out error in support vector machines},
  volume =       307,
  year =         2008
}

@inproceedings{frank2008reinforcement,
  address =      {Helsinki, Finland},
  author =       {Frank, Jordan and Mannor, Shie and Precup, Doina},
  booktitle =    {Machine Learning: Proceedings of the Twenty-Fifth
                  International Conference (ICML)},
  doi =          {10.1145/1390156.1390199},
  editor =       {Cohen, William W. and McCallum, Andrew and Roweis,
                  Sam T.},
  month =        {June},
  note =         {\url{https://doi.org/10.1145/1390156.1390199}},
  pages =        {336--343},
  publisher =    {ACM},
  series =       {ACM International Conference Proceeding Series},
  title =        {Reinforcement learning in the presence of rare
                  events},
  volume =       307,
  year =         2008
}

@inproceedings{gael2008beam,
  address =      {Helsinki, Finland},
  author =       {Gael, Jurgen Van and Saatci, Yunus and Teh, Yee Whye
                  and Ghahramani, Zoubin},
  booktitle =    {Machine Learning: Proceedings of the Twenty-Fifth
                  International Conference (ICML)},
  doi =          {10.1145/1390156.1390293},
  editor =       {Cohen, William W. and McCallum, Andrew and Roweis,
                  Sam T.},
  month =        {June},
  note =         {\url{https://doi.org/10.1145/1390156.1390293}},
  pages =        {1088--1095},
  publisher =    {ACM},
  series =       {ACM International Conference Proceeding Series},
  title =        {Beam sampling for the infinite hidden Markov model},
  volume =       307,
  year =         2008
}

@inproceedings{gomes2008memory,
  address =      {Helsinki, Finland},
  author =       {Gomes, Ryan and Welling, Max and Perona, Pietro},
  booktitle =    {Machine Learning: Proceedings of the Twenty-Fifth
                  International Conference (ICML)},
  doi =          {10.1145/1390156.1390200},
  editor =       {Cohen, William W. and McCallum, Andrew and Roweis,
                  Sam T.},
  month =        {June},
  note =         {\url{https://doi.org/10.1145/1390156.1390200}},
  pages =        {344--351},
  publisher =    {ACM},
  series =       {ACM International Conference Proceeding Series},
  title =        {Memory bounded inference in topic models},
  volume =       307,
  year =         2008
}

@inproceedings{gonen2008localized,
  address =      {Helsinki, Finland},
  author =       {Gönen, Mehmet and Alpaydin, Ethem},
  booktitle =    {Machine Learning: Proceedings of the Twenty-Fifth
                  International Conference (ICML)},
  doi =          {10.1145/1390156.1390201},
  editor =       {Cohen, William W. and McCallum, Andrew and Roweis,
                  Sam T.},
  month =        {June},
  note =         {\url{https://doi.org/10.1145/1390156.1390201}},
  pages =        {352--359},
  publisher =    {ACM},
  series =       {ACM International Conference Proceeding Series},
  title =        {Localized multiple kernel learning},
  volume =       307,
  year =         2008
}

@inproceedings{gordon2008noregret,
  address =      {Helsinki, Finland},
  author =       {Gordon, Geoffrey J. and Greenwald, Amy and Marks,
                  Casey},
  booktitle =    {Machine Learning: Proceedings of the Twenty-Fifth
                  International Conference (ICML)},
  doi =          {10.1145/1390156.1390202},
  editor =       {Cohen, William W. and McCallum, Andrew and Roweis,
                  Sam T.},
  month =        {June},
  note =         {\url{https://doi.org/10.1145/1390156.1390202}},
  pages =        {360--367},
  publisher =    {ACM},
  series =       {ACM International Conference Proceeding Series},
  title =        {No-regret learning in convex games},
  volume =       307,
  year =         2008
}

@inproceedings{haffari2008boosting,
  address =      {Helsinki, Finland},
  author =       {Haffari, Gholamreza and Wang, Yang and Wang, Shaojun
                  and Mori, Greg and Jiao, Feng},
  booktitle =    {Machine Learning: Proceedings of the Twenty-Fifth
                  International Conference (ICML)},
  doi =          {10.1145/1390156.1390203},
  editor =       {Cohen, William W. and McCallum, Andrew and Roweis,
                  Sam T.},
  month =        {June},
  note =         {\url{https://doi.org/10.1145/1390156.1390203}},
  pages =        {368--375},
  publisher =    {ACM},
  series =       {ACM International Conference Proceeding Series},
  title =        {Boosting with incomplete information},
  volume =       307,
  year =         2008
}

@inproceedings{ham2008grassmann,
  address =      {Helsinki, Finland},
  author =       {Ham, Jihun and Lee, Daniel D.},
  booktitle =    {Machine Learning: Proceedings of the Twenty-Fifth
                  International Conference (ICML)},
  doi =          {10.1145/1390156.1390204},
  editor =       {Cohen, William W. and McCallum, Andrew and Roweis,
                  Sam T.},
  month =        {June},
  note =         {\url{https://doi.org/10.1145/1390156.1390204}},
  pages =        {376--383},
  publisher =    {ACM},
  series =       {ACM International Conference Proceeding Series},
  title =        {Grassmann discriminant analysis: a unifying view on
                  subspace-based learning},
  volume =       307,
  year =         2008
}

@inproceedings{heigold2008modified,
  address =      {Helsinki, Finland},
  author =       {Heigold, Georg and Deselaers, Thomas and Schluter,
                  Ralf and Ney, Hermann},
  booktitle =    {Machine Learning: Proceedings of the Twenty-Fifth
                  International Conference (ICML)},
  doi =          {10.1145/1390156.1390205},
  editor =       {Cohen, William W. and McCallum, Andrew and Roweis,
                  Sam T.},
  month =        {June},
  note =         {\url{https://doi.org/10.1145/1390156.1390205}},
  pages =        {384--391},
  publisher =    {ACM},
  series =       {ACM International Conference Proceeding Series},
  title =        {Modified MMI/MPE: a direct evaluation of the margin
                  in speech recognition},
  volume =       307,
  year =         2008
}

@inproceedings{heller2008statistical,
  address =      {Helsinki, Finland},
  author =       {Heller, Katherine A. and Williamson, Sinead and
                  Ghahramani, Zoubin},
  booktitle =    {Machine Learning: Proceedings of the Twenty-Fifth
                  International Conference (ICML)},
  doi =          {10.1145/1390156.1390206},
  editor =       {Cohen, William W. and McCallum, Andrew and Roweis,
                  Sam T.},
  month =        {June},
  note =         {\url{https://doi.org/10.1145/1390156.1390206}},
  pages =        {392--399},
  publisher =    {ACM},
  series =       {ACM International Conference Proceeding Series},
  title =        {Statistical models for partial membership},
  volume =       307,
  year =         2008
}

@inproceedings{hoi2008active,
  address =      {Helsinki, Finland},
  author =       {Hoi, Steven C. H. and Jin, Rong},
  booktitle =    {Machine Learning: Proceedings of the Twenty-Fifth
                  International Conference (ICML)},
  doi =          {10.1145/1390156.1390207},
  editor =       {Cohen, William W. and McCallum, Andrew and Roweis,
                  Sam T.},
  month =        {June},
  note =         {\url{https://doi.org/10.1145/1390156.1390207}},
  pages =        {400--407},
  publisher =    {ACM},
  series =       {ACM International Conference Proceeding Series},
  title =        {Active kernel learning},
  volume =       307,
  year =         2008
}

@inproceedings{hsieh2008dual,
  address =      {Helsinki, Finland},
  author =       {Hsieh, Cho-Jui and Chang, Kai-Wei and Lin, Chih-Jen
                  and Keerthi, S. Sathiya and Sundararajan, S.},
  booktitle =    {Machine Learning: Proceedings of the Twenty-Fifth
                  International Conference (ICML)},
  doi =          {10.1145/1390156.1390208},
  editor =       {Cohen, William W. and McCallum, Andrew and Roweis,
                  Sam T.},
  month =        {June},
  note =         {\url{https://doi.org/10.1145/1390156.1390208}},
  pages =        {408--415},
  publisher =    {ACM},
  series =       {ACM International Conference Proceeding Series},
  title =        {A dual coordinate descent method for large-scale
                  linear SVM},
  volume =       307,
  year =         2008
}

@inproceedings{huynh2008discriminative,
  address =      {Helsinki, Finland},
  author =       {Huynh, Tuyen N. and Mooney, Raymond J.},
  booktitle =    {Machine Learning: Proceedings of the Twenty-Fifth
                  International Conference (ICML)},
  doi =          {10.1145/1390156.1390209},
  editor =       {Cohen, William W. and McCallum, Andrew and Roweis,
                  Sam T.},
  month =        {June},
  note =         {\url{https://doi.org/10.1145/1390156.1390209}},
  pages =        {416--423},
  publisher =    {ACM},
  series =       {ACM International Conference Proceeding Series},
  title =        {Discriminative structure and parameter learning for
                  Markov logic networks},
  volume =       307,
  year =         2008
}

@inproceedings{hyvarinen2008causal,
  address =      {Helsinki, Finland},
  author =       {Hyvärinen, Aapo and Shimizu, Shohei and Hoyer,
                  Patrik O.},
  booktitle =    {Machine Learning: Proceedings of the Twenty-Fifth
                  International Conference (ICML)},
  doi =          {10.1145/1390156.1390210},
  editor =       {Cohen, William W. and McCallum, Andrew and Roweis,
                  Sam T.},
  month =        {June},
  note =         {\url{https://doi.org/10.1145/1390156.1390210}},
  pages =        {424--431},
  publisher =    {ACM},
  series =       {ACM International Conference Proceeding Series},
  title =        {Causal modelling combining instantaneous and lagged
                  effects: an identifiable model based on
                  non-Gaussianity},
  volume =       307,
  year =         2008
}

@inproceedings{kakade2008efficient,
  address =      {Helsinki, Finland},
  author =       {Kakade, Sham M. and Shalev-Shwartz, Shai and Tewari,
                  Ambuj},
  booktitle =    {Machine Learning: Proceedings of the Twenty-Fifth
                  International Conference (ICML)},
  doi =          {10.1145/1390156.1390212},
  editor =       {Cohen, William W. and McCallum, Andrew and Roweis,
                  Sam T.},
  month =        {June},
  note =         {\url{https://doi.org/10.1145/1390156.1390212}},
  pages =        {440--447},
  publisher =    {ACM},
  series =       {ACM International Conference Proceeding Series},
  title =        {Efficient bandit algorithms for online multiclass
                  prediction},
  volume =       307,
  year =         2008
}

@inproceedings{karlen2008large,
  address =      {Helsinki, Finland},
  author =       {Karlen, Michael and Weston, Jason and Erkan, Ayse
                  and Collobert, Ronan},
  booktitle =    {Machine Learning: Proceedings of the Twenty-Fifth
                  International Conference (ICML)},
  doi =          {10.1145/1390156.1390213},
  editor =       {Cohen, William W. and McCallum, Andrew and Roweis,
                  Sam T.},
  month =        {June},
  note =         {\url{https://doi.org/10.1145/1390156.1390213}},
  pages =        {448--455},
  publisher =    {ACM},
  series =       {ACM International Conference Proceeding Series},
  title =        {Large scale manifold transduction},
  volume =       307,
  year =         2008
}

@inproceedings{kersting2008nonparametric,
  address =      {Helsinki, Finland},
  author =       {Kersting, Kristian and Driessens, Kurt},
  booktitle =    {Machine Learning: Proceedings of the Twenty-Fifth
                  International Conference (ICML)},
  doi =          {10.1145/1390156.1390214},
  editor =       {Cohen, William W. and McCallum, Andrew and Roweis,
                  Sam T.},
  month =        {June},
  note =         {\url{https://doi.org/10.1145/1390156.1390214}},
  pages =        {456--463},
  publisher =    {ACM},
  series =       {ACM International Conference Proceeding Series},
  title =        {Non-parametric policy gradients: a unified treatment
                  of propositional and relational domains},
  volume =       307,
  year =         2008
}

@inproceedings{kirshner2008ica,
  address =      {Helsinki, Finland},
  author =       {Kirshner, Sergey and Póczo, Barnabás},
  booktitle =    {Machine Learning: Proceedings of the Twenty-Fifth
                  International Conference (ICML)},
  doi =          {10.1145/1390156.1390215},
  editor =       {Cohen, William W. and McCallum, Andrew and Roweis,
                  Sam T.},
  month =        {June},
  note =         {\url{https://doi.org/10.1145/1390156.1390215}},
  pages =        {464--471},
  publisher =    {ACM},
  series =       {ACM International Conference Proceeding Series},
  title =        {ICA and ISA using Schweizer-Wolff measure of
                  dependence},
  volume =       307,
  year =         2008
}

@inproceedings{kohli2008on,
  address =      {Helsinki, Finland},
  author =       {Kohli, Pushmeet and Alex and Shekhovtsov, er and
                  Rother, Carsten and Kolmogorov, Vladimir and Torr,
                  Philip H. S.},
  booktitle =    {Machine Learning: Proceedings of the Twenty-Fifth
                  International Conference (ICML)},
  doi =          {10.1145/1390156.1390217},
  editor =       {Cohen, William W. and McCallum, Andrew and Roweis,
                  Sam T.},
  month =        {June},
  note =         {\url{https://doi.org/10.1145/1390156.1390217}},
  pages =        {480--487},
  publisher =    {ACM},
  series =       {ACM International Conference Proceeding Series},
  title =        {On partial optimality in multi-label MRFs},
  volume =       307,
  year =         2008
}

@inproceedings{kolter2008spaceindexed,
  address =      {Helsinki, Finland},
  author =       {Kolter, J. Zico and Coates, Adam and Ng, Andrew
                  Y. and Gu, Yi and DuHadway, Charles},
  booktitle =    {Machine Learning: Proceedings of the Twenty-Fifth
                  International Conference (ICML)},
  doi =          {10.1145/1390156.1390218},
  editor =       {Cohen, William W. and McCallum, Andrew and Roweis,
                  Sam T.},
  month =        {June},
  note =         {\url{https://doi.org/10.1145/1390156.1390218}},
  pages =        {488--495},
  publisher =    {ACM},
  series =       {ACM International Conference Proceeding Series},
  title =        {Space-indexed dynamic programming: learning to
                  follow trajectories},
  volume =       307,
  year =         2008
}

@inproceedings{kondor2008skew,
  address =      {Helsinki, Finland},
  author =       {Kondor, Risi and Borgwardt, Karsten M.},
  booktitle =    {Machine Learning: Proceedings of the Twenty-Fifth
                  International Conference (ICML)},
  doi =          {10.1145/1390156.1390219},
  editor =       {Cohen, William W. and McCallum, Andrew and Roweis,
                  Sam T.},
  month =        {June},
  note =         {\url{https://doi.org/10.1145/1390156.1390219}},
  pages =        {496--503},
  publisher =    {ACM},
  series =       {ACM International Conference Proceeding Series},
  title =        {The skew spectrum of graphs},
  volume =       307,
  year =         2008
}

@inproceedings{kumar2008efficiently,
  address =      {Helsinki, Finland},
  author =       {Kumar, M. Pawan and Torr, Philip H. S.},
  booktitle =    {Machine Learning: Proceedings of the Twenty-Fifth
                  International Conference (ICML)},
  doi =          {10.1145/1390156.1390242},
  editor =       {Cohen, William W. and McCallum, Andrew and Roweis,
                  Sam T.},
  month =        {June},
  note =         {\url{https://doi.org/10.1145/1390156.1390242}},
  pages =        {680--687},
  publisher =    {ACM},
  series =       {ACM International Conference Proceeding Series},
  title =        {Efficiently solving convex relaxations for MAP
                  estimation},
  volume =       307,
  year =         2008
}

@inproceedings{kuzelka2008fast,
  address =      {Helsinki, Finland},
  author =       {Kuzelka, Ondrej and Zelezny, Filip},
  booktitle =    {Machine Learning: Proceedings of the Twenty-Fifth
                  International Conference (ICML)},
  doi =          {10.1145/1390156.1390220},
  editor =       {Cohen, William W. and McCallum, Andrew and Roweis,
                  Sam T.},
  month =        {June},
  note =         {\url{https://doi.org/10.1145/1390156.1390220}},
  pages =        {504--511},
  publisher =    {ACM},
  series =       {ACM International Conference Proceeding Series},
  title =        {Fast estimation of first-order clause coverage
                  through randomization and maximum likelihood},
  volume =       307,
  year =         2008
}

@inproceedings{l2008modeling,
  address =      {Helsinki, Finland},
  author =       {L, Niels and Wehr},
  booktitle =    {Machine Learning: Proceedings of the Twenty-Fifth
                  International Conference (ICML)},
  doi =          {10.1145/1390156.1390222},
  editor =       {Cohen, William W. and McCallum, Andrew and Roweis,
                  Sam T.},
  month =        {June},
  note =         {\url{https://doi.org/10.1145/1390156.1390222}},
  pages =        {520--527},
  publisher =    {ACM},
  series =       {ACM International Conference Proceeding Series},
  title =        {Modeling interleaved hidden processes},
  volume =       307,
  year =         2008
}

@inproceedings{lan2008querylevel,
  address =      {Helsinki, Finland},
  author =       {Lan, Yanyan and Liu, Tie-Yan and Qin, Tao and Ma,
                  Zhiming and Li, Hang},
  booktitle =    {Machine Learning: Proceedings of the Twenty-Fifth
                  International Conference (ICML)},
  doi =          {10.1145/1390156.1390221},
  editor =       {Cohen, William W. and McCallum, Andrew and Roweis,
                  Sam T.},
  month =        {June},
  note =         {\url{https://doi.org/10.1145/1390156.1390221}},
  pages =        {512--519},
  publisher =    {ACM},
  series =       {ACM International Conference Proceeding Series},
  title =        {Query-level stability and generalization in learning
                  to rank},
  volume =       307,
  year =         2008
}

@inproceedings{langford2008exploration,
  address =      {Helsinki, Finland},
  author =       {Langford, John and Alex and Strehl, er L. and
                  Wortman, Jennifer},
  booktitle =    {Machine Learning: Proceedings of the Twenty-Fifth
                  International Conference (ICML)},
  doi =          {10.1145/1390156.1390223},
  editor =       {Cohen, William W. and McCallum, Andrew and Roweis,
                  Sam T.},
  month =        {June},
  note =         {\url{https://doi.org/10.1145/1390156.1390223}},
  pages =        {528--535},
  publisher =    {ACM},
  series =       {ACM International Conference Proceeding Series},
  title =        {Exploration scavenging},
  volume =       307,
  year =         2008
}

@inproceedings{larochelle2008classification,
  address =      {Helsinki, Finland},
  author =       {Larochelle, Hugo and Bengio, Yoshua},
  booktitle =    {Machine Learning: Proceedings of the Twenty-Fifth
                  International Conference (ICML)},
  doi =          {10.1145/1390156.1390224},
  editor =       {Cohen, William W. and McCallum, Andrew and Roweis,
                  Sam T.},
  month =        {June},
  note =         {\url{https://doi.org/10.1145/1390156.1390224}},
  pages =        {536--543},
  publisher =    {ACM},
  series =       {ACM International Conference Proceeding Series},
  title =        {Classification using discriminative restricted
                  Boltzmann machines},
  volume =       307,
  year =         2008
}

@inproceedings{lebanon2008local,
  address =      {Helsinki, Finland},
  author =       {Lebanon, Guy and Zhao, Yang},
  booktitle =    {Machine Learning: Proceedings of the Twenty-Fifth
                  International Conference (ICML)},
  doi =          {10.1145/1390156.1390226},
  editor =       {Cohen, William W. and McCallum, Andrew and Roweis,
                  Sam T.},
  month =        {June},
  note =         {\url{https://doi.org/10.1145/1390156.1390226}},
  pages =        {552--559},
  publisher =    {ACM},
  series =       {ACM International Conference Proceeding Series},
  title =        {Local likelihood modeling of temporal text streams},
  volume =       307,
  year =         2008
}

@inproceedings{li2008knows,
  address =      {Helsinki, Finland},
  author =       {Li, Lihong and Littman, Michael L. and Walsh, Thomas
                  J.},
  booktitle =    {Machine Learning: Proceedings of the Twenty-Fifth
                  International Conference (ICML)},
  doi =          {10.1145/1390156.1390228},
  editor =       {Cohen, William W. and McCallum, Andrew and Roweis,
                  Sam T.},
  month =        {June},
  note =         {\url{https://doi.org/10.1145/1390156.1390228}},
  pages =        {568--575},
  publisher =    {ACM},
  series =       {ACM International Conference Proceeding Series},
  title =        {Knows what it knows: a framework for self-aware
                  learning},
  volume =       307,
  year =         2008
}

@inproceedings{li2008pairwise,
  address =      {Helsinki, Finland},
  author =       {Li, Zhenguo and Liu, Jianzhuang and Tang, Xiaoou},
  booktitle =    {Machine Learning: Proceedings of the Twenty-Fifth
                  International Conference (ICML)},
  doi =          {10.1145/1390156.1390229},
  editor =       {Cohen, William W. and McCallum, Andrew and Roweis,
                  Sam T.},
  month =        {June},
  note =         {\url{https://doi.org/10.1145/1390156.1390229}},
  pages =        {576--583},
  publisher =    {ACM},
  series =       {ACM International Conference Proceeding Series},
  title =        {Pairwise constraint propagation by semidefinite
                  programming for semi-supervised classification},
  volume =       307,
  year =         2008
}

@inproceedings{li2008worstcase,
  address =      {Helsinki, Finland},
  author =       {Li, Lihong},
  booktitle =    {Machine Learning: Proceedings of the Twenty-Fifth
                  International Conference (ICML)},
  doi =          {10.1145/1390156.1390227},
  editor =       {Cohen, William W. and McCallum, Andrew and Roweis,
                  Sam T.},
  month =        {June},
  note =         {\url{https://doi.org/10.1145/1390156.1390227}},
  pages =        {560--567},
  publisher =    {ACM},
  series =       {ACM International Conference Proceeding Series},
  title =        {A worst-case comparison between temporal difference
                  and residual gradient with linear function
                  approximation},
  volume =       307,
  year =         2008
}

@inproceedings{liang2008asymptotic,
  address =      {Helsinki, Finland},
  author =       {Liang, Percy and Jordan, Michael I.},
  booktitle =    {Machine Learning: Proceedings of the Twenty-Fifth
                  International Conference (ICML)},
  doi =          {10.1145/1390156.1390230},
  editor =       {Cohen, William W. and McCallum, Andrew and Roweis,
                  Sam T.},
  month =        {June},
  note =         {\url{https://doi.org/10.1145/1390156.1390230}},
  pages =        {584--591},
  publisher =    {ACM},
  series =       {ACM International Conference Proceeding Series},
  title =        {An asymptotic analysis of generative,
                  discriminative, and pseudolikelihood estimators},
  volume =       307,
  year =         2008
}

@inproceedings{liang2008structure,
  address =      {Helsinki, Finland},
  author =       {Liang, Percy and III, Hal Daumé and Klein, Dan},
  booktitle =    {Machine Learning: Proceedings of the Twenty-Fifth
                  International Conference (ICML)},
  doi =          {10.1145/1390156.1390231},
  editor =       {Cohen, William W. and McCallum, Andrew and Roweis,
                  Sam T.},
  month =        {June},
  note =         {\url{https://doi.org/10.1145/1390156.1390231}},
  pages =        {592--599},
  publisher =    {ACM},
  series =       {ACM International Conference Proceeding Series},
  title =        {Structure compilation: trading structure for
                  features},
  volume =       307,
  year =         2008
}

@inproceedings{loeff2008manifoldboost,
  address =      {Helsinki, Finland},
  author =       {Loeff, Nicolas and Forsyth, David A. and Ramach,
                  Deepak and Ran},
  booktitle =    {Machine Learning: Proceedings of the Twenty-Fifth
                  International Conference (ICML)},
  doi =          {10.1145/1390156.1390232},
  editor =       {Cohen, William W. and McCallum, Andrew and Roweis,
                  Sam T.},
  month =        {June},
  note =         {\url{https://doi.org/10.1145/1390156.1390232}},
  pages =        {600--607},
  publisher =    {ACM},
  series =       {ACM International Conference Proceeding Series},
  title =        {ManifoldBoost: stagewise function approximation for
                  fully-, semi- and un-supervised learning},
  volume =       307,
  year =         2008
}

@inproceedings{long2008random,
  address =      {Helsinki, Finland},
  author =       {Long, Philip M. and Servedio, Rocco A.},
  booktitle =    {Machine Learning: Proceedings of the Twenty-Fifth
                  International Conference (ICML)},
  doi =          {10.1145/1390156.1390233},
  editor =       {Cohen, William W. and McCallum, Andrew and Roweis,
                  Sam T.},
  month =        {June},
  note =         {\url{https://doi.org/10.1145/1390156.1390233}},
  pages =        {608--615},
  publisher =    {ACM},
  series =       {ACM International Conference Proceeding Series},
  title =        {Random classification noise defeats all convex
                  potential boosters},
  volume =       307,
  year =         2008
}

@inproceedings{lu2008reproducing,
  address =      {Helsinki, Finland},
  author =       {Lu, Zhengdong and Leen, Todd K. and Huang, Yonghong
                  and Erdogmus, Deniz},
  booktitle =    {Machine Learning: Proceedings of the Twenty-Fifth
                  International Conference (ICML)},
  doi =          {10.1145/1390156.1390235},
  editor =       {Cohen, William W. and McCallum, Andrew and Roweis,
                  Sam T.},
  month =        {June},
  note =         {\url{https://doi.org/10.1145/1390156.1390235}},
  pages =        {624--631},
  publisher =    {ACM},
  series =       {ACM International Conference Proceeding Series},
  title =        {A reproducing kernel Hilbert space framework for
                  pairwise time series distances},
  volume =       307,
  year =         2008
}

@inproceedings{lu2008uncorrelated,
  address =      {Helsinki, Finland},
  author =       {Lu, Haiping and Plataniotis, Konstantinos N. and
                  Venetsanopoulos, Anastasios N.},
  booktitle =    {Machine Learning: Proceedings of the Twenty-Fifth
                  International Conference (ICML)},
  doi =          {10.1145/1390156.1390234},
  editor =       {Cohen, William W. and McCallum, Andrew and Roweis,
                  Sam T.},
  month =        {June},
  note =         {\url{https://doi.org/10.1145/1390156.1390234}},
  pages =        {616--623},
  publisher =    {ACM},
  series =       {ACM International Conference Proceeding Series},
  title =        {Uncorrelated multilinear principal component
                  analysis through successive variance maximization},
  volume =       307,
  year =         2008
}

@inproceedings{makino2008online,
  address =      {Helsinki, Finland},
  author =       {Makino, Takaki and Takagi, Toshihisa},
  booktitle =    {Machine Learning: Proceedings of the Twenty-Fifth
                  International Conference (ICML)},
  doi =          {10.1145/1390156.1390236},
  editor =       {Cohen, William W. and McCallum, Andrew and Roweis,
                  Sam T.},
  month =        {June},
  note =         {\url{https://doi.org/10.1145/1390156.1390236}},
  pages =        {632--639},
  publisher =    {ACM},
  series =       {ACM International Conference Proceeding Series},
  title =        {On-line discovery of temporal-difference networks},
  volume =       307,
  year =         2008
}

@inproceedings{martins2008nonextensive,
  address =      {Helsinki, Finland},
  author =       {Martins, André F. T. and Figueiredo, Mário A. T. and
                  Aguiar, Pedro M. Q. and Smith, Noah A. and Xing,
                  Eric P.},
  booktitle =    {Machine Learning: Proceedings of the Twenty-Fifth
                  International Conference (ICML)},
  doi =          {10.1145/1390156.1390237},
  editor =       {Cohen, William W. and McCallum, Andrew and Roweis,
                  Sam T.},
  month =        {June},
  note =         {\url{https://doi.org/10.1145/1390156.1390237}},
  pages =        {640--647},
  publisher =    {ACM},
  series =       {ACM International Conference Proceeding Series},
  title =        {Nonextensive entropic kernels},
  volume =       307,
  year =         2008
}

@inproceedings{mehta2008automatic,
  address =      {Helsinki, Finland},
  author =       {Mehta, Neville and Ray, Soumya and Tadepalli, Prasad
                  and Dietterich, Thomas G.},
  booktitle =    {Machine Learning: Proceedings of the Twenty-Fifth
                  International Conference (ICML)},
  doi =          {10.1145/1390156.1390238},
  editor =       {Cohen, William W. and McCallum, Andrew and Roweis,
                  Sam T.},
  month =        {June},
  note =         {\url{https://doi.org/10.1145/1390156.1390238}},
  pages =        {648--655},
  publisher =    {ACM},
  series =       {ACM International Conference Proceeding Series},
  title =        {Automatic discovery and transfer of MAXQ
                  hierarchies},
  volume =       307,
  year =         2008
}

@inproceedings{meka2008rank,
  address =      {Helsinki, Finland},
  author =       {Meka, Raghu and Jain, Prateek and Caramanis,
                  Constantine and Dhillon, Inderjit S.},
  booktitle =    {Machine Learning: Proceedings of the Twenty-Fifth
                  International Conference (ICML)},
  doi =          {10.1145/1390156.1390239},
  editor =       {Cohen, William W. and McCallum, Andrew and Roweis,
                  Sam T.},
  month =        {June},
  note =         {\url{https://doi.org/10.1145/1390156.1390239}},
  pages =        {656--663},
  publisher =    {ACM},
  series =       {ACM International Conference Proceeding Series},
  title =        {Rank minimization via online learning},
  volume =       307,
  year =         2008
}

@inproceedings{melo2008analysis,
  address =      {Helsinki, Finland},
  author =       {Melo, Francisco S. and Meyn, Sean P. and Ribeiro,
                  M. Isabel},
  booktitle =    {Machine Learning: Proceedings of the Twenty-Fifth
                  International Conference (ICML)},
  doi =          {10.1145/1390156.1390240},
  editor =       {Cohen, William W. and McCallum, Andrew and Roweis,
                  Sam T.},
  month =        {June},
  note =         {\url{https://doi.org/10.1145/1390156.1390240}},
  pages =        {664--671},
  publisher =    {ACM},
  series =       {ACM International Conference Proceeding Series},
  title =        {An analysis of reinforcement learning with function
                  approximation},
  volume =       307,
  year =         2008
}

@inproceedings{mnih2008empirical,
  address =      {Helsinki, Finland},
  author =       {Mnih, Volodymyr and Szepesvári, Csaba and Audibert,
                  Jean-Yves},
  booktitle =    {Machine Learning: Proceedings of the Twenty-Fifth
                  International Conference (ICML)},
  doi =          {10.1145/1390156.1390241},
  editor =       {Cohen, William W. and McCallum, Andrew and Roweis,
                  Sam T.},
  month =        {June},
  note =         {\url{https://doi.org/10.1145/1390156.1390241}},
  pages =        {672--679},
  publisher =    {ACM},
  series =       {ACM International Conference Proceeding Series},
  title =        {Empirical Bernstein stopping},
  volume =       307,
  year =         2008
}

@inproceedings{narayanamurthy2008on,
  address =      {Helsinki, Finland},
  author =       {Narayanamurthy, Shravan Matthur and Ravindran,
                  Balaraman},
  booktitle =    {Machine Learning: Proceedings of the Twenty-Fifth
                  International Conference (ICML)},
  doi =          {10.1145/1390156.1390243},
  editor =       {Cohen, William W. and McCallum, Andrew and Roweis,
                  Sam T.},
  month =        {June},
  note =         {\url{https://doi.org/10.1145/1390156.1390243}},
  pages =        {688--695},
  publisher =    {ACM},
  series =       {ACM International Conference Proceeding Series},
  title =        {On the hardness of finding symmetries in Markov
                  decision processes},
  volume =       307,
  year =         2008
}

@inproceedings{nijssen2008bayes,
  address =      {Helsinki, Finland},
  author =       {Nijssen, Siegfried},
  booktitle =    {Machine Learning: Proceedings of the Twenty-Fifth
                  International Conference (ICML)},
  doi =          {10.1145/1390156.1390244},
  editor =       {Cohen, William W. and McCallum, Andrew and Roweis,
                  Sam T.},
  month =        {June},
  note =         {\url{https://doi.org/10.1145/1390156.1390244}},
  pages =        {696--703},
  publisher =    {ACM},
  series =       {ACM International Conference Proceeding Series},
  title =        {Bayes optimal classification for decision trees},
  volume =       307,
  year =         2008
}

@inproceedings{nowozin2008decoupled,
  address =      {Helsinki, Finland},
  author =       {Nowozin, Sebastian and Bakir, Gökhan H.},
  booktitle =    {Machine Learning: Proceedings of the Twenty-Fifth
                  International Conference (ICML)},
  doi =          {10.1145/1390156.1390245},
  editor =       {Cohen, William W. and McCallum, Andrew and Roweis,
                  Sam T.},
  month =        {June},
  note =         {\url{https://doi.org/10.1145/1390156.1390245}},
  pages =        {704--711},
  publisher =    {ACM},
  series =       {ACM International Conference Proceeding Series},
  title =        {A decoupled approach to exemplar-based unsupervised
                  learning},
  volume =       307,
  year =         2008
}

@inproceedings{o'brien2008costsensitive,
  address =      {Helsinki, Finland},
  author =       {O'Brien, Deirdre B. and Gupta, Maya R. and Gray,
                  Robert M.},
  booktitle =    {Machine Learning: Proceedings of the Twenty-Fifth
                  International Conference (ICML)},
  doi =          {10.1145/1390156.1390246},
  editor =       {Cohen, William W. and McCallum, Andrew and Roweis,
                  Sam T.},
  month =        {June},
  note =         {\url{https://doi.org/10.1145/1390156.1390246}},
  pages =        {712--719},
  publisher =    {ACM},
  series =       {ACM International Conference Proceeding Series},
  title =        {Cost-sensitive multi-class classification from
                  probability estimates},
  volume =       307,
  year =         2008
}

@inproceedings{orabona2008projectron,
  address =      {Helsinki, Finland},
  author =       {Orabona, Francesco and Keshet, Joseph and Caputo,
                  Barbara},
  booktitle =    {Machine Learning: Proceedings of the Twenty-Fifth
                  International Conference (ICML)},
  doi =          {10.1145/1390156.1390247},
  editor =       {Cohen, William W. and McCallum, Andrew and Roweis,
                  Sam T.},
  month =        {June},
  note =         {\url{https://doi.org/10.1145/1390156.1390247}},
  pages =        {720--727},
  publisher =    {ACM},
  series =       {ACM International Conference Proceeding Series},
  title =        {The projectron: a bounded kernel-based Perceptron},
  volume =       307,
  year =         2008
}

@inproceedings{ouyang2008learning,
  address =      {Helsinki, Finland},
  author =       {Ouyang, Hua and Alex and Gray, er G.},
  booktitle =    {Machine Learning: Proceedings of the Twenty-Fifth
                  International Conference (ICML)},
  doi =          {10.1145/1390156.1390248},
  editor =       {Cohen, William W. and McCallum, Andrew and Roweis,
                  Sam T.},
  month =        {June},
  note =         {\url{https://doi.org/10.1145/1390156.1390248}},
  pages =        {728--735},
  publisher =    {ACM},
  series =       {ACM International Conference Proceeding Series},
  title =        {Learning dissimilarities by ranking: from SDP to QP},
  volume =       307,
  year =         2008
}

@inproceedings{paiement2008distance,
  address =      {Helsinki, Finland},
  author =       {Paiement, Jean-François and Gr, Yves and valet and
                  Bengio, Samy and Eck, Douglas},
  booktitle =    {Machine Learning: Proceedings of the Twenty-Fifth
                  International Conference (ICML)},
  doi =          {10.1145/1390156.1390249},
  editor =       {Cohen, William W. and McCallum, Andrew and Roweis,
                  Sam T.},
  month =        {June},
  note =         {\url{https://doi.org/10.1145/1390156.1390249}},
  pages =        {736--743},
  publisher =    {ACM},
  series =       {ACM International Conference Proceeding Series},
  title =        {A distance model for rhythms},
  volume =       307,
  year =         2008
}

@inproceedings{palatucci2008on,
  address =      {Helsinki, Finland},
  author =       {Palatucci, Mark and Carlson, Andrew},
  booktitle =    {Machine Learning: Proceedings of the Twenty-Fifth
                  International Conference (ICML)},
  doi =          {10.1145/1390156.1390250},
  editor =       {Cohen, William W. and McCallum, Andrew and Roweis,
                  Sam T.},
  month =        {June},
  note =         {\url{https://doi.org/10.1145/1390156.1390250}},
  pages =        {744--751},
  publisher =    {ACM},
  series =       {ACM International Conference Proceeding Series},
  title =        {On the chance accuracies of large collections of
                  classifiers},
  volume =       307,
  year =         2008
}

@inproceedings{parr2008analysis,
  address =      {Helsinki, Finland},
  author =       {Parr, Ronald and Li, Lihong and Taylor, Gavin and
                  Painter-Wakefield, Christopher and Littman, Michael
                  L.},
  booktitle =    {Machine Learning: Proceedings of the Twenty-Fifth
                  International Conference (ICML)},
  doi =          {10.1145/1390156.1390251},
  editor =       {Cohen, William W. and McCallum, Andrew and Roweis,
                  Sam T.},
  month =        {June},
  note =         {\url{https://doi.org/10.1145/1390156.1390251}},
  pages =        {752--759},
  publisher =    {ACM},
  series =       {ACM International Conference Proceeding Series},
  title =        {An analysis of linear models, linear value-function
                  approximation, and feature selection for
                  reinforcement learning},
  volume =       307,
  year =         2008
}

@inproceedings{puolamaki2008learning,
  address =      {Helsinki, Finland},
  author =       {Puolamäki, Kai and Ajanki, Antti and Kaski, Samuel},
  booktitle =    {Machine Learning: Proceedings of the Twenty-Fifth
                  International Conference (ICML)},
  doi =          {10.1145/1390156.1390252},
  editor =       {Cohen, William W. and McCallum, Andrew and Roweis,
                  Sam T.},
  month =        {June},
  note =         {\url{https://doi.org/10.1145/1390156.1390252}},
  pages =        {760--767},
  publisher =    {ACM},
  series =       {ACM International Conference Proceeding Series},
  title =        {Learning to learn implicit queries from gaze
                  patterns},
  volume =       307,
  year =         2008
}

@inproceedings{qi2008multitask,
  address =      {Helsinki, Finland},
  author =       {Qi, Yuting and Liu, Dehong and Dunson, David B. and
                  Carin, Lawrence},
  booktitle =    {Machine Learning: Proceedings of the Twenty-Fifth
                  International Conference (ICML)},
  doi =          {10.1145/1390156.1390253},
  editor =       {Cohen, William W. and McCallum, Andrew and Roweis,
                  Sam T.},
  month =        {June},
  note =         {\url{https://doi.org/10.1145/1390156.1390253}},
  pages =        {768--775},
  publisher =    {ACM},
  series =       {ACM International Conference Proceeding Series},
  title =        {Multi-task compressive sensing with Dirichlet
                  process priors},
  volume =       307,
  year =         2008
}

@inproceedings{quadrianto2008estimating,
  address =      {Helsinki, Finland},
  author =       {Quadrianto, Novi and Alex and Smola, er J. and
                  Caetano, Tibério S. and Le, Quoc V.},
  booktitle =    {Machine Learning: Proceedings of the Twenty-Fifth
                  International Conference (ICML)},
  doi =          {10.1145/1390156.1390254},
  editor =       {Cohen, William W. and McCallum, Andrew and Roweis,
                  Sam T.},
  month =        {June},
  note =         {\url{https://doi.org/10.1145/1390156.1390254}},
  pages =        {776--783},
  publisher =    {ACM},
  series =       {ACM International Conference Proceeding Series},
  title =        {Estimating labels from label proportions},
  volume =       307,
  year =         2008
}

@inproceedings{radlinski2008learning,
  address =      {Helsinki, Finland},
  author =       {Radlinski, Filip and Kleinberg, Robert and Joachims,
                  Thorsten},
  booktitle =    {Machine Learning: Proceedings of the Twenty-Fifth
                  International Conference (ICML)},
  doi =          {10.1145/1390156.1390255},
  editor =       {Cohen, William W. and McCallum, Andrew and Roweis,
                  Sam T.},
  month =        {June},
  note =         {\url{https://doi.org/10.1145/1390156.1390255}},
  pages =        {784--791},
  publisher =    {ACM},
  series =       {ACM International Conference Proceeding Series},
  title =        {Learning diverse rankings with multi-armed bandits},
  volume =       307,
  year =         2008
}

@inproceedings{ranzato2008semisupervised,
  address =      {Helsinki, Finland},
  author =       {Ranzato, Marc'Aurelio and Szummer, Martin},
  booktitle =    {Machine Learning: Proceedings of the Twenty-Fifth
                  International Conference (ICML)},
  doi =          {10.1145/1390156.1390256},
  editor =       {Cohen, William W. and McCallum, Andrew and Roweis,
                  Sam T.},
  month =        {June},
  note =         {\url{https://doi.org/10.1145/1390156.1390256}},
  pages =        {792--799},
  publisher =    {ACM},
  series =       {ACM International Conference Proceeding Series},
  title =        {Semi-supervised learning of compact document
                  representations with deep networks},
  volume =       307,
  year =         2008
}

@inproceedings{ravikumar2008messagepassing,
  address =      {Helsinki, Finland},
  author =       {Ravikumar, Pradeep and Agarwal, Alekh and
                  Wainwright, Martin J.},
  booktitle =    {Machine Learning: Proceedings of the Twenty-Fifth
                  International Conference (ICML)},
  doi =          {10.1145/1390156.1390257},
  editor =       {Cohen, William W. and McCallum, Andrew and Roweis,
                  Sam T.},
  month =        {June},
  note =         {\url{https://doi.org/10.1145/1390156.1390257}},
  pages =        {800--807},
  publisher =    {ACM},
  series =       {ACM International Conference Proceeding Series},
  title =        {Message-passing for graph-structured linear
                  programs: proximal projections, convergence and
                  rounding schemes},
  volume =       307,
  year =         2008
}

@inproceedings{raykar2008bayesian,
  address =      {Helsinki, Finland},
  author =       {Raykar, Vikas C. and Krishnapuram, Balaji and Bi,
                  Jinbo and Dundar, Murat and Rao, R. Bharat},
  booktitle =    {Machine Learning: Proceedings of the Twenty-Fifth
                  International Conference (ICML)},
  doi =          {10.1145/1390156.1390258},
  editor =       {Cohen, William W. and McCallum, Andrew and Roweis,
                  Sam T.},
  month =        {June},
  note =         {\url{https://doi.org/10.1145/1390156.1390258}},
  pages =        {808--815},
  publisher =    {ACM},
  series =       {ACM International Conference Proceeding Series},
  title =        {Bayesian multiple instance learning: automatic
                  feature selection and inductive transfer},
  volume =       307,
  year =         2008
}

@inproceedings{reisinger2008online,
  address =      {Helsinki, Finland},
  author =       {Reisinger, Joseph and Stone, Peter and Miikkulainen,
                  Risto},
  booktitle =    {Machine Learning: Proceedings of the Twenty-Fifth
                  International Conference (ICML)},
  doi =          {10.1145/1390156.1390259},
  editor =       {Cohen, William W. and McCallum, Andrew and Roweis,
                  Sam T.},
  month =        {June},
  note =         {\url{https://doi.org/10.1145/1390156.1390259}},
  pages =        {816--823},
  publisher =    {ACM},
  series =       {ACM International Conference Proceeding Series},
  title =        {Online kernel selection for Bayesian reinforcement
                  learning},
  volume =       307,
  year =         2008
}

@inproceedings{ren2008dynamic,
  address =      {Helsinki, Finland},
  author =       {Ren, Lu and Dunson, David B. and Carin, Lawrence},
  booktitle =    {Machine Learning: Proceedings of the Twenty-Fifth
                  International Conference (ICML)},
  doi =          {10.1145/1390156.1390260},
  editor =       {Cohen, William W. and McCallum, Andrew and Roweis,
                  Sam T.},
  month =        {June},
  note =         {\url{https://doi.org/10.1145/1390156.1390260}},
  pages =        {824--831},
  publisher =    {ACM},
  series =       {ACM International Conference Proceeding Series},
  title =        {The dynamic hierarchical Dirichlet process},
  volume =       307,
  year =         2008
}

@inproceedings{rish2008closedform,
  address =      {Helsinki, Finland},
  author =       {Rish, Irina and Grabarnik, Genady and Cecchi,
                  Guillermo A. and Pereira, Francisco and Gordon,
                  Geoffrey J.},
  booktitle =    {Machine Learning: Proceedings of the Twenty-Fifth
                  International Conference (ICML)},
  doi =          {10.1145/1390156.1390261},
  editor =       {Cohen, William W. and McCallum, Andrew and Roweis,
                  Sam T.},
  month =        {June},
  note =         {\url{https://doi.org/10.1145/1390156.1390261}},
  pages =        {832--839},
  publisher =    {ACM},
  series =       {ACM International Conference Proceeding Series},
  title =        {Closed-form supervised dimensionality reduction with
                  generalized linear models},
  volume =       307,
  year =         2008
}

@inproceedings{rosset2008bilevel,
  address =      {Helsinki, Finland},
  author =       {Rosset, Saharon},
  booktitle =    {Machine Learning: Proceedings of the Twenty-Fifth
                  International Conference (ICML)},
  doi =          {10.1145/1390156.1390262},
  editor =       {Cohen, William W. and McCallum, Andrew and Roweis,
                  Sam T.},
  month =        {June},
  note =         {\url{https://doi.org/10.1145/1390156.1390262}},
  pages =        {840--847},
  publisher =    {ACM},
  series =       {ACM International Conference Proceeding Series},
  title =        {Bi-level path following for cross validated solution
                  of kernel quantile regression},
  volume =       307,
  year =         2008
}

@inproceedings{roth2008grouplasso,
  address =      {Helsinki, Finland},
  author =       {Roth, Volker and Fischer, Bernd},
  booktitle =    {Machine Learning: Proceedings of the Twenty-Fifth
                  International Conference (ICML)},
  doi =          {10.1145/1390156.1390263},
  editor =       {Cohen, William W. and McCallum, Andrew and Roweis,
                  Sam T.},
  month =        {June},
  note =         {\url{https://doi.org/10.1145/1390156.1390263}},
  pages =        {848--855},
  publisher =    {ACM},
  series =       {ACM International Conference Proceeding Series},
  title =        {The Group-Lasso for generalized linear models:
                  uniqueness of solutions and efficient algorithms},
  volume =       307,
  year =         2008
}

@inproceedings{sahbi2008robust,
  address =      {Helsinki, Finland},
  author =       {Sahbi, Hichem and Audibert, Jean-Yves and Rabarisoa,
                  Jaonary and Keriven, Renaud},
  booktitle =    {Machine Learning: Proceedings of the Twenty-Fifth
                  International Conference (ICML)},
  doi =          {10.1145/1390156.1390264},
  editor =       {Cohen, William W. and McCallum, Andrew and Roweis,
                  Sam T.},
  month =        {June},
  note =         {\url{https://doi.org/10.1145/1390156.1390264}},
  pages =        {856--863},
  publisher =    {ACM},
  series =       {ACM International Conference Proceeding Series},
  title =        {Robust matching and recognition using
                  context-dependent kernels},
  volume =       307,
  year =         2008
}

@inproceedings{sakuma2008privacypreserving,
  address =      {Helsinki, Finland},
  author =       {Sakuma, Jun and Kobayashi, Shigenobu and Wright,
                  Rebecca N.},
  booktitle =    {Machine Learning: Proceedings of the Twenty-Fifth
                  International Conference (ICML)},
  doi =          {10.1145/1390156.1390265},
  editor =       {Cohen, William W. and McCallum, Andrew and Roweis,
                  Sam T.},
  month =        {June},
  note =         {\url{https://doi.org/10.1145/1390156.1390265}},
  pages =        {864--871},
  publisher =    {ACM},
  series =       {ACM International Conference Proceeding Series},
  title =        {Privacy-preserving reinforcement learning},
  volume =       307,
  year =         2008
}

@inproceedings{salakhutdinov2008bayesian,
  address =      {Helsinki, Finland},
  author =       {Salakhutdinov, Ruslan and Mnih, Andriy},
  booktitle =    {Machine Learning: Proceedings of the Twenty-Fifth
                  International Conference (ICML)},
  doi =          {10.1145/1390156.1390267},
  editor =       {Cohen, William W. and McCallum, Andrew and Roweis,
                  Sam T.},
  month =        {June},
  note =         {\url{https://doi.org/10.1145/1390156.1390267}},
  pages =        {880--887},
  publisher =    {ACM},
  series =       {ACM International Conference Proceeding Series},
  title =        {Bayesian probabilistic matrix factorization using
                  Markov chain Monte Carlo},
  volume =       307,
  year =         2008
}

@inproceedings{salakhutdinov2008on,
  address =      {Helsinki, Finland},
  author =       {Salakhutdinov, Ruslan and Murray, Iain},
  booktitle =    {Machine Learning: Proceedings of the Twenty-Fifth
                  International Conference (ICML)},
  doi =          {10.1145/1390156.1390266},
  editor =       {Cohen, William W. and McCallum, Andrew and Roweis,
                  Sam T.},
  month =        {June},
  note =         {\url{https://doi.org/10.1145/1390156.1390266}},
  pages =        {872--879},
  publisher =    {ACM},
  series =       {ACM International Conference Proceeding Series},
  title =        {On the quantitative analysis of deep belief
                  networks},
  volume =       307,
  year =         2008
}

@inproceedings{sarawagi2008accurate,
  address =      {Helsinki, Finland},
  author =       {Sarawagi, Sunita and Gupta, Rahul},
  booktitle =    {Machine Learning: Proceedings of the Twenty-Fifth
                  International Conference (ICML)},
  doi =          {10.1145/1390156.1390268},
  editor =       {Cohen, William W. and McCallum, Andrew and Roweis,
                  Sam T.},
  month =        {June},
  note =         {\url{https://doi.org/10.1145/1390156.1390268}},
  pages =        {888--895},
  publisher =    {ACM},
  series =       {ACM International Conference Proceeding Series},
  title =        {Accurate max-margin training for structured output
                  spaces},
  volume =       307,
  year =         2008
}

@inproceedings{sarkar2008fast,
  address =      {Helsinki, Finland},
  author =       {Sarkar, Purnamrita and Moore, Andrew W. and Prakash,
                  Amit},
  booktitle =    {Machine Learning: Proceedings of the Twenty-Fifth
                  International Conference (ICML)},
  doi =          {10.1145/1390156.1390269},
  editor =       {Cohen, William W. and McCallum, Andrew and Roweis,
                  Sam T.},
  month =        {June},
  note =         {\url{https://doi.org/10.1145/1390156.1390269}},
  pages =        {896--903},
  publisher =    {ACM},
  series =       {ACM International Conference Proceeding Series},
  title =        {Fast incremental proximity search in large graphs},
  volume =       307,
  year =         2008
}

@inproceedings{schnalllevin2008inverting,
  address =      {Helsinki, Finland},
  author =       {Schnall-Levin, Michael and Chindelevitch, Leonid and
                  Berger, Bonnie},
  booktitle =    {Machine Learning: Proceedings of the Twenty-Fifth
                  International Conference (ICML)},
  doi =          {10.1145/1390156.1390270},
  editor =       {Cohen, William W. and McCallum, Andrew and Roweis,
                  Sam T.},
  month =        {June},
  note =         {\url{https://doi.org/10.1145/1390156.1390270}},
  pages =        {904--911},
  publisher =    {ACM},
  series =       {ACM International Conference Proceeding Series},
  title =        {Inverting the Viterbi algorithm: an abstract
                  framework for structure design},
  volume =       307,
  year =         2008
}

@inproceedings{seeger2008compressed,
  address =      {Helsinki, Finland},
  author =       {Seeger, Matthias W. and Nickisch, Hannes},
  booktitle =    {Machine Learning: Proceedings of the Twenty-Fifth
                  International Conference (ICML)},
  doi =          {10.1145/1390156.1390271},
  editor =       {Cohen, William W. and McCallum, Andrew and Roweis,
                  Sam T.},
  month =        {June},
  note =         {\url{https://doi.org/10.1145/1390156.1390271}},
  pages =        {912--919},
  publisher =    {ACM},
  series =       {ACM International Conference Proceeding Series},
  title =        {Compressed sensing and Bayesian experimental design},
  volume =       307,
  year =         2008
}

@inproceedings{seldin2008multiclassification,
  address =      {Helsinki, Finland},
  author =       {Seldin, Yevgeny and Tishby, Naftali},
  booktitle =    {Machine Learning: Proceedings of the Twenty-Fifth
                  International Conference (ICML)},
  doi =          {10.1145/1390156.1390272},
  editor =       {Cohen, William W. and McCallum, Andrew and Roweis,
                  Sam T.},
  month =        {June},
  note =         {\url{https://doi.org/10.1145/1390156.1390272}},
  pages =        {920--927},
  publisher =    {ACM},
  series =       {ACM International Conference Proceeding Series},
  title =        {Multi-classification by categorical features via
                  clustering},
  volume =       307,
  year =         2008
}

@inproceedings{shalevshwartz2008svm,
  address =      {Helsinki, Finland},
  author =       {Shalev-Shwartz, Shai and Srebro, Nathan},
  booktitle =    {Machine Learning: Proceedings of the Twenty-Fifth
                  International Conference (ICML)},
  doi =          {10.1145/1390156.1390273},
  editor =       {Cohen, William W. and McCallum, Andrew and Roweis,
                  Sam T.},
  month =        {June},
  note =         {\url{https://doi.org/10.1145/1390156.1390273}},
  pages =        {928--935},
  publisher =    {ACM},
  series =       {ACM International Conference Proceeding Series},
  title =        {SVM optimization: inverse dependence on training set
                  size},
  volume =       307,
  year =         2008
}

@inproceedings{shi2008data,
  address =      {Helsinki, Finland},
  author =       {Shi, Tao and Belkin, Mikhail and Yu, Bin},
  booktitle =    {Machine Learning: Proceedings of the Twenty-Fifth
                  International Conference (ICML)},
  doi =          {10.1145/1390156.1390274},
  editor =       {Cohen, William W. and McCallum, Andrew and Roweis,
                  Sam T.},
  month =        {June},
  note =         {\url{https://doi.org/10.1145/1390156.1390274}},
  pages =        {936--943},
  publisher =    {ACM},
  series =       {ACM International Conference Proceeding Series},
  title =        {Data spectroscopy: learning mixture models using
                  eigenspaces of convolution operators},
  volume =       307,
  year =         2008
}

@inproceedings{shin2008generalization,
  address =      {Helsinki, Finland},
  author =       {Shin, Kilho and Kuboyama, Tetsuji},
  booktitle =    {Machine Learning: Proceedings of the Twenty-Fifth
                  International Conference (ICML)},
  doi =          {10.1145/1390156.1390275},
  editor =       {Cohen, William W. and McCallum, Andrew and Roweis,
                  Sam T.},
  month =        {June},
  note =         {\url{https://doi.org/10.1145/1390156.1390275}},
  pages =        {944--951},
  publisher =    {ACM},
  series =       {ACM International Conference Proceeding Series},
  title =        {A generalization of Haussler's convolution kernel:
                  mapping kernel},
  volume =       307,
  year =         2008
}

@inproceedings{shringarpure2008mstruct,
  address =      {Helsinki, Finland},
  author =       {Shringarpure, Suyash and Xing, Eric P.},
  booktitle =    {Machine Learning: Proceedings of the Twenty-Fifth
                  International Conference (ICML)},
  doi =          {10.1145/1390156.1390276},
  editor =       {Cohen, William W. and McCallum, Andrew and Roweis,
                  Sam T.},
  month =        {June},
  note =         {\url{https://doi.org/10.1145/1390156.1390276}},
  pages =        {952--959},
  publisher =    {ACM},
  series =       {ACM International Conference Proceeding Series},
  title =        {mStruct: a new admixture model for inference of
                  population structure in light of both genetic
                  admixing and allele mutations},
  volume =       307,
  year =         2008
}

@inproceedings{sigg2008expectationmaximization,
  address =      {Helsinki, Finland},
  author =       {Sigg, Christian D. and Buhmann, Joachim M.},
  booktitle =    {Machine Learning: Proceedings of the Twenty-Fifth
                  International Conference (ICML)},
  doi =          {10.1145/1390156.1390277},
  editor =       {Cohen, William W. and McCallum, Andrew and Roweis,
                  Sam T.},
  month =        {June},
  note =         {\url{https://doi.org/10.1145/1390156.1390277}},
  pages =        {960--967},
  publisher =    {ACM},
  series =       {ACM International Conference Proceeding Series},
  title =        {Expectation-maximization for sparse and non-negative
                  PCA},
  volume =       307,
  year =         2008
}

@inproceedings{silver2008samplebased,
  address =      {Helsinki, Finland},
  author =       {Silver, David and Sutton, Richard S. and Müller,
                  Martin},
  booktitle =    {Machine Learning: Proceedings of the Twenty-Fifth
                  International Conference (ICML)},
  doi =          {10.1145/1390156.1390278},
  editor =       {Cohen, William W. and McCallum, Andrew and Roweis,
                  Sam T.},
  month =        {June},
  note =         {\url{https://doi.org/10.1145/1390156.1390278}},
  pages =        {968--975},
  publisher =    {ACM},
  series =       {ACM International Conference Proceeding Series},
  title =        {Sample-based learning and search with permanent and
                  transient memories},
  volume =       307,
  year =         2008
}

@inproceedings{sindhwani2008rkhs,
  address =      {Helsinki, Finland},
  author =       {Sindhwani, Vikas and Rosenberg, David S.},
  booktitle =    {Machine Learning: Proceedings of the Twenty-Fifth
                  International Conference (ICML)},
  doi =          {10.1145/1390156.1390279},
  editor =       {Cohen, William W. and McCallum, Andrew and Roweis,
                  Sam T.},
  month =        {June},
  note =         {\url{https://doi.org/10.1145/1390156.1390279}},
  pages =        {976--983},
  publisher =    {ACM},
  series =       {ACM International Conference Proceeding Series},
  title =        {An RKHS for multi-view learning and manifold
                  co-regularization},
  volume =       307,
  year =         2008
}

@inproceedings{sokolovska2008asymptotics,
  address =      {Helsinki, Finland},
  author =       {Sokolovska, Nataliya and Cappé, Olivier and Yvon,
                  François},
  booktitle =    {Machine Learning: Proceedings of the Twenty-Fifth
                  International Conference (ICML)},
  doi =          {10.1145/1390156.1390280},
  editor =       {Cohen, William W. and McCallum, Andrew and Roweis,
                  Sam T.},
  month =        {June},
  note =         {\url{https://doi.org/10.1145/1390156.1390280}},
  pages =        {984--991},
  publisher =    {ACM},
  series =       {ACM International Conference Proceeding Series},
  title =        {The asymptotics of semi-supervised learning in
                  discriminative probabilistic models},
  volume =       307,
  year =         2008
}

@inproceedings{song2008tailoring,
  address =      {Helsinki, Finland},
  author =       {Song, Le and Zhang, Xinhua and Smola, Alexander and
                  Gretton, Arthur and Schölkopf, Bernhard},
  booktitle =    {Machine Learning: Proceedings of the Twenty-Fifth
                  International Conference (ICML)},
  doi =          {10.1145/1390156.1390281},
  editor =       {Cohen, William W. and McCallum, Andrew and Roweis,
                  Sam T.},
  month =        {June},
  note =         {\url{https://doi.org/10.1145/1390156.1390281}},
  pages =        {992--999},
  publisher =    {ACM},
  series =       {ACM International Conference Proceeding Series},
  title =        {Tailoring density estimation via reproducing kernel
                  moment matching},
  volume =       307,
  year =         2008
}

@inproceedings{sorokina2008detecting,
  address =      {Helsinki, Finland},
  author =       {Sorokina, Daria and Caruana, Rich and Riedewald,
                  Mirek and Fink, Daniel},
  booktitle =    {Machine Learning: Proceedings of the Twenty-Fifth
                  International Conference (ICML)},
  doi =          {10.1145/1390156.1390282},
  editor =       {Cohen, William W. and McCallum, Andrew and Roweis,
                  Sam T.},
  month =        {June},
  note =         {\url{https://doi.org/10.1145/1390156.1390282}},
  pages =        {1000--1007},
  publisher =    {ACM},
  series =       {ACM International Conference Proceeding Series},
  title =        {Detecting statistical interactions with additive
                  groves of trees},
  volume =       307,
  year =         2008
}

@inproceedings{sriperumbudur2008metric,
  address =      {Helsinki, Finland},
  author =       {Sriperumbudur, Bharath K. and Lang, Omer A. and
                  Lanckriet, Gert R. G.},
  booktitle =    {Machine Learning: Proceedings of the Twenty-Fifth
                  International Conference (ICML)},
  doi =          {10.1145/1390156.1390283},
  editor =       {Cohen, William W. and McCallum, Andrew and Roweis,
                  Sam T.},
  month =        {June},
  note =         {\url{https://doi.org/10.1145/1390156.1390283}},
  pages =        {1008--1015},
  publisher =    {ACM},
  series =       {ACM International Conference Proceeding Series},
  title =        {Metric embedding for kernel classification rules},
  volume =       307,
  year =         2008
}

@inproceedings{su2008discriminative,
  address =      {Helsinki, Finland},
  author =       {Su, Jiang and Zhang, Harry and Ling, Charles X. and
                  Matwin, Stan},
  booktitle =    {Machine Learning: Proceedings of the Twenty-Fifth
                  International Conference (ICML)},
  doi =          {10.1145/1390156.1390284},
  editor =       {Cohen, William W. and McCallum, Andrew and Roweis,
                  Sam T.},
  month =        {June},
  note =         {\url{https://doi.org/10.1145/1390156.1390284}},
  pages =        {1016--1023},
  publisher =    {ACM},
  series =       {ACM International Conference Proceeding Series},
  title =        {Discriminative parameter learning for Bayesian
                  networks},
  volume =       307,
  year =         2008
}

@inproceedings{sun2008least,
  address =      {Helsinki, Finland},
  author =       {Sun, Liang and Ji, Shuiwang and Ye, Jieping},
  booktitle =    {Machine Learning: Proceedings of the Twenty-Fifth
                  International Conference (ICML)},
  doi =          {10.1145/1390156.1390285},
  editor =       {Cohen, William W. and McCallum, Andrew and Roweis,
                  Sam T.},
  month =        {June},
  note =         {\url{https://doi.org/10.1145/1390156.1390285}},
  pages =        {1024--1031},
  publisher =    {ACM},
  series =       {ACM International Conference Proceeding Series},
  title =        {A least squares formulation for canonical
                  correlation analysis},
  volume =       307,
  year =         2008
}

@inproceedings{syed2008apprenticeship,
  address =      {Helsinki, Finland},
  author =       {Syed, Umar and Bowling, Michael H. and Schapire,
                  Robert E.},
  booktitle =    {Machine Learning: Proceedings of the Twenty-Fifth
                  International Conference (ICML)},
  doi =          {10.1145/1390156.1390286},
  editor =       {Cohen, William W. and McCallum, Andrew and Roweis,
                  Sam T.},
  month =        {June},
  note =         {\url{https://doi.org/10.1145/1390156.1390286}},
  pages =        {1032--1039},
  publisher =    {ACM},
  series =       {ACM International Conference Proceeding Series},
  title =        {Apprenticeship learning using linear programming},
  volume =       307,
  year =         2008
}

@inproceedings{szafranski2008composite,
  address =      {Helsinki, Finland},
  author =       {Szafranski, Marie and Gr, Yves and Rakotomamonjy,
                  Alain},
  booktitle =    {Machine Learning: Proceedings of the Twenty-Fifth
                  International Conference (ICML)},
  doi =          {10.1145/1390156.1390287},
  editor =       {Cohen, William W. and McCallum, Andrew and Roweis,
                  Sam T.},
  month =        {June},
  note =         {\url{https://doi.org/10.1145/1390156.1390287}},
  pages =        {1040--1047},
  publisher =    {ACM},
  series =       {ACM International Conference Proceeding Series},
  title =        {Composite kernel learning},
  volume =       307,
  year =         2008
}

@inproceedings{szita2008many,
  address =      {Helsinki, Finland},
  author =       {Szita, Istvan and Lőrincz, András},
  booktitle =    {Machine Learning: Proceedings of the Twenty-Fifth
                  International Conference (ICML)},
  doi =          {10.1145/1390156.1390288},
  editor =       {Cohen, William W. and McCallum, Andrew and Roweis,
                  Sam T.},
  month =        {June},
  note =         {\url{https://doi.org/10.1145/1390156.1390288}},
  pages =        {1048--1055},
  publisher =    {ACM},
  series =       {ACM International Conference Proceeding Series},
  title =        {The many faces of optimism: a unifying approach},
  volume =       307,
  year =         2008
}

@inproceedings{takeda2008nusupport,
  address =      {Helsinki, Finland},
  author =       {Takeda, Akiko and Sugiyama, Masashi},
  booktitle =    {Machine Learning: Proceedings of the Twenty-Fifth
                  International Conference (ICML)},
  doi =          {10.1145/1390156.1390289},
  editor =       {Cohen, William W. and McCallum, Andrew and Roweis,
                  Sam T.},
  month =        {June},
  note =         {\url{https://doi.org/10.1145/1390156.1390289}},
  pages =        {1056--1063},
  publisher =    {ACM},
  series =       {ACM International Conference Proceeding Series},
  title =        {nu-support vector machine as conditional
                  value-at-risk minimization},
  volume =       307,
  year =         2008
}

@inproceedings{tieleman2008training,
  address =      {Helsinki, Finland},
  author =       {Tieleman, Tijmen},
  booktitle =    {Machine Learning: Proceedings of the Twenty-Fifth
                  International Conference (ICML)},
  doi =          {10.1145/1390156.1390290},
  editor =       {Cohen, William W. and McCallum, Andrew and Roweis,
                  Sam T.},
  month =        {June},
  note =         {\url{https://doi.org/10.1145/1390156.1390290}},
  pages =        {1064--1071},
  publisher =    {ACM},
  series =       {ACM International Conference Proceeding Series},
  title =        {Training restricted Boltzmann machines using
                  approximations to the likelihood gradient},
  volume =       307,
  year =         2008
}

@inproceedings{ueno2008semiparametric,
  address =      {Helsinki, Finland},
  author =       {Ueno, Tsuyoshi and Kawanabe, Motoaki and Mori,
                  Takeshi and Maeda, Shin-ichi and Ishii, Shin},
  booktitle =    {Machine Learning: Proceedings of the Twenty-Fifth
                  International Conference (ICML)},
  doi =          {10.1145/1390156.1390291},
  editor =       {Cohen, William W. and McCallum, Andrew and Roweis,
                  Sam T.},
  month =        {June},
  note =         {\url{https://doi.org/10.1145/1390156.1390291}},
  pages =        {1072--1079},
  publisher =    {ACM},
  series =       {ACM International Conference Proceeding Series},
  title =        {A semiparametric statistical approach to model-free
                  policy evaluation},
  volume =       307,
  year =         2008
}

@inproceedings{urtasun2008topologicallyconstrained,
  address =      {Helsinki, Finland},
  author =       {Urtasun, Raquel and Fleet, David J. and Geiger,
                  Andreas and Popovic, Jovan and Darrell, Trevor and
                  Lawrence, Neil D.},
  booktitle =    {Machine Learning: Proceedings of the Twenty-Fifth
                  International Conference (ICML)},
  doi =          {10.1145/1390156.1390292},
  editor =       {Cohen, William W. and McCallum, Andrew and Roweis,
                  Sam T.},
  month =        {June},
  note =         {\url{https://doi.org/10.1145/1390156.1390292}},
  pages =        {1080--1087},
  publisher =    {ACM},
  series =       {ACM International Conference Proceeding Series},
  title =        {Topologically-constrained latent variable models},
  volume =       307,
  year =         2008
}

@inproceedings{vincent2008extracting,
  address =      {Helsinki, Finland},
  author =       {Vincent, Pascal and Larochelle, Hugo and Bengio,
                  Yoshua and Manzagol, Pierre-Antoine},
  booktitle =    {Machine Learning: Proceedings of the Twenty-Fifth
                  International Conference (ICML)},
  doi =          {10.1145/1390156.1390294},
  editor =       {Cohen, William W. and McCallum, Andrew and Roweis,
                  Sam T.},
  month =        {June},
  note =         {\url{https://doi.org/10.1145/1390156.1390294}},
  pages =        {1096--1103},
  publisher =    {ACM},
  series =       {ACM International Conference Proceeding Series},
  title =        {Extracting and composing robust features with
                  denoising autoencoders},
  volume =       307,
  year =         2008
}

@inproceedings{vovk2008prediction,
  address =      {Helsinki, Finland},
  author =       {Vovk, Vladimir and Zhdanov, Fedor},
  booktitle =    {Machine Learning: Proceedings of the Twenty-Fifth
                  International Conference (ICML)},
  doi =          {10.1145/1390156.1390295},
  editor =       {Cohen, William W. and McCallum, Andrew and Roweis,
                  Sam T.},
  month =        {June},
  note =         {\url{https://doi.org/10.1145/1390156.1390295}},
  pages =        {1104--1111},
  publisher =    {ACM},
  series =       {ACM International Conference Proceeding Series},
  title =        {Prediction with expert advice for the Brier game},
  volume =       307,
  year =         2008
}

@inproceedings{walder2008sparse,
  address =      {Helsinki, Finland},
  author =       {Walder, Christian and Kim, Kwang In and Schölkopf,
                  Bernhard},
  booktitle =    {Machine Learning: Proceedings of the Twenty-Fifth
                  International Conference (ICML)},
  doi =          {10.1145/1390156.1390296},
  editor =       {Cohen, William W. and McCallum, Andrew and Roweis,
                  Sam T.},
  month =        {June},
  note =         {\url{https://doi.org/10.1145/1390156.1390296}},
  pages =        {1112--1119},
  publisher =    {ACM},
  series =       {ACM International Conference Proceeding Series},
  title =        {Sparse multiscale gaussian process regression},
  volume =       307,
  year =         2008
}

@inproceedings{wang2008adaptive,
  address =      {Helsinki, Finland},
  author =       {Wang, Hua-Yan and Yang, Qiang and Zha, Hongbin},
  booktitle =    {Machine Learning: Proceedings of the Twenty-Fifth
                  International Conference (ICML)},
  doi =          {10.1145/1390156.1390299},
  editor =       {Cohen, William W. and McCallum, Andrew and Roweis,
                  Sam T.},
  month =        {June},
  note =         {\url{https://doi.org/10.1145/1390156.1390299}},
  pages =        {1136--1143},
  publisher =    {ACM},
  series =       {ACM International Conference Proceeding Series},
  title =        {Adaptive p-posterior mixture-model kernels for
                  multiple instance learning},
  volume =       307,
  year =         2008
}

@inproceedings{wang2008dirichlet,
  address =      {Helsinki, Finland},
  author =       {Wang, Hua-Yan and Yang, Qiang and Qin, Hong and Zha,
                  Hongbin},
  booktitle =    {Machine Learning: Proceedings of the Twenty-Fifth
                  International Conference (ICML)},
  doi =          {10.1145/1390156.1390298},
  editor =       {Cohen, William W. and McCallum, Andrew and Roweis,
                  Sam T.},
  month =        {June},
  note =         {\url{https://doi.org/10.1145/1390156.1390298}},
  pages =        {1128--1135},
  publisher =    {ACM},
  series =       {ACM International Conference Proceeding Series},
  title =        {Dirichlet component analysis: feature extraction for
                  compositional data},
  volume =       307,
  year =         2008
}

@inproceedings{wang2008graph,
  address =      {Helsinki, Finland},
  author =       {Wang, Jun and Jebara, Tony and Chang, Shih-Fu},
  booktitle =    {Machine Learning: Proceedings of the Twenty-Fifth
                  International Conference (ICML)},
  doi =          {10.1145/1390156.1390300},
  editor =       {Cohen, William W. and McCallum, Andrew and Roweis,
                  Sam T.},
  month =        {June},
  note =         {\url{https://doi.org/10.1145/1390156.1390300}},
  pages =        {1144--1151},
  publisher =    {ACM},
  series =       {ACM International Conference Proceeding Series},
  title =        {Graph transduction via alternating minimization},
  volume =       307,
  year =         2008
}

@inproceedings{wang2008manifold,
  address =      {Helsinki, Finland},
  author =       {Wang, Chang and Mahadevan, Sridhar},
  booktitle =    {Machine Learning: Proceedings of the Twenty-Fifth
                  International Conference (ICML)},
  doi =          {10.1145/1390156.1390297},
  editor =       {Cohen, William W. and McCallum, Andrew and Roweis,
                  Sam T.},
  month =        {June},
  note =         {\url{https://doi.org/10.1145/1390156.1390297}},
  pages =        {1120--1127},
  publisher =    {ACM},
  series =       {ACM International Conference Proceeding Series},
  title =        {Manifold alignment using Procrustes analysis},
  volume =       307,
  year =         2008
}

@inproceedings{wang2008on,
  address =      {Helsinki, Finland},
  author =       {Wang, Wei and Zhou, Zhi-Hua},
  booktitle =    {Machine Learning: Proceedings of the Twenty-Fifth
                  International Conference (ICML)},
  doi =          {10.1145/1390156.1390301},
  editor =       {Cohen, William W. and McCallum, Andrew and Roweis,
                  Sam T.},
  month =        {June},
  note =         {\url{https://doi.org/10.1145/1390156.1390301}},
  pages =        {1152--1159},
  publisher =    {ACM},
  series =       {ACM International Conference Proceeding Series},
  title =        {On multi-view active learning and the combination
                  with semi-supervised learning},
  volume =       307,
  year =         2008
}

@inproceedings{weinberger2008fast,
  address =      {Helsinki, Finland},
  author =       {Weinberger, Kilian Q. and Saul, Lawrence K.},
  booktitle =    {Machine Learning: Proceedings of the Twenty-Fifth
                  International Conference (ICML)},
  doi =          {10.1145/1390156.1390302},
  editor =       {Cohen, William W. and McCallum, Andrew and Roweis,
                  Sam T.},
  month =        {June},
  note =         {\url{https://doi.org/10.1145/1390156.1390302}},
  pages =        {1160--1167},
  publisher =    {ACM},
  series =       {ACM International Conference Proceeding Series},
  title =        {Fast solvers and efficient implementations for
                  distance metric learning},
  volume =       307,
  year =         2008
}

@inproceedings{weston2008deep,
  address =      {Helsinki, Finland},
  author =       {Weston, Jason and Ratle, Frédéric and Collobert,
                  Ronan},
  booktitle =    {Machine Learning: Proceedings of the Twenty-Fifth
                  International Conference (ICML)},
  doi =          {10.1145/1390156.1390303},
  editor =       {Cohen, William W. and McCallum, Andrew and Roweis,
                  Sam T.},
  month =        {June},
  note =         {\url{https://doi.org/10.1145/1390156.1390303}},
  pages =        {1168--1175},
  publisher =    {ACM},
  series =       {ACM International Conference Proceeding Series},
  title =        {Deep learning via semi-supervised embedding},
  volume =       307,
  year =         2008
}

@inproceedings{wingate2008efficiently,
  address =      {Helsinki, Finland},
  author =       {Wingate, David and Singh, Satinder},
  booktitle =    {Machine Learning: Proceedings of the Twenty-Fifth
                  International Conference (ICML)},
  doi =          {10.1145/1390156.1390304},
  editor =       {Cohen, William W. and McCallum, Andrew and Roweis,
                  Sam T.},
  month =        {June},
  note =         {\url{https://doi.org/10.1145/1390156.1390304}},
  pages =        {1176--1183},
  publisher =    {ACM},
  series =       {ACM International Conference Proceeding Series},
  title =        {Efficiently learning linear-linear exponential
                  family predictive representations of state},
  volume =       307,
  year =         2008
}

@inproceedings{wolfe2008fully,
  address =      {Helsinki, Finland},
  author =       {Wolfe, Jason Andrew and Haghighi, Aria and Klein,
                  Dan},
  booktitle =    {Machine Learning: Proceedings of the Twenty-Fifth
                  International Conference (ICML)},
  doi =          {10.1145/1390156.1390305},
  editor =       {Cohen, William W. and McCallum, Andrew and Roweis,
                  Sam T.},
  month =        {June},
  note =         {\url{https://doi.org/10.1145/1390156.1390305}},
  pages =        {1184--1191},
  publisher =    {ACM},
  series =       {ACM International Conference Proceeding Series},
  title =        {Fully distributed EM for very large datasets},
  volume =       307,
  year =         2008
}

@inproceedings{xia2008listwise,
  address =      {Helsinki, Finland},
  author =       {Xia, Fen and Liu, Tie-Yan and Wang, Jue and Zhang,
                  Wensheng and Li, Hang},
  booktitle =    {Machine Learning: Proceedings of the Twenty-Fifth
                  International Conference (ICML)},
  doi =          {10.1145/1390156.1390306},
  editor =       {Cohen, William W. and McCallum, Andrew and Roweis,
                  Sam T.},
  month =        {June},
  note =         {\url{https://doi.org/10.1145/1390156.1390306}},
  pages =        {1192--1199},
  publisher =    {ACM},
  series =       {ACM International Conference Proceeding Series},
  title =        {Listwise approach to learning to rank: theory and
                  algorithm},
  volume =       307,
  year =         2008
}

@inproceedings{yaman2008democratic,
  address =      {Helsinki, Finland},
  author =       {Yaman, Fusun and Walsh, Thomas J. and Littman,
                  Michael L. and desJardins, Marie},
  booktitle =    {Machine Learning: Proceedings of the Twenty-Fifth
                  International Conference (ICML)},
  doi =          {10.1145/1390156.1390307},
  editor =       {Cohen, William W. and McCallum, Andrew and Roweis,
                  Sam T.},
  month =        {June},
  note =         {\url{https://doi.org/10.1145/1390156.1390307}},
  pages =        {1200--1207},
  publisher =    {ACM},
  series =       {ACM International Conference Proceeding Series},
  title =        {Democratic approximation of lexicographic preference
                  models},
  volume =       307,
  year =         2008
}

@inproceedings{yao2008preconditioned,
  address =      {Helsinki, Finland},
  author =       {Yao, Hengshuai and Liu, Zhi-Qiang},
  booktitle =    {Machine Learning: Proceedings of the Twenty-Fifth
                  International Conference (ICML)},
  doi =          {10.1145/1390156.1390308},
  editor =       {Cohen, William W. and McCallum, Andrew and Roweis,
                  Sam T.},
  month =        {June},
  note =         {\url{https://doi.org/10.1145/1390156.1390308}},
  pages =        {1208--1215},
  publisher =    {ACM},
  series =       {ACM International Conference Proceeding Series},
  title =        {Preconditioned temporal difference learning},
  volume =       307,
  year =         2008
}

@inproceedings{yu2008quasi,
  address =      {Helsinki, Finland},
  author =       {Yu, Jin and Vishwanathan, S. V. N. and Günter, Simon
                  and Schraudolph, Nicol N.},
  booktitle =    {Machine Learning: Proceedings of the Twenty-Fifth
                  International Conference (ICML)},
  doi =          {10.1145/1390156.1390309},
  editor =       {Cohen, William W. and McCallum, Andrew and Roweis,
                  Sam T.},
  month =        {June},
  note =         {\url{https://doi.org/10.1145/1390156.1390309}},
  pages =        {1216--1223},
  publisher =    {ACM},
  series =       {ACM International Conference Proceeding Series},
  title =        {A quasi-Newton approach to non-smooth convex
                  optimization},
  volume =       307,
  year =         2008
}

@inproceedings{yue2008predicting,
  address =      {Helsinki, Finland},
  author =       {Yue, Yisong and Joachims, Thorsten},
  booktitle =    {Machine Learning: Proceedings of the Twenty-Fifth
                  International Conference (ICML)},
  doi =          {10.1145/1390156.1390310},
  editor =       {Cohen, William W. and McCallum, Andrew and Roweis,
                  Sam T.},
  month =        {June},
  note =         {\url{https://doi.org/10.1145/1390156.1390310}},
  pages =        {1224--1231},
  publisher =    {ACM},
  series =       {ACM International Conference Proceeding Series},
  title =        {Predicting diverse subsets using structural SVMs},
  volume =       307,
  year =         2008
}

@inproceedings{zhang2008estimating,
  address =      {Helsinki, Finland},
  author =       {Zhang, Zhenjie and Dai, Bing Tian and Tung, Anthony
                  K. H.},
  booktitle =    {Machine Learning: Proceedings of the Twenty-Fifth
                  International Conference (ICML)},
  doi =          {10.1145/1390156.1390312},
  editor =       {Cohen, William W. and McCallum, Andrew and Roweis,
                  Sam T.},
  month =        {June},
  note =         {\url{https://doi.org/10.1145/1390156.1390312}},
  pages =        {1240--1247},
  publisher =    {ACM},
  series =       {ACM International Conference Proceeding Series},
  title =        {Estimating local optimums in EM algorithm over
                  Gaussian mixture model},
  volume =       307,
  year =         2008
}

@inproceedings{zhang2008improved,
  address =      {Helsinki, Finland},
  author =       {Zhang, Kai and Tsang, Ivor W. and Kwok, James T.},
  booktitle =    {Machine Learning: Proceedings of the Twenty-Fifth
                  International Conference (ICML)},
  doi =          {10.1145/1390156.1390311},
  editor =       {Cohen, William W. and McCallum, Andrew and Roweis,
                  Sam T.},
  month =        {June},
  note =         {\url{https://doi.org/10.1145/1390156.1390311}},
  pages =        {1232--1239},
  publisher =    {ACM},
  series =       {ACM International Conference Proceeding Series},
  title =        {Improved Nyström low-rank approximation and error
                  analysis},
  volume =       307,
  year =         2008
}

@inproceedings{zhao2008efficient,
  address =      {Helsinki, Finland},
  author =       {Zhao, Bin and Wang, Fei and Zhang, Changshui},
  booktitle =    {Machine Learning: Proceedings of the Twenty-Fifth
                  International Conference (ICML)},
  doi =          {10.1145/1390156.1390313},
  editor =       {Cohen, William W. and McCallum, Andrew and Roweis,
                  Sam T.},
  month =        {June},
  note =         {\url{https://doi.org/10.1145/1390156.1390313}},
  pages =        {1248--1255},
  publisher =    {ACM},
  series =       {ACM International Conference Proceeding Series},
  title =        {Efficient multiclass maximum margin clustering},
  volume =       307,
  year =         2008
}

@inproceedings{zhu2008laplace,
  address =      {Helsinki, Finland},
  author =       {Zhu, Jun and Xing, Eric P. and Zhang, Bo},
  booktitle =    {Machine Learning: Proceedings of the Twenty-Fifth
                  International Conference (ICML)},
  doi =          {10.1145/1390156.1390314},
  editor =       {Cohen, William W. and McCallum, Andrew and Roweis,
                  Sam T.},
  month =        {June},
  note =         {\url{https://doi.org/10.1145/1390156.1390314}},
  pages =        {1256--1263},
  publisher =    {ACM},
  series =       {ACM International Conference Proceeding Series},
  title =        {Laplace maximum margin Markov networks},
  volume =       307,
  year =         2008
}
