@inproceedings{adams2009archipelago,
  address =      {Montreal, Quebec, Canada},
  author =       {Adams, Ryan Prescott and Ghahramani, Zoubin},
  booktitle =    {Proceedings of the 26th Annual International
                  Conference on Machine Learning (ICML)},
  doi =          {10.1145/1553374.1553375},
  editor =       {Danyluk, Andrea Pohoreckyj and Bottou, Léon and
                  Littman, Michael L.},
  month =        {June},
  note =         {\url{https://doi.org/10.1145/1553374.1553375}},
  pages =        {1--8},
  publisher =    {ACM},
  series =       {ACM International Conference Proceeding Series},
  title =        {Archipelago: nonparametric Bayesian semi-supervised
                  learning},
  volume =       382,
  year =         2009
}

@inproceedings{adams2009tractable,
  address =      {Montreal, Quebec, Canada},
  author =       {Adams, Ryan Prescott and Murray, Iain and MacKay,
                  David J. C.},
  booktitle =    {Proceedings of the 26th Annual International
                  Conference on Machine Learning (ICML)},
  doi =          {10.1145/1553374.1553376},
  editor =       {Danyluk, Andrea Pohoreckyj and Bottou, Léon and
                  Littman, Michael L.},
  month =        {June},
  note =         {\url{https://doi.org/10.1145/1553374.1553376}},
  pages =        {9--16},
  publisher =    {ACM},
  series =       {ACM International Conference Proceeding Series},
  title =        {Tractable nonparametric Bayesian inference in
                  Poisson processes with Gaussian process intensities},
  volume =       382,
  year =         2009
}

@inproceedings{agosta2009workshop,
  address =      {Montreal, Quebec, Canada},
  author =       {Agosta, John Mark and Almond, Russell G. and Buede,
                  Dennis M. and Druzdzel, Marek J. and Goldsmith, Judy
                  and Renooij, Silja},
  booktitle =    {Proceedings of the 26th Annual International
                  Conference on Machine Learning (ICML)},
  doi =          {10.1145/1553374.1553540},
  editor =       {Danyluk, Andrea Pohoreckyj and Bottou, Léon and
                  Littman, Michael L.},
  month =        {June},
  note =         {\url{https://doi.org/10.1145/1553374.1553540}},
  pages =        3,
  publisher =    {ACM},
  series =       {ACM International Conference Proceeding Series},
  title =        {Workshop summary: Seventh annual workshop on Bayes
                  applications},
  volume =       382,
  year =         2009
}

@inproceedings{aiolli2009route,
  address =      {Montreal, Quebec, Canada},
  author =       {Aiolli, Fabio and Martino, Giovanni Da San and
                  Sperduti, Roberta},
  booktitle =    {Proceedings of the 26th Annual International
                  Conference on Machine Learning (ICML)},
  doi =          {10.1145/1553374.1553377},
  editor =       {Danyluk, Andrea Pohoreckyj and Bottou, Léon and
                  Littman, Michael L.},
  month =        {June},
  note =         {\url{https://doi.org/10.1145/1553374.1553377}},
  pages =        {17--24},
  publisher =    {ACM},
  series =       {ACM International Conference Proceeding Series},
  title =        {Route kernels for trees},
  volume =       382,
  year =         2009
}

@inproceedings{andrzejewski2009incorporating,
  address =      {Montreal, Quebec, Canada},
  author =       {Andrzejewski, David and Zhu, Xiaojin and Craven,
                  Mark},
  booktitle =    {Proceedings of the 26th Annual International
                  Conference on Machine Learning (ICML)},
  doi =          {10.1145/1553374.1553378},
  editor =       {Danyluk, Andrea Pohoreckyj and Bottou, Léon and
                  Littman, Michael L.},
  month =        {June},
  note =         {\url{https://doi.org/10.1145/1553374.1553378}},
  pages =        {25--32},
  publisher =    {ACM},
  series =       {ACM International Conference Proceeding Series},
  title =        {Incorporating domain knowledge into topic modeling
                  via Dirichlet Forest priors},
  volume =       382,
  year =         2009
}

@inproceedings{audibert2009workshop,
  address =      {Montreal, Quebec, Canada},
  author =       {Audibert, Jean-Yves and Auer, Peter and Aless,
                  R. and Lazaric, Ro. and Munos, Rémi and Ryabko,
                  Daniil and Szepesvári, Csaba},
  booktitle =    {Proceedings of the 26th Annual International
                  Conference on Machine Learning (ICML)},
  doi =          {10.1145/1553374.1553547},
  editor =       {Danyluk, Andrea Pohoreckyj and Bottou, Léon and
                  Littman, Michael L.},
  month =        {June},
  note =         {\url{https://doi.org/10.1145/1553374.1553547}},
  pages =        8,
  publisher =    {ACM},
  series =       {ACM International Conference Proceeding Series},
  title =        {Workshop summary: On-line learning with limited
                  feedback},
  volume =       382,
  year =         2009
}

@inproceedings{bailly2009grammatical,
  address =      {Montreal, Quebec, Canada},
  author =       {Bailly, Raphaël and Denis, François and Ralaivola,
                  Liva},
  booktitle =    {Proceedings of the 26th Annual International
                  Conference on Machine Learning (ICML)},
  doi =          {10.1145/1553374.1553379},
  editor =       {Danyluk, Andrea Pohoreckyj and Bottou, Léon and
                  Littman, Michael L.},
  month =        {June},
  note =         {\url{https://doi.org/10.1145/1553374.1553379}},
  pages =        {33--40},
  publisher =    {ACM},
  series =       {ACM International Conference Proceeding Series},
  title =        {Grammatical inference as a principal component
                  analysis problem},
  volume =       382,
  year =         2009
}

@inproceedings{bengio2009curriculum,
  address =      {Montreal, Quebec, Canada},
  author =       {Bengio, Yoshua and Louradour, Jérôme and Collobert,
                  Ronan and Weston, Jason},
  booktitle =    {Proceedings of the 26th Annual International
                  Conference on Machine Learning (ICML)},
  doi =          {10.1145/1553374.1553380},
  editor =       {Danyluk, Andrea Pohoreckyj and Bottou, Léon and
                  Littman, Michael L.},
  month =        {June},
  note =         {\url{https://doi.org/10.1145/1553374.1553380}},
  pages =        {41--48},
  publisher =    {ACM},
  series =       {ACM International Conference Proceeding Series},
  title =        {Curriculum learning},
  volume =       382,
  year =         2009
}

@inproceedings{bennett2009tutorial,
  address =      {Montreal, Quebec, Canada},
  author =       {Bennett, Paul N. and Bilenko, Misha and
                  Collins-Thompson, Kevyn},
  booktitle =    {Proceedings of the 26th Annual International
                  Conference on Machine Learning (ICML)},
  doi =          {10.1145/1553374.1553558},
  editor =       {Danyluk, Andrea Pohoreckyj and Bottou, Léon and
                  Littman, Michael L.},
  month =        {June},
  note =         {\url{https://doi.org/10.1145/1553374.1553558}},
  pages =        17,
  publisher =    {ACM},
  series =       {ACM International Conference Proceeding Series},
  title =        {Tutorial summary: Machine learning in IR: recent
                  successes and new opportunities},
  volume =       382,
  year =         2009
}

@inproceedings{beygelzimer2009importance,
  address =      {Montreal, Quebec, Canada},
  author =       {Beygelzimer, Alina and Dasgupta, Sanjoy and
                  Langford, John},
  booktitle =    {Proceedings of the 26th Annual International
                  Conference on Machine Learning (ICML)},
  doi =          {10.1145/1553374.1553381},
  editor =       {Danyluk, Andrea Pohoreckyj and Bottou, Léon and
                  Littman, Michael L.},
  month =        {June},
  note =         {\url{https://doi.org/10.1145/1553374.1553381}},
  pages =        {49--56},
  publisher =    {ACM},
  series =       {ACM International Conference Proceeding Series},
  title =        {Importance weighted active learning},
  volume =       382,
  year =         2009
}

@inproceedings{beygelzimer2009tutorial,
  address =      {Montreal, Quebec, Canada},
  author =       {Beygelzimer, Alina and Langford, John and Zadrozny,
                  Bianca},
  booktitle =    {Proceedings of the 26th Annual International
                  Conference on Machine Learning (ICML)},
  doi =          {10.1145/1553374.1553552},
  editor =       {Danyluk, Andrea Pohoreckyj and Bottou, Léon and
                  Littman, Michael L.},
  month =        {June},
  note =         {\url{https://doi.org/10.1145/1553374.1553552}},
  pages =        12,
  publisher =    {ACM},
  series =       {ACM International Conference Proceeding Series},
  title =        {Tutorial summary: Reductions in machine learning},
  volume =       382,
  year =         2009
}

@inproceedings{bouchard2009split,
  address =      {Montreal, Quebec, Canada},
  author =       {Bouchard, Guillaume and Zoeter, Onno},
  booktitle =    {Proceedings of the 26th Annual International
                  Conference on Machine Learning (ICML)},
  doi =          {10.1145/1553374.1553382},
  editor =       {Danyluk, Andrea Pohoreckyj and Bottou, Léon and
                  Littman, Michael L.},
  month =        {June},
  note =         {\url{https://doi.org/10.1145/1553374.1553382}},
  pages =        {57--64},
  publisher =    {ACM},
  series =       {ACM International Conference Proceeding Series},
  title =        {Split variational inference},
  volume =       382,
  year =         2009
}

@inproceedings{boularias2009predictive,
  address =      {Montreal, Quebec, Canada},
  author =       {Boularias, Abdeslam and Chaib-draa, Brahim},
  booktitle =    {Proceedings of the 26th Annual International
                  Conference on Machine Learning (ICML)},
  doi =          {10.1145/1553374.1553383},
  editor =       {Danyluk, Andrea Pohoreckyj and Bottou, Léon and
                  Littman, Michael L.},
  month =        {June},
  note =         {\url{https://doi.org/10.1145/1553374.1553383}},
  pages =        {65--72},
  publisher =    {ACM},
  series =       {ACM International Conference Proceeding Series},
  title =        {Predictive representations for policy gradient in
                  POMDPs},
  volume =       382,
  year =         2009
}

@inproceedings{boutilier2009online,
  address =      {Montreal, Quebec, Canada},
  author =       {Boutilier, Craig and Regan, Kevin and Viappiani,
                  Paolo},
  booktitle =    {Proceedings of the 26th Annual International
                  Conference on Machine Learning (ICML)},
  doi =          {10.1145/1553374.1553384},
  editor =       {Danyluk, Andrea Pohoreckyj and Bottou, Léon and
                  Littman, Michael L.},
  month =        {June},
  note =         {\url{https://doi.org/10.1145/1553374.1553384}},
  pages =        {73--80},
  publisher =    {ACM},
  series =       {ACM International Conference Proceeding Series},
  title =        {Online feature elicitation in interactive
                  optimization},
  volume =       382,
  year =         2009
}

@inproceedings{burl2009active,
  address =      {Montreal, Quebec, Canada},
  author =       {Burl, Michael C. and Wang, Esther},
  booktitle =    {Proceedings of the 26th Annual International
                  Conference on Machine Learning (ICML)},
  doi =          {10.1145/1553374.1553386},
  editor =       {Danyluk, Andrea Pohoreckyj and Bottou, Léon and
                  Littman, Michael L.},
  month =        {June},
  note =         {\url{https://doi.org/10.1145/1553374.1553386}},
  pages =        {89--96},
  publisher =    {ACM},
  series =       {ACM International Conference Proceeding Series},
  title =        {Active learning for directed exploration of complex
                  systems},
  volume =       382,
  year =         2009
}

@inproceedings{busetto2009optimized,
  address =      {Montreal, Quebec, Canada},
  author =       {Busetto, Alberto Giovanni and Ong, Cheng Soon and
                  Buhmann, Joachim M.},
  booktitle =    {Proceedings of the 26th Annual International
                  Conference on Machine Learning (ICML)},
  doi =          {10.1145/1553374.1553387},
  editor =       {Danyluk, Andrea Pohoreckyj and Bottou, Léon and
                  Littman, Michael L.},
  month =        {June},
  note =         {\url{https://doi.org/10.1145/1553374.1553387}},
  pages =        {97--104},
  publisher =    {ACM},
  series =       {ACM International Conference Proceeding Series},
  title =        {Optimized expected information gain for nonlinear
                  dynamical systems},
  volume =       382,
  year =         2009
}

@inproceedings{bühler2009spectral,
  address =      {Montreal, Quebec, Canada},
  author =       {Bühler, Thomas and Hein, Matthias},
  booktitle =    {Proceedings of the 26th Annual International
                  Conference on Machine Learning (ICML)},
  doi =          {10.1145/1553374.1553385},
  editor =       {Danyluk, Andrea Pohoreckyj and Bottou, Léon and
                  Littman, Michael L.},
  month =        {June},
  note =         {\url{https://doi.org/10.1145/1553374.1553385}},
  pages =        {81--88},
  publisher =    {ACM},
  series =       {ACM International Conference Proceeding Series},
  title =        {Spectral clustering based on the graph p-Laplacian},
  volume =       382,
  year =         2009
}

@inproceedings{cai2009probabilistic,
  address =      {Montreal, Quebec, Canada},
  author =       {Cai, Deng and Wang, Xuanhui and He, Xiaofei},
  booktitle =    {Proceedings of the 26th Annual International
                  Conference on Machine Learning (ICML)},
  doi =          {10.1145/1553374.1553388},
  editor =       {Danyluk, Andrea Pohoreckyj and Bottou, Léon and
                  Littman, Michael L.},
  month =        {June},
  note =         {\url{https://doi.org/10.1145/1553374.1553388}},
  pages =        {105--112},
  publisher =    {ACM},
  series =       {ACM International Conference Proceeding Series},
  title =        {Probabilistic dyadic data analysis with local and
                  global consistency},
  volume =       382,
  year =         2009
}

@inproceedings{campos2009structure,
  address =      {Montreal, Quebec, Canada},
  author =       {Campos, Cassio P. de and Zeng, Zhi and Ji, Qiang},
  booktitle =    {Proceedings of the 26th Annual International
                  Conference on Machine Learning (ICML)},
  doi =          {10.1145/1553374.1553389},
  editor =       {Danyluk, Andrea Pohoreckyj and Bottou, Léon and
                  Littman, Michael L.},
  month =        {June},
  note =         {\url{https://doi.org/10.1145/1553374.1553389}},
  pages =        {113--120},
  publisher =    {ACM},
  series =       {ACM International Conference Proceeding Series},
  title =        {Structure learning of Bayesian networks using
                  constraints},
  volume =       382,
  year =         2009
}

@inproceedings{cesabianchi2009robust,
  address =      {Montreal, Quebec, Canada},
  author =       {Cesa-Bianchi, Nicolò and Gentile, Claudio and
                  Orabona, Francesco},
  booktitle =    {Proceedings of the 26th Annual International
                  Conference on Machine Learning (ICML)},
  doi =          {10.1145/1553374.1553390},
  editor =       {Danyluk, Andrea Pohoreckyj and Bottou, Léon and
                  Littman, Michael L.},
  month =        {June},
  note =         {\url{https://doi.org/10.1145/1553374.1553390}},
  pages =        {121--128},
  publisher =    {ACM},
  series =       {ACM International Conference Proceeding Series},
  title =        {Robust bounds for classification via selective
                  sampling},
  volume =       382,
  year =         2009
}

@inproceedings{chaudhuri2009multiview,
  address =      {Montreal, Quebec, Canada},
  author =       {Chaudhuri, Kamalika and Kakade, Sham M. and Livescu,
                  Karen and Sridharan, Karthik},
  booktitle =    {Proceedings of the 26th Annual International
                  Conference on Machine Learning (ICML)},
  doi =          {10.1145/1553374.1553391},
  editor =       {Danyluk, Andrea Pohoreckyj and Bottou, Léon and
                  Littman, Michael L.},
  month =        {June},
  note =         {\url{https://doi.org/10.1145/1553374.1553391}},
  pages =        {129--136},
  publisher =    {ACM},
  series =       {ACM International Conference Proceeding Series},
  title =        {Multi-view clustering via canonical correlation
                  analysis},
  volume =       382,
  year =         2009
}

@inproceedings{chen2009convex,
  address =      {Montreal, Quebec, Canada},
  author =       {Chen, Jianhui and Tang, Lei and Liu, Jun and Ye,
                  Jieping},
  booktitle =    {Proceedings of the 26th Annual International
                  Conference on Machine Learning (ICML)},
  doi =          {10.1145/1553374.1553392},
  editor =       {Danyluk, Andrea Pohoreckyj and Bottou, Léon and
                  Littman, Michael L.},
  month =        {June},
  note =         {\url{https://doi.org/10.1145/1553374.1553392}},
  pages =        {137--144},
  publisher =    {ACM},
  series =       {ACM International Conference Proceeding Series},
  title =        {A convex formulation for learning shared structures
                  from multiple tasks},
  volume =       382,
  year =         2009
}

@inproceedings{chen2009learning,
  address =      {Montreal, Quebec, Canada},
  author =       {Chen, Yihua and Gupta, Maya R. and Recht, Benjamin},
  booktitle =    {Proceedings of the 26th Annual International
                  Conference on Machine Learning (ICML)},
  doi =          {10.1145/1553374.1553393},
  editor =       {Danyluk, Andrea Pohoreckyj and Bottou, Léon and
                  Littman, Michael L.},
  month =        {June},
  note =         {\url{https://doi.org/10.1145/1553374.1553393}},
  pages =        {145--152},
  publisher =    {ACM},
  series =       {ACM International Conference Proceeding Series},
  title =        {Learning kernels from indefinite similarities},
  volume =       382,
  year =         2009
}

@inproceedings{cheng2009decision,
  address =      {Montreal, Quebec, Canada},
  author =       {Cheng, Weiwei and Huhn, Jens C. and Hüllermeier,
                  Eyke},
  booktitle =    {Proceedings of the 26th Annual International
                  Conference on Machine Learning (ICML)},
  doi =          {10.1145/1553374.1553395},
  editor =       {Danyluk, Andrea Pohoreckyj and Bottou, Léon and
                  Littman, Michael L.},
  month =        {June},
  note =         {\url{https://doi.org/10.1145/1553374.1553395}},
  pages =        {161--168},
  publisher =    {ACM},
  series =       {ACM International Conference Proceeding Series},
  title =        {Decision tree and instance-based learning for label
                  ranking},
  volume =       382,
  year =         2009
}

@inproceedings{cheng2009matrix,
  address =      {Montreal, Quebec, Canada},
  author =       {Cheng, Chih-Chieh and Sha, Fei and Saul, Lawrence
                  K.},
  booktitle =    {Proceedings of the 26th Annual International
                  Conference on Machine Learning (ICML)},
  doi =          {10.1145/1553374.1553394},
  editor =       {Danyluk, Andrea Pohoreckyj and Bottou, Léon and
                  Littman, Michael L.},
  month =        {June},
  note =         {\url{https://doi.org/10.1145/1553374.1553394}},
  pages =        {153--160},
  publisher =    {ACM},
  series =       {ACM International Conference Proceeding Series},
  title =        {Matrix updates for perceptron training of continuous
                  density hidden Markov models},
  volume =       382,
  year =         2009
}

@inproceedings{cho2009learning,
  address =      {Montreal, Quebec, Canada},
  author =       {Cho, Youngmin and Saul, Lawrence K.},
  booktitle =    {Proceedings of the 26th Annual International
                  Conference on Machine Learning (ICML)},
  doi =          {10.1145/1553374.1553396},
  editor =       {Danyluk, Andrea Pohoreckyj and Bottou, Léon and
                  Littman, Michael L.},
  month =        {June},
  note =         {\url{https://doi.org/10.1145/1553374.1553396}},
  pages =        {169--176},
  publisher =    {ACM},
  series =       {ACM International Conference Proceeding Series},
  title =        {Learning dictionaries of stable autoregressive
                  models for audio scene analysis},
  volume =       382,
  year =         2009
}

@inproceedings{choi2009exploiting,
  address =      {Montreal, Quebec, Canada},
  author =       {Choi, Myung Jin and Ch, Venkat and Rasekaran,
                  Karthik and Willsky, Alan S.},
  booktitle =    {Proceedings of the 26th Annual International
                  Conference on Machine Learning (ICML)},
  doi =          {10.1145/1553374.1553397},
  editor =       {Danyluk, Andrea Pohoreckyj and Bottou, Léon and
                  Littman, Michael L.},
  month =        {June},
  note =         {\url{https://doi.org/10.1145/1553374.1553397}},
  pages =        {177--184},
  publisher =    {ACM},
  series =       {ACM International Conference Proceeding Series},
  title =        {Exploiting sparse Markov and covariance structure in
                  multiresolution models},
  volume =       382,
  year =         2009
}

@inproceedings{clemencon2009nonparametric,
  address =      {Montreal, Quebec, Canada},
  author =       {Clémençon, Stéphane and Vayatis, Nicolas},
  booktitle =    {Proceedings of the 26th Annual International
                  Conference on Machine Learning (ICML)},
  doi =          {10.1145/1553374.1553398},
  editor =       {Danyluk, Andrea Pohoreckyj and Bottou, Léon and
                  Littman, Michael L.},
  month =        {June},
  note =         {\url{https://doi.org/10.1145/1553374.1553398}},
  pages =        {185--192},
  publisher =    {ACM},
  series =       {ACM International Conference Proceeding Series},
  title =        {Nonparametric estimation of the precision-recall
                  curve},
  volume =       382,
  year =         2009
}

@inproceedings{cortes2009invited,
  address =      {Montreal, Quebec, Canada},
  author =       {Cortes, Corinna},
  booktitle =    {Proceedings of the 26th Annual International
                  Conference on Machine Learning (ICML)},
  doi =          {10.1145/1553374.1553538},
  editor =       {Danyluk, Andrea Pohoreckyj and Bottou, Léon and
                  Littman, Michael L.},
  month =        {June},
  note =         {\url{https://doi.org/10.1145/1553374.1553538}},
  pages =        1,
  publisher =    {ACM},
  series =       {ACM International Conference Proceeding Series},
  title =        {Invited talk: Can learning kernels help
                  performance?},
  volume =       382,
  year =         2009
}

@inproceedings{dai2009eigentransfer,
  address =      {Montreal, Quebec, Canada},
  author =       {Dai, Wenyuan and Jin, Ou and Xue, Gui-Rong and Yang,
                  Qiang and Yu, Yong},
  booktitle =    {Proceedings of the 26th Annual International
                  Conference on Machine Learning (ICML)},
  doi =          {10.1145/1553374.1553399},
  editor =       {Danyluk, Andrea Pohoreckyj and Bottou, Léon and
                  Littman, Michael L.},
  month =        {June},
  note =         {\url{https://doi.org/10.1145/1553374.1553399}},
  pages =        {193--200},
  publisher =    {ACM},
  series =       {ACM International Conference Proceeding Series},
  title =        {EigenTransfer: a unified framework for transfer
                  learning},
  volume =       382,
  year =         2009
}

@inproceedings{daitch2009fitting,
  address =      {Montreal, Quebec, Canada},
  author =       {Daitch, Samuel I. and Kelner, Jonathan A. and
                  Spielman, Daniel A.},
  booktitle =    {Proceedings of the 26th Annual International
                  Conference on Machine Learning (ICML)},
  doi =          {10.1145/1553374.1553400},
  editor =       {Danyluk, Andrea Pohoreckyj and Bottou, Léon and
                  Littman, Michael L.},
  month =        {June},
  note =         {\url{https://doi.org/10.1145/1553374.1553400}},
  pages =        {201--208},
  publisher =    {ACM},
  series =       {ACM International Conference Proceeding Series},
  title =        {Fitting a graph to vector data},
  volume =       382,
  year =         2009
}

@inproceedings{dasgupta2009tutorial,
  address =      {Montreal, Quebec, Canada},
  author =       {Dasgupta, Sanjoy and Langford, John},
  booktitle =    {Proceedings of the 26th Annual International
                  Conference on Machine Learning (ICML)},
  doi =          {10.1145/1553374.1553559},
  editor =       {Danyluk, Andrea Pohoreckyj and Bottou, Léon and
                  Littman, Michael L.},
  month =        {June},
  note =         {\url{https://doi.org/10.1145/1553374.1553559}},
  pages =        18,
  publisher =    {ACM},
  series =       {ACM International Conference Proceeding Series},
  title =        {Tutorial summary: Active learning},
  volume =       382,
  year =         2009
}

@inproceedings{davis2009deep,
  address =      {Montreal, Quebec, Canada},
  author =       {Davis, Jesse and Domingos, Pedro M.},
  booktitle =    {Proceedings of the 26th Annual International
                  Conference on Machine Learning (ICML)},
  doi =          {10.1145/1553374.1553402},
  editor =       {Danyluk, Andrea Pohoreckyj and Bottou, Léon and
                  Littman, Michael L.},
  month =        {June},
  note =         {\url{https://doi.org/10.1145/1553374.1553402}},
  pages =        {217--224},
  publisher =    {ACM},
  series =       {ACM International Conference Proceeding Series},
  title =        {Deep transfer via second-order Markov logic},
  volume =       382,
  year =         2009
}

@inproceedings{deisenroth2009analytic,
  address =      {Montreal, Quebec, Canada},
  author =       {Deisenroth, Marc Peter and Huber, Marco F. and
                  Hanebeck, Uwe D.},
  booktitle =    {Proceedings of the 26th Annual International
                  Conference on Machine Learning (ICML)},
  doi =          {10.1145/1553374.1553403},
  editor =       {Danyluk, Andrea Pohoreckyj and Bottou, Léon and
                  Littman, Michael L.},
  month =        {June},
  note =         {\url{https://doi.org/10.1145/1553374.1553403}},
  pages =        {225--232},
  publisher =    {ACM},
  series =       {ACM International Conference Proceeding Series},
  title =        {Analytic moment-based Gaussian process filtering},
  volume =       382,
  year =         2009
}

@inproceedings{dekels2009good,
  address =      {Montreal, Quebec, Canada},
  author =       {Dekel, Ofer and Shamir, Ohad},
  booktitle =    {Proceedings of the 26th Annual International
                  Conference on Machine Learning (ICML)},
  doi =          {10.1145/1553374.1553404},
  editor =       {Danyluk, Andrea Pohoreckyj and Bottou, Léon and
                  Littman, Michael L.},
  month =        {June},
  note =         {\url{https://doi.org/10.1145/1553374.1553404}},
  pages =        {233--240},
  publisher =    {ACM},
  series =       {ACM International Conference Proceeding Series},
  title =        {Good learners for evil teachers},
  volume =       382,
  year =         2009
}

@inproceedings{deodhar2009scalable,
  address =      {Montreal, Quebec, Canada},
  author =       {Deodhar, Meghana and Gupta, Gunjan and Ghosh,
                  Joydeep and Cho, Hyuk and Dhillon, Inderjit S.},
  booktitle =    {Proceedings of the 26th Annual International
                  Conference on Machine Learning (ICML)},
  doi =          {10.1145/1553374.1553405},
  editor =       {Danyluk, Andrea Pohoreckyj and Bottou, Léon and
                  Littman, Michael L.},
  month =        {June},
  note =         {\url{https://doi.org/10.1145/1553374.1553405}},
  pages =        {241--248},
  publisher =    {ACM},
  series =       {ACM International Conference Proceeding Series},
  title =        {A scalable framework for discovering coherent
                  co-clusters in noisy data},
  volume =       382,
  year =         2009
}

@inproceedings{diuk2009adaptive,
  address =      {Montreal, Quebec, Canada},
  author =       {Diuk, Carlos and Li, Lihong and Leffler, Bethany R.},
  booktitle =    {Proceedings of the 26th Annual International
                  Conference on Machine Learning (ICML)},
  doi =          {10.1145/1553374.1553406},
  editor =       {Danyluk, Andrea Pohoreckyj and Bottou, Léon and
                  Littman, Michael L.},
  month =        {June},
  note =         {\url{https://doi.org/10.1145/1553374.1553406}},
  pages =        {249--256},
  publisher =    {ACM},
  series =       {ACM International Conference Proceeding Series},
  title =        {The adaptive k-meteorologists problem and its
                  application to structure learning and feature
                  selection in reinforcement learning},
  volume =       382,
  year =         2009
}

@inproceedings{do2009large,
  address =      {Montreal, Quebec, Canada},
  author =       {Do, Trinh Minh Tri and Artières, Thierry},
  booktitle =    {Proceedings of the 26th Annual International
                  Conference on Machine Learning (ICML)},
  doi =          {10.1145/1553374.1553408},
  editor =       {Danyluk, Andrea Pohoreckyj and Bottou, Léon and
                  Littman, Michael L.},
  month =        {June},
  note =         {\url{https://doi.org/10.1145/1553374.1553408}},
  pages =        {265--272},
  publisher =    {ACM},
  series =       {ACM International Conference Proceeding Series},
  title =        {Large margin training for hidden Markov models with
                  partially observed states},
  volume =       382,
  year =         2009
}

@inproceedings{do2009proximal,
  address =      {Montreal, Quebec, Canada},
  author =       {Do, Chuong B. and Le, Quoc V. and Foo, Chuan-Sheng},
  booktitle =    {Proceedings of the 26th Annual International
                  Conference on Machine Learning (ICML)},
  doi =          {10.1145/1553374.1553407},
  editor =       {Danyluk, Andrea Pohoreckyj and Bottou, Léon and
                  Littman, Michael L.},
  month =        {June},
  note =         {\url{https://doi.org/10.1145/1553374.1553407}},
  pages =        {257--264},
  publisher =    {ACM},
  series =       {ACM International Conference Proceeding Series},
  title =        {Proximal regularization for online and batch
                  learning},
  volume =       382,
  year =         2009
}

@inproceedings{doshivelez2009accelerated,
  address =      {Montreal, Quebec, Canada},
  author =       {Doshi-Velez, Finale and Ghahramani, Zoubin},
  booktitle =    {Proceedings of the 26th Annual International
                  Conference on Machine Learning (ICML)},
  doi =          {10.1145/1553374.1553409},
  editor =       {Danyluk, Andrea Pohoreckyj and Bottou, Léon and
                  Littman, Michael L.},
  month =        {June},
  note =         {\url{https://doi.org/10.1145/1553374.1553409}},
  pages =        {273--280},
  publisher =    {ACM},
  series =       {ACM International Conference Proceeding Series},
  title =        {Accelerated sampling for the Indian Buffet Process},
  volume =       382,
  year =         2009
}

@inproceedings{doyle2009accounting,
  address =      {Montreal, Quebec, Canada},
  author =       {Doyle, Gabriel and Elkan, Charles},
  booktitle =    {Proceedings of the 26th Annual International
                  Conference on Machine Learning (ICML)},
  doi =          {10.1145/1553374.1553410},
  editor =       {Danyluk, Andrea Pohoreckyj and Bottou, Léon and
                  Littman, Michael L.},
  month =        {June},
  note =         {\url{https://doi.org/10.1145/1553374.1553410}},
  pages =        {281--288},
  publisher =    {ACM},
  series =       {ACM International Conference Proceeding Series},
  title =        {Accounting for burstiness in topic models},
  volume =       382,
  year =         2009
}

@inproceedings{drummond2009workshop,
  address =      {Montreal, Quebec, Canada},
  author =       {Drummond, Chris and Japkowicz, Nathalie and Klement,
                  William and Macskassy, Sofus A.},
  booktitle =    {Proceedings of the 26th Annual International
                  Conference on Machine Learning (ICML)},
  doi =          {10.1145/1553374.1553546},
  editor =       {Danyluk, Andrea Pohoreckyj and Bottou, Léon and
                  Littman, Michael L.},
  month =        {June},
  note =         {\url{https://doi.org/10.1145/1553374.1553546}},
  pages =        7,
  publisher =    {ACM},
  series =       {ACM International Conference Proceeding Series},
  title =        {Workshop summary: The fourth workshop on evaluation
                  methods for machine learning},
  volume =       382,
  year =         2009
}

@inproceedings{duan2009domain,
  address =      {Montreal, Quebec, Canada},
  author =       {Duan, Lixin and Tsang, Ivor W. and Xu, Dong and
                  Chua, Tat-Seng},
  booktitle =    {Proceedings of the 26th Annual International
                  Conference on Machine Learning (ICML)},
  doi =          {10.1145/1553374.1553411},
  editor =       {Danyluk, Andrea Pohoreckyj and Bottou, Léon and
                  Littman, Michael L.},
  month =        {June},
  note =         {\url{https://doi.org/10.1145/1553374.1553411}},
  pages =        {289--296},
  publisher =    {ACM},
  series =       {ACM International Conference Proceeding Series},
  title =        {Domain adaptation from multiple sources via
                  auxiliary classifiers},
  volume =       382,
  year =         2009
}

@inproceedings{duchi2009boosting,
  address =      {Montreal, Quebec, Canada},
  author =       {Duchi, John C. and Singer, Yoram},
  booktitle =    {Proceedings of the 26th Annual International
                  Conference on Machine Learning (ICML)},
  doi =          {10.1145/1553374.1553412},
  editor =       {Danyluk, Andrea Pohoreckyj and Bottou, Léon and
                  Littman, Michael L.},
  month =        {June},
  note =         {\url{https://doi.org/10.1145/1553374.1553412}},
  pages =        {297--304},
  publisher =    {ACM},
  series =       {ACM International Conference Proceeding Series},
  title =        {Boosting with structural sparsity},
  volume =       382,
  year =         2009
}

@inproceedings{eck2009workshop,
  address =      {Montreal, Quebec, Canada},
  author =       {Eck, Douglas and Ellis, Dan and Hamel, Philippe},
  booktitle =    {Proceedings of the 26th Annual International
                  Conference on Machine Learning (ICML)},
  doi =          {10.1145/1553374.1553551},
  editor =       {Danyluk, Andrea Pohoreckyj and Bottou, Léon and
                  Littman, Michael L.},
  month =        {June},
  note =         {\url{https://doi.org/10.1145/1553374.1553551}},
  pages =        11,
  publisher =    {ACM},
  series =       {ACM International Conference Proceeding Series},
  title =        {Workshop summary: Sparse methods for music audio},
  volume =       382,
  year =         2009
}

@inproceedings{evendar2009tutorial,
  address =      {Montreal, Quebec, Canada},
  author =       {Even-Dar, Eyal and Mirrokni, Vahab S.},
  booktitle =    {Proceedings of the 26th Annual International
                  Conference on Machine Learning (ICML)},
  doi =          {10.1145/1553374.1553553},
  editor =       {Danyluk, Andrea Pohoreckyj and Bottou, Léon and
                  Littman, Michael L.},
  month =        {June},
  note =         {\url{https://doi.org/10.1145/1553374.1553553}},
  pages =        13,
  publisher =    {ACM},
  series =       {ACM International Conference Proceeding Series},
  title =        {Tutorial summary: Convergence of natural dynamics to
                  equilibria},
  volume =       382,
  year =         2009
}

@inproceedings{farhangfar2009learning,
  address =      {Montreal, Quebec, Canada},
  author =       {Farhangfar, Alireza and Greiner, Russell and
                  Szepesvári, Csaba},
  booktitle =    {Proceedings of the 26th Annual International
                  Conference on Machine Learning (ICML)},
  doi =          {10.1145/1553374.1553413},
  editor =       {Danyluk, Andrea Pohoreckyj and Bottou, Léon and
                  Littman, Michael L.},
  month =        {June},
  note =         {\url{https://doi.org/10.1145/1553374.1553413}},
  pages =        {305--312},
  publisher =    {ACM},
  series =       {ACM International Conference Proceeding Series},
  title =        {Learning to segment from a few well-selected
                  training images},
  volume =       382,
  year =         2009
}

@inproceedings{flores2009gaode,
  address =      {Montreal, Quebec, Canada},
  author =       {Flores, M. Julia and Gámez, José A. and Martínez,
                  Ana M. and Puerta, José Miguel},
  booktitle =    {Proceedings of the 26th Annual International
                  Conference on Machine Learning (ICML)},
  doi =          {10.1145/1553374.1553414},
  editor =       {Danyluk, Andrea Pohoreckyj and Bottou, Léon and
                  Littman, Michael L.},
  month =        {June},
  note =         {\url{https://doi.org/10.1145/1553374.1553414}},
  pages =        {313--320},
  publisher =    {ACM},
  series =       {ACM International Conference Proceeding Series},
  title =        {GAODE and HAODE: two proposals based on AODE to deal
                  with continuous variables},
  volume =       382,
  year =         2009
}

@inproceedings{foo2009majorization,
  address =      {Montreal, Quebec, Canada},
  author =       {Foo, Chuan-Sheng and Do, Chuong B. and Ng, Andrew
                  Y.},
  booktitle =    {Proceedings of the 26th Annual International
                  Conference on Machine Learning (ICML)},
  doi =          {10.1145/1553374.1553415},
  editor =       {Danyluk, Andrea Pohoreckyj and Bottou, Léon and
                  Littman, Michael L.},
  month =        {June},
  note =         {\url{https://doi.org/10.1145/1553374.1553415}},
  pages =        {321--328},
  publisher =    {ACM},
  series =       {ACM International Conference Proceeding Series},
  title =        {A majorization-minimization algorithm for (multiple)
                  hyperparameter learning},
  volume =       382,
  year =         2009
}

@inproceedings{freund2009invited,
  address =      {Montreal, Quebec, Canada},
  author =       {Freund, Yoav},
  booktitle =    {Proceedings of the 26th Annual International
                  Conference on Machine Learning (ICML)},
  doi =          {10.1145/1553374.1553539},
  editor =       {Danyluk, Andrea Pohoreckyj and Bottou, Léon and
                  Littman, Michael L.},
  month =        {June},
  note =         {\url{https://doi.org/10.1145/1553374.1553539}},
  pages =        2,
  publisher =    {ACM},
  series =       {ACM International Conference Proceeding Series},
  title =        {Invited talk: Drifting games, boosting and online
                  learning},
  volume =       382,
  year =         2009
}

@inproceedings{fu2009dynamic,
  address =      {Montreal, Quebec, Canada},
  author =       {Fu, Wenjie and Song, Le and Xing, Eric P.},
  booktitle =    {Proceedings of the 26th Annual International
                  Conference on Machine Learning (ICML)},
  doi =          {10.1145/1553374.1553416},
  editor =       {Danyluk, Andrea Pohoreckyj and Bottou, Léon and
                  Littman, Michael L.},
  month =        {June},
  note =         {\url{https://doi.org/10.1145/1553374.1553416}},
  pages =        {329--336},
  publisher =    {ACM},
  series =       {ACM International Conference Proceeding Series},
  title =        {Dynamic mixed membership blockmodel for evolving
                  networks},
  volume =       382,
  year =         2009
}

@inproceedings{garg2009gradient,
  address =      {Montreal, Quebec, Canada},
  author =       {Garg, Rahul and Kh, Rohit and ekar, },
  booktitle =    {Proceedings of the 26th Annual International
                  Conference on Machine Learning (ICML)},
  doi =          {10.1145/1553374.1553417},
  editor =       {Danyluk, Andrea Pohoreckyj and Bottou, Léon and
                  Littman, Michael L.},
  month =        {June},
  note =         {\url{https://doi.org/10.1145/1553374.1553417}},
  pages =        {337--344},
  publisher =    {ACM},
  series =       {ACM International Conference Proceeding Series},
  title =        {Gradient descent with sparsification: an iterative
                  algorithm for sparse recovery with restricted
                  isometry property},
  volume =       382,
  year =         2009
}

@inproceedings{garnett2009sequential,
  address =      {Montreal, Quebec, Canada},
  author =       {Garnett, Roman and Osborne, Michael A. and Roberts,
                  Stephen J.},
  booktitle =    {Proceedings of the 26th Annual International
                  Conference on Machine Learning (ICML)},
  doi =          {10.1145/1553374.1553418},
  editor =       {Danyluk, Andrea Pohoreckyj and Bottou, Léon and
                  Littman, Michael L.},
  month =        {June},
  note =         {\url{https://doi.org/10.1145/1553374.1553418}},
  pages =        {345--352},
  publisher =    {ACM},
  series =       {ACM International Conference Proceeding Series},
  title =        {Sequential Bayesian prediction in the presence of
                  changepoints},
  volume =       382,
  year =         2009
}

@inproceedings{gieseke2009fast,
  address =      {Montreal, Quebec, Canada},
  author =       {Gieseke, Fabian and Pahikkala, Tapio and Kramer,
                  Oliver},
  booktitle =    {Proceedings of the 26th Annual International
                  Conference on Machine Learning (ICML)},
  doi =          {10.1145/1553374.1553421},
  editor =       {Danyluk, Andrea Pohoreckyj and Bottou, Léon and
                  Littman, Michael L.},
  month =        {June},
  note =         {\url{https://doi.org/10.1145/1553374.1553421}},
  pages =        {361--368},
  publisher =    {ACM},
  series =       {ACM International Conference Proceeding Series},
  title =        {Fast evolutionary maximum margin clustering},
  volume =       382,
  year =         2009
}

@inproceedings{gomes2009dynamic,
  address =      {Montreal, Quebec, Canada},
  author =       {Gomes, Eduardo Rodrigues and Kowalczyk, Ryszard},
  booktitle =    {Proceedings of the 26th Annual International
                  Conference on Machine Learning (ICML)},
  doi =          {10.1145/1553374.1553422},
  editor =       {Danyluk, Andrea Pohoreckyj and Bottou, Léon and
                  Littman, Michael L.},
  month =        {June},
  note =         {\url{https://doi.org/10.1145/1553374.1553422}},
  pages =        {369--376},
  publisher =    {ACM},
  series =       {ACM International Conference Proceeding Series},
  title =        {Dynamic analysis of multiagent Q-learning with
                  ϵ-greedy exploration},
  volume =       382,
  year =         2009
}

@inproceedings{guiver2009bayesian,
  address =      {Montreal, Quebec, Canada},
  author =       {Guiver, John and Snelson, Edward Lloyd},
  booktitle =    {Proceedings of the 26th Annual International
                  Conference on Machine Learning (ICML)},
  doi =          {10.1145/1553374.1553423},
  editor =       {Danyluk, Andrea Pohoreckyj and Bottou, Léon and
                  Littman, Michael L.},
  month =        {June},
  note =         {\url{https://doi.org/10.1145/1553374.1553423}},
  pages =        {377--384},
  publisher =    {ACM},
  series =       {ACM International Conference Proceeding Series},
  title =        {Bayesian inference for Plackett-Luce ranking models},
  volume =       382,
  year =         2009
}

@inproceedings{haider2009bayesian,
  address =      {Montreal, Quebec, Canada},
  author =       {Haider, Peter and Scheffer, Tobias},
  booktitle =    {Proceedings of the 26th Annual International
                  Conference on Machine Learning (ICML)},
  doi =          {10.1145/1553374.1553424},
  editor =       {Danyluk, Andrea Pohoreckyj and Bottou, Léon and
                  Littman, Michael L.},
  month =        {June},
  note =         {\url{https://doi.org/10.1145/1553374.1553424}},
  pages =        {385--392},
  publisher =    {ACM},
  series =       {ACM International Conference Proceeding Series},
  title =        {Bayesian clustering for email campaign detection},
  volume =       382,
  year =         2009
}

@inproceedings{hazan2009efficient,
  address =      {Montreal, Quebec, Canada},
  author =       {Hazan, Elad and Seshadhri, C.},
  booktitle =    {Proceedings of the 26th Annual International
                  Conference on Machine Learning (ICML)},
  doi =          {10.1145/1553374.1553425},
  editor =       {Danyluk, Andrea Pohoreckyj and Bottou, Léon and
                  Littman, Michael L.},
  month =        {June},
  note =         {\url{https://doi.org/10.1145/1553374.1553425}},
  pages =        {393--400},
  publisher =    {ACM},
  series =       {ACM International Conference Proceeding Series},
  title =        {Efficient learning algorithms for changing
                  environments},
  volume =       382,
  year =         2009
}

@inproceedings{heidrichmeisner2009hoeffding,
  address =      {Montreal, Quebec, Canada},
  author =       {Heidrich-Meisner, Verena and Igel, Christian},
  booktitle =    {Proceedings of the 26th Annual International
                  Conference on Machine Learning (ICML)},
  doi =          {10.1145/1553374.1553426},
  editor =       {Danyluk, Andrea Pohoreckyj and Bottou, Léon and
                  Littman, Michael L.},
  month =        {June},
  note =         {\url{https://doi.org/10.1145/1553374.1553426}},
  pages =        {401--408},
  publisher =    {ACM},
  series =       {ACM International Conference Proceeding Series},
  title =        {Hoeffding and Bernstein races for selecting policies
                  in evolutionary direct policy search},
  volume =       382,
  year =         2009
}

@inproceedings{helleputte2009partially,
  address =      {Montreal, Quebec, Canada},
  author =       {Helleputte, Thibault and Dupont, Pierre},
  booktitle =    {Proceedings of the 26th Annual International
                  Conference on Machine Learning (ICML)},
  doi =          {10.1145/1553374.1553427},
  editor =       {Danyluk, Andrea Pohoreckyj and Bottou, Léon and
                  Littman, Michael L.},
  month =        {June},
  note =         {\url{https://doi.org/10.1145/1553374.1553427}},
  pages =        {409--416},
  publisher =    {ACM},
  series =       {ACM International Conference Proceeding Series},
  title =        {Partially supervised feature selection with
                  regularized linear models},
  volume =       382,
  year =         2009
}

@inproceedings{hetun2009bayesian,
  address =      {Montreal, Quebec, Canada},
  author =       {Hetun, and Kamisetty, An and Langmead, Christopher
                  James},
  booktitle =    {Proceedings of the 26th Annual International
                  Conference on Machine Learning (ICML)},
  doi =          {10.1145/1553374.1553437},
  editor =       {Danyluk, Andrea Pohoreckyj and Bottou, Léon and
                  Littman, Michael L.},
  month =        {June},
  note =         {\url{https://doi.org/10.1145/1553374.1553437}},
  pages =        {481--488},
  publisher =    {ACM},
  series =       {ACM International Conference Proceeding Series},
  title =        {A Bayesian approach to protein model quality
                  assessment},
  volume =       382,
  year =         2009
}

@inproceedings{huang2009learninga,
  address =      {Montreal, Quebec, Canada},
  author =       {Huang, Junzhou and Zhang, Tong and Metaxas, Dimitris
                  N.},
  booktitle =    {Proceedings of the 26th Annual International
                  Conference on Machine Learning (ICML)},
  doi =          {10.1145/1553374.1553429},
  editor =       {Danyluk, Andrea Pohoreckyj and Bottou, Léon and
                  Littman, Michael L.},
  month =        {June},
  note =         {\url{https://doi.org/10.1145/1553374.1553429}},
  pages =        {417--424},
  publisher =    {ACM},
  series =       {ACM International Conference Proceeding Series},
  title =        {Learning with structured sparsity},
  volume =       382,
  year =         2009
}

@inproceedings{huang2009learningb,
  address =      {Montreal, Quebec, Canada},
  author =       {Huang, Tzu-Kuo and Schneider, Jeff G.},
  booktitle =    {Proceedings of the 26th Annual International
                  Conference on Machine Learning (ICML)},
  doi =          {10.1145/1553374.1553430},
  editor =       {Danyluk, Andrea Pohoreckyj and Bottou, Léon and
                  Littman, Michael L.},
  month =        {June},
  note =         {\url{https://doi.org/10.1145/1553374.1553430}},
  pages =        {425--432},
  publisher =    {ACM},
  series =       {ACM International Conference Proceeding Series},
  title =        {Learning linear dynamical systems without sequence
                  information},
  volume =       382,
  year =         2009
}

@inproceedings{iii2009unsupervised,
  address =      {Montreal, Quebec, Canada},
  author =       {Daumé III, Hal},
  booktitle =    {Proceedings of the 26th Annual International
                  Conference on Machine Learning (ICML)},
  doi =          {10.1145/1553374.1553401},
  editor =       {Danyluk, Andrea Pohoreckyj and Bottou, Léon and
                  Littman, Michael L.},
  month =        {June},
  note =         {\url{https://doi.org/10.1145/1553374.1553401}},
  pages =        {209--216},
  publisher =    {ACM},
  series =       {ACM International Conference Proceeding Series},
  title =        {Unsupervised search-based structured prediction},
  volume =       382,
  year =         2009
}

@inproceedings{jacob2009group,
  address =      {Montreal, Quebec, Canada},
  author =       {Jacob, Laurent and Obozinski, Guillaume and Vert,
                  Jean-Philippe},
  booktitle =    {Proceedings of the 26th Annual International
                  Conference on Machine Learning (ICML)},
  doi =          {10.1145/1553374.1553431},
  editor =       {Danyluk, Andrea Pohoreckyj and Bottou, Léon and
                  Littman, Michael L.},
  month =        {June},
  note =         {\url{https://doi.org/10.1145/1553374.1553431}},
  pages =        {433--440},
  publisher =    {ACM},
  series =       {ACM International Conference Proceeding Series},
  title =        {Group lasso with overlap and graph lasso},
  volume =       382,
  year =         2009
}

@inproceedings{jebara2009graph,
  address =      {Montreal, Quebec, Canada},
  author =       {Jebara, Tony and Wang, Jun and Chang, Shih-Fu},
  booktitle =    {Proceedings of the 26th Annual International
                  Conference on Machine Learning (ICML)},
  doi =          {10.1145/1553374.1553432},
  editor =       {Danyluk, Andrea Pohoreckyj and Bottou, Léon and
                  Littman, Michael L.},
  month =        {June},
  note =         {\url{https://doi.org/10.1145/1553374.1553432}},
  pages =        {441--448},
  publisher =    {ACM},
  series =       {ACM International Conference Proceeding Series},
  title =        {Graph construction and b-matching for
                  semi-supervised learning},
  volume =       382,
  year =         2009
}

@inproceedings{jetchev2009trajectory,
  address =      {Montreal, Quebec, Canada},
  author =       {Jetchev, Nikolay and Toussaint, Marc},
  booktitle =    {Proceedings of the 26th Annual International
                  Conference on Machine Learning (ICML)},
  doi =          {10.1145/1553374.1553433},
  editor =       {Danyluk, Andrea Pohoreckyj and Bottou, Léon and
                  Littman, Michael L.},
  month =        {June},
  note =         {\url{https://doi.org/10.1145/1553374.1553433}},
  pages =        {449--456},
  publisher =    {ACM},
  series =       {ACM International Conference Proceeding Series},
  title =        {Trajectory prediction: learning to map situations to
                  robot trajectories},
  volume =       382,
  year =         2009
}

@inproceedings{ji2009accelerated,
  address =      {Montreal, Quebec, Canada},
  author =       {Ji, Shuiwang and Ye, Jieping},
  booktitle =    {Proceedings of the 26th Annual International
                  Conference on Machine Learning (ICML)},
  doi =          {10.1145/1553374.1553434},
  editor =       {Danyluk, Andrea Pohoreckyj and Bottou, Léon and
                  Littman, Michael L.},
  month =        {June},
  note =         {\url{https://doi.org/10.1145/1553374.1553434}},
  pages =        {457--464},
  publisher =    {ACM},
  series =       {ACM International Conference Proceeding Series},
  title =        {An accelerated gradient method for trace norm
                  minimization},
  volume =       382,
  year =         2009
}

@inproceedings{johnson2009orbitproduct,
  address =      {Montreal, Quebec, Canada},
  author =       {Johnson, Jason K. and Chernyak, Vladimir Y. and
                  Chertkov, Michael},
  booktitle =    {Proceedings of the 26th Annual International
                  Conference on Machine Learning (ICML)},
  doi =          {10.1145/1553374.1553436},
  editor =       {Danyluk, Andrea Pohoreckyj and Bottou, Léon and
                  Littman, Michael L.},
  month =        {June},
  note =         {\url{https://doi.org/10.1145/1553374.1553436}},
  pages =        {473--480},
  publisher =    {ACM},
  series =       {ACM International Conference Proceeding Series},
  title =        {Orbit-product representation and correction of
                  Gaussian belief propagation},
  volume =       382,
  year =         2009
}

@inproceedings{karampatziakis2009learning,
  address =      {Montreal, Quebec, Canada},
  author =       {Karampatziakis, Nikolaos and Kozen, Dexter},
  booktitle =    {Proceedings of the 26th Annual International
                  Conference on Machine Learning (ICML)},
  doi =          {10.1145/1553374.1553438},
  editor =       {Danyluk, Andrea Pohoreckyj and Bottou, Léon and
                  Littman, Michael L.},
  month =        {June},
  note =         {\url{https://doi.org/10.1145/1553374.1553438}},
  pages =        {489--496},
  publisher =    {ACM},
  series =       {ACM International Conference Proceeding Series},
  title =        {Learning prediction suffix trees with Winnow},
  volume =       382,
  year =         2009
}

@inproceedings{kejl2009boosting,
  address =      {Montreal, Quebec, Canada},
  author =       {Kégl, Balázs and Busa-Fekete, Róbert},
  booktitle =    {Proceedings of the 26th Annual International
                  Conference on Machine Learning (ICML)},
  doi =          {10.1145/1553374.1553439},
  editor =       {Danyluk, Andrea Pohoreckyj and Bottou, Léon and
                  Littman, Michael L.},
  month =        {June},
  note =         {\url{https://doi.org/10.1145/1553374.1553439}},
  pages =        {497--504},
  publisher =    {ACM},
  series =       {ACM International Conference Proceeding Series},
  title =        {Boosting products of base classifiers},
  volume =       382,
  year =         2009
}

@inproceedings{kok2009learning,
  address =      {Montreal, Quebec, Canada},
  author =       {Kok, Stanley and Domingos, Pedro M.},
  booktitle =    {Proceedings of the 26th Annual International
                  Conference on Machine Learning (ICML)},
  doi =          {10.1145/1553374.1553440},
  editor =       {Danyluk, Andrea Pohoreckyj and Bottou, Léon and
                  Littman, Michael L.},
  month =        {June},
  note =         {\url{https://doi.org/10.1145/1553374.1553440}},
  pages =        {505--512},
  publisher =    {ACM},
  series =       {ACM International Conference Proceeding Series},
  title =        {Learning Markov logic network structure via
                  hypergraph lifting},
  volume =       382,
  year =         2009
}

@inproceedings{kolter2009nearbayesian,
  address =      {Montreal, Quebec, Canada},
  author =       {Kolter, J. Zico and Ng, Andrew Y.},
  booktitle =    {Proceedings of the 26th Annual International
                  Conference on Machine Learning (ICML)},
  doi =          {10.1145/1553374.1553441},
  editor =       {Danyluk, Andrea Pohoreckyj and Bottou, Léon and
                  Littman, Michael L.},
  month =        {June},
  note =         {\url{https://doi.org/10.1145/1553374.1553441}},
  pages =        {513--520},
  publisher =    {ACM},
  series =       {ACM International Conference Proceeding Series},
  title =        {Near-Bayesian exploration in polynomial time},
  volume =       382,
  year =         2009
}

@inproceedings{kolter2009regularization,
  address =      {Montreal, Quebec, Canada},
  author =       {Kolter, J. Zico and Ng, Andrew Y.},
  booktitle =    {Proceedings of the 26th Annual International
                  Conference on Machine Learning (ICML)},
  doi =          {10.1145/1553374.1553442},
  editor =       {Danyluk, Andrea Pohoreckyj and Bottou, Léon and
                  Littman, Michael L.},
  month =        {June},
  note =         {\url{https://doi.org/10.1145/1553374.1553442}},
  pages =        {521--528},
  publisher =    {ACM},
  series =       {ACM International Conference Proceeding Series},
  title =        {Regularization and feature selection in
                  least-squares temporal difference learning},
  volume =       382,
  year =         2009
}

@inproceedings{kondor2009graphlet,
  address =      {Montreal, Quebec, Canada},
  author =       {Kondor, Risi and Shervashidze, Nino and Borgwardt,
                  Karsten M.},
  booktitle =    {Proceedings of the 26th Annual International
                  Conference on Machine Learning (ICML)},
  doi =          {10.1145/1553374.1553443},
  editor =       {Danyluk, Andrea Pohoreckyj and Bottou, Léon and
                  Littman, Michael L.},
  month =        {June},
  note =         {\url{https://doi.org/10.1145/1553374.1553443}},
  pages =        {529--536},
  publisher =    {ACM},
  series =       {ACM International Conference Proceeding Series},
  title =        {The graphlet spectrum},
  volume =       382,
  year =         2009
}

@inproceedings{kotlowski2009rule,
  address =      {Montreal, Quebec, Canada},
  author =       {Kotlowski, Wojciech and Slowinski, Roman},
  booktitle =    {Proceedings of the 26th Annual International
                  Conference on Machine Learning (ICML)},
  doi =          {10.1145/1553374.1553444},
  editor =       {Danyluk, Andrea Pohoreckyj and Bottou, Léon and
                  Littman, Michael L.},
  month =        {June},
  note =         {\url{https://doi.org/10.1145/1553374.1553444}},
  pages =        {537--544},
  publisher =    {ACM},
  series =       {ACM International Conference Proceeding Series},
  title =        {Rule learning with monotonicity constraints},
  volume =       382,
  year =         2009
}

@inproceedings{kowalski2009multiple,
  address =      {Montreal, Quebec, Canada},
  author =       {Kowalski, Matthieu and Szafranski, Marie and
                  Ralaivola, Liva},
  booktitle =    {Proceedings of the 26th Annual International
                  Conference on Machine Learning (ICML)},
  doi =          {10.1145/1553374.1553445},
  editor =       {Danyluk, Andrea Pohoreckyj and Bottou, Léon and
                  Littman, Michael L.},
  month =        {June},
  note =         {\url{https://doi.org/10.1145/1553374.1553445}},
  pages =        {545--552},
  publisher =    {ACM},
  series =       {ACM International Conference Proceeding Series},
  title =        {Multiple indefinite kernel learning with mixed norm
                  regularization},
  volume =       382,
  year =         2009
}

@inproceedings{kumar2009on,
  address =      {Montreal, Quebec, Canada},
  author =       {Kumar, Sanjiv and Mohri, Mehryar and Talwalkar,
                  Ameet},
  booktitle =    {Proceedings of the 26th Annual International
                  Conference on Machine Learning (ICML)},
  doi =          {10.1145/1553374.1553446},
  editor =       {Danyluk, Andrea Pohoreckyj and Bottou, Léon and
                  Littman, Michael L.},
  month =        {June},
  note =         {\url{https://doi.org/10.1145/1553374.1553446}},
  pages =        {553--560},
  publisher =    {ACM},
  series =       {ACM International Conference Proceeding Series},
  title =        {On sampling-based approximate spectral
                  decomposition},
  volume =       382,
  year =         2009
}

@inproceedings{kunegis2009learning,
  address =      {Montreal, Quebec, Canada},
  author =       {Kunegis, Jérôme and Lommatzsch, Andreas},
  booktitle =    {Proceedings of the 26th Annual International
                  Conference on Machine Learning (ICML)},
  doi =          {10.1145/1553374.1553447},
  editor =       {Danyluk, Andrea Pohoreckyj and Bottou, Léon and
                  Littman, Michael L.},
  month =        {June},
  note =         {\url{https://doi.org/10.1145/1553374.1553447}},
  pages =        {561--568},
  publisher =    {ACM},
  series =       {ACM International Conference Proceeding Series},
  title =        {Learning spectral graph transformations for link
                  prediction},
  volume =       382,
  year =         2009
}

@inproceedings{kuzelka2009blockwise,
  address =      {Montreal, Quebec, Canada},
  author =       {Kuzelka, Ondrej and Zelezný, Filip},
  booktitle =    {Proceedings of the 26th Annual International
                  Conference on Machine Learning (ICML)},
  doi =          {10.1145/1553374.1553448},
  editor =       {Danyluk, Andrea Pohoreckyj and Bottou, Léon and
                  Littman, Michael L.},
  month =        {June},
  note =         {\url{https://doi.org/10.1145/1553374.1553448}},
  pages =        {569--576},
  publisher =    {ACM},
  series =       {ACM International Conference Proceeding Series},
  title =        {Block-wise construction of acyclic relational
                  features with monotone irreducibility and relevancy
                  properties},
  volume =       382,
  year =         2009
}

@inproceedings{lan2009generalization,
  address =      {Montreal, Quebec, Canada},
  author =       {Lan, Yanyan and Liu, Tie-Yan and Ma, Zhiming and Li,
                  Hang},
  booktitle =    {Proceedings of the 26th Annual International
                  Conference on Machine Learning (ICML)},
  doi =          {10.1145/1553374.1553449},
  editor =       {Danyluk, Andrea Pohoreckyj and Bottou, Léon and
                  Littman, Michael L.},
  month =        {June},
  note =         {\url{https://doi.org/10.1145/1553374.1553449}},
  pages =        {577--584},
  publisher =    {ACM},
  series =       {ACM International Conference Proceeding Series},
  title =        {Generalization analysis of listwise learning-to-rank
                  algorithms},
  volume =       382,
  year =         2009
}

@inproceedings{lang2009approximate,
  address =      {Montreal, Quebec, Canada},
  author =       {Lang, Tobias and Toussaint, Marc},
  booktitle =    {Proceedings of the 26th Annual International
                  Conference on Machine Learning (ICML)},
  doi =          {10.1145/1553374.1553450},
  editor =       {Danyluk, Andrea Pohoreckyj and Bottou, Léon and
                  Littman, Michael L.},
  month =        {June},
  note =         {\url{https://doi.org/10.1145/1553374.1553450}},
  pages =        {585--592},
  publisher =    {ACM},
  series =       {ACM International Conference Proceeding Series},
  title =        {Approximate inference for planning in stochastic
                  relational worlds},
  volume =       382,
  year =         2009
}

@inproceedings{langford2009learning,
  address =      {Montreal, Quebec, Canada},
  author =       {Langford, John and Salakhutdinov, Ruslan and Zhang,
                  Tong},
  booktitle =    {Proceedings of the 26th Annual International
                  Conference on Machine Learning (ICML)},
  doi =          {10.1145/1553374.1553451},
  editor =       {Danyluk, Andrea Pohoreckyj and Bottou, Léon and
                  Littman, Michael L.},
  month =        {June},
  note =         {\url{https://doi.org/10.1145/1553374.1553451}},
  pages =        {593--600},
  publisher =    {ACM},
  series =       {International Conference Proceeding Series},
  title =        {Learning nonlinear dynamic models},
  volume =       382,
  year =         2009
}

@inproceedings{lawrence2009nonlinear,
  address =      {Montreal, Quebec, Canada},
  author =       {Lawrence, Neil D. and Urtasun, Raquel},
  booktitle =    {Proceedings of the 26th Annual International
                  Conference on Machine Learning (ICML)},
  doi =          {10.1145/1553374.1553452},
  editor =       {Danyluk, Andrea Pohoreckyj and Bottou, Léon and
                  Littman, Michael L.},
  month =        {June},
  note =         {\url{https://doi.org/10.1145/1553374.1553452}},
  pages =        {601--608},
  publisher =    {ACM},
  series =       {International Conference Proceeding Series},
  title =        {Non-linear matrix factorization with Gaussian
                  processes},
  volume =       382,
  year =         2009
}

@inproceedings{lee2009convolutional,
  address =      {Montreal, Quebec, Canada},
  author =       {Lee, Honglak and Grosse, Roger B. and Ranganath,
                  Rajesh and Ng, Andrew Y.},
  booktitle =    {Proceedings of the 26th Annual International
                  Conference on Machine Learning (ICML)},
  doi =          {10.1145/1553374.1553453},
  editor =       {Danyluk, Andrea Pohoreckyj and Bottou, Léon and
                  Littman, Michael L.},
  month =        {June},
  note =         {\url{https://doi.org/10.1145/1553374.1553453}},
  pages =        {609--616},
  publisher =    {ACM},
  series =       {International Conference Proceeding Series},
  title =        {Convolutional deep belief networks for scalable
                  unsupervised learning of hierarchical
                  representations},
  volume =       382,
  year =         2009
}

@inproceedings{leskovec2009tutorial,
  address =      {Montreal, Quebec, Canada},
  author =       {Leskovec, Jure},
  booktitle =    {Proceedings of the 26th Annual International
                  Conference on Machine Learning (ICML)},
  doi =          {10.1145/1553374.1553560},
  editor =       {Danyluk, Andrea Pohoreckyj and Bottou, Léon and
                  Littman, Michael L.},
  month =        {June},
  note =         {\url{https://doi.org/10.1145/1553374.1553560}},
  pages =        19,
  publisher =    {ACM},
  series =       {ACM International Conference Proceeding Series},
  title =        {Tutorial summary: Large social and information
                  networks: opportunities for ML},
  volume =       382,
  year =         2009
}

@inproceedings{li2009abcboost,
  address =      {Montreal, Quebec, Canada},
  author =       {Li, Ping},
  booktitle =    {Proceedings of the 26th Annual International
                  Conference on Machine Learning (ICML)},
  doi =          {10.1145/1553374.1553455},
  editor =       {Danyluk, Andrea Pohoreckyj and Bottou, Léon and
                  Littman, Michael L.},
  month =        {June},
  note =         {\url{https://doi.org/10.1145/1553374.1553455}},
  pages =        {625--632},
  publisher =    {ACM},
  series =       {International Conference Proceeding Series},
  title =        {ABC-boost: adaptive base class boost for multi-class
                  classification},
  volume =       382,
  year =         2009
}

@inproceedings{li2009semisupervised,
  address =      {Montreal, Quebec, Canada},
  author =       {Li, Yufeng and Kwok, James T. and Zhou, Zhi-Hua},
  booktitle =    {Proceedings of the 26th Annual International
                  Conference on Machine Learning (ICML)},
  doi =          {10.1145/1553374.1553456},
  editor =       {Danyluk, Andrea Pohoreckyj and Bottou, Léon and
                  Littman, Michael L.},
  month =        {June},
  note =         {\url{https://doi.org/10.1145/1553374.1553456}},
  pages =        {633--640},
  publisher =    {ACM},
  series =       {International Conference Proceeding Series},
  title =        {Semi-supervised learning using label mean},
  volume =       382,
  year =         2009
}

@inproceedings{li2009transfer,
  address =      {Montreal, Quebec, Canada},
  author =       {Li, Bin and Yang, Qiang and Xue, Xiangyang},
  booktitle =    {Proceedings of the 26th Annual International
                  Conference on Machine Learning (ICML)},
  doi =          {10.1145/1553374.1553454},
  editor =       {Danyluk, Andrea Pohoreckyj and Bottou, Léon and
                  Littman, Michael L.},
  month =        {June},
  note =         {\url{https://doi.org/10.1145/1553374.1553454}},
  pages =        {617--624},
  publisher =    {ACM},
  series =       {International Conference Proceeding Series},
  title =        {Transfer learning for collaborative filtering via a
                  rating-matrix generative model},
  volume =       382,
  year =         2009
}

@inproceedings{liang2009learning,
  address =      {Montreal, Quebec, Canada},
  author =       {Liang, Percy and Jordan, Michael I. and Klein, Dan},
  booktitle =    {Proceedings of the 26th Annual International
                  Conference on Machine Learning (ICML)},
  doi =          {10.1145/1553374.1553457},
  editor =       {Danyluk, Andrea Pohoreckyj and Bottou, Léon and
                  Littman, Michael L.},
  month =        {June},
  note =         {\url{https://doi.org/10.1145/1553374.1553457}},
  pages =        {641--648},
  publisher =    {ACM},
  series =       {International Conference Proceeding Series},
  title =        {Learning from measurements in exponential families},
  volume =       382,
  year =         2009
}

@inproceedings{liu2009blockwise,
  address =      {Montreal, Quebec, Canada},
  author =       {Liu, Han and Palatucci, Mark and Zhang, Jian},
  booktitle =    {Proceedings of the 26th Annual International
                  Conference on Machine Learning (ICML)},
  doi =          {10.1145/1553374.1553458},
  editor =       {Danyluk, Andrea Pohoreckyj and Bottou, Léon and
                  Littman, Michael L.},
  month =        {June},
  note =         {\url{https://doi.org/10.1145/1553374.1553458}},
  pages =        {649--656},
  publisher =    {ACM},
  series =       {International Conference Proceeding Series},
  title =        {Blockwise coordinate descent procedures for the
                  multi-task lasso, with applications to neural
                  semantic basis discovery},
  volume =       382,
  year =         2009
}

@inproceedings{liu2009efficient,
  address =      {Montreal, Quebec, Canada},
  author =       {Liu, Jun and Ye, Jieping},
  booktitle =    {Proceedings of the 26th Annual International
                  Conference on Machine Learning (ICML)},
  doi =          {10.1145/1553374.1553459},
  editor =       {Danyluk, Andrea Pohoreckyj and Bottou, Léon and
                  Littman, Michael L.},
  month =        {June},
  note =         {\url{https://doi.org/10.1145/1553374.1553459}},
  pages =        {657--664},
  publisher =    {ACM},
  series =       {International Conference Proceeding Series},
  title =        {Efficient Euclidean projections in linear time},
  volume =       382,
  year =         2009
}

@inproceedings{liu2009topiclink,
  address =      {Montreal, Quebec, Canada},
  author =       {Liu, Yan and Alex and Niculescu-Mizil, Radu and
                  Gryc, Wojciech},
  booktitle =    {Proceedings of the 26th Annual International
                  Conference on Machine Learning (ICML)},
  doi =          {10.1145/1553374.1553460},
  editor =       {Danyluk, Andrea Pohoreckyj and Bottou, Léon and
                  Littman, Michael L.},
  month =        {June},
  note =         {\url{https://doi.org/10.1145/1553374.1553460}},
  pages =        {665--672},
  publisher =    {ACM},
  series =       {International Conference Proceeding Series},
  title =        {Topic-link LDA: joint models of topic and author
                  community},
  volume =       382,
  year =         2009
}

@inproceedings{lu2009geometryaware,
  address =      {Montreal, Quebec, Canada},
  author =       {Lu, Zhengdong and Jain, Prateek and Dhillon,
                  Inderjit S.},
  booktitle =    {Proceedings of the 26th Annual International
                  Conference on Machine Learning (ICML)},
  doi =          {10.1145/1553374.1553461},
  editor =       {Danyluk, Andrea Pohoreckyj and Bottou, Léon and
                  Littman, Michael L.},
  month =        {June},
  note =         {\url{https://doi.org/10.1145/1553374.1553461}},
  pages =        {673--680},
  publisher =    {ACM},
  series =       {International Conference Proceeding Series},
  title =        {Geometry-aware metric learning},
  volume =       382,
  year =         2009
}

@inproceedings{ma2009identifying,
  address =      {Montreal, Quebec, Canada},
  author =       {Ma, Justin and Saul, Lawrence K. and Savage, Stefan
                  and Voelker, Geoffrey M.},
  booktitle =    {Proceedings of the 26th Annual International
                  Conference on Machine Learning (ICML)},
  doi =          {10.1145/1553374.1553462},
  editor =       {Danyluk, Andrea Pohoreckyj and Bottou, Léon and
                  Littman, Michael L.},
  month =        {June},
  note =         {\url{https://doi.org/10.1145/1553374.1553462}},
  pages =        {681--688},
  publisher =    {ACM},
  series =       {International Conference Proceeding Series},
  title =        {Identifying suspicious URLs: an application of
                  large-scale online learning},
  volume =       382,
  year =         2009
}

@inproceedings{mairal2009online,
  address =      {Montreal, Quebec, Canada},
  author =       {Mairal, Julien and Bach, Francis R. and Ponce, Jean
                  and Sapiro, Guillermo},
  booktitle =    {Proceedings of the 26th Annual International
                  Conference on Machine Learning (ICML)},
  doi =          {10.1145/1553374.1553463},
  editor =       {Danyluk, Andrea Pohoreckyj and Bottou, Léon and
                  Littman, Michael L.},
  month =        {June},
  note =         {\url{https://doi.org/10.1145/1553374.1553463}},
  pages =        {689--696},
  publisher =    {ACM},
  series =       {International Conference Proceeding Series},
  title =        {Online dictionary learning for sparse coding},
  volume =       382,
  year =         2009
}

@inproceedings{makino2009protorepresentative,
  address =      {Montreal, Quebec, Canada},
  author =       {Makino, Takaki},
  booktitle =    {Proceedings of the 26th Annual International
                  Conference on Machine Learning (ICML)},
  doi =          {10.1145/1553374.1553464},
  editor =       {Danyluk, Andrea Pohoreckyj and Bottou, Léon and
                  Littman, Michael L.},
  month =        {June},
  note =         {\url{https://doi.org/10.1145/1553374.1553464}},
  pages =        {697--704},
  publisher =    {ACM},
  series =       {International Conference Proceeding Series},
  title =        {Proto-predictive representation of states with
                  simple recurrent temporal-difference networks},
  volume =       382,
  year =         2009
}

@inproceedings{marlin2009sparse,
  address =      {Montreal, Quebec, Canada},
  author =       {Marlin, Benjamin M. and Murphy, Kevin P.},
  booktitle =    {Proceedings of the 26th Annual International
                  Conference on Machine Learning (ICML)},
  doi =          {10.1145/1553374.1553465},
  editor =       {Danyluk, Andrea Pohoreckyj and Bottou, Léon and
                  Littman, Michael L.},
  month =        {June},
  note =         {\url{https://doi.org/10.1145/1553374.1553465}},
  pages =        {705--712},
  publisher =    {ACM},
  series =       {International Conference Proceeding Series},
  title =        {Sparse Gaussian graphical models with unknown block
                  structure},
  volume =       382,
  year =         2009
}

@inproceedings{martins2009polyhedral,
  address =      {Montreal, Quebec, Canada},
  author =       {Martins, André F. T. and Smith, Noah A. and Xing,
                  Eric P.},
  booktitle =    {Proceedings of the 26th Annual International
                  Conference on Machine Learning (ICML)},
  doi =          {10.1145/1553374.1553466},
  editor =       {Danyluk, Andrea Pohoreckyj and Bottou, Léon and
                  Littman, Michael L.},
  month =        {June},
  note =         {\url{https://doi.org/10.1145/1553374.1553466}},
  pages =        {713--720},
  publisher =    {ACM},
  series =       {International Conference Proceeding Series},
  title =        {Polyhedral outer approximations with application to
                  natural language parsing},
  volume =       382,
  year =         2009
}

@inproceedings{mcfee2009partial,
  address =      {Montreal, Quebec, Canada},
  author =       {McFee, Brian and Lanckriet, Gert R. G.},
  booktitle =    {Proceedings of the 26th Annual International
                  Conference on Machine Learning (ICML)},
  doi =          {10.1145/1553374.1553467},
  editor =       {Danyluk, Andrea Pohoreckyj and Bottou, Léon and
                  Littman, Michael L.},
  month =        {June},
  note =         {\url{https://doi.org/10.1145/1553374.1553467}},
  pages =        {721--728},
  publisher =    {ACM},
  series =       {International Conference Proceeding Series},
  title =        {Partial order embedding with multiple kernels},
  volume =       382,
  year =         2009
}

@inproceedings{mesmay2009banditbased,
  address =      {Montreal, Quebec, Canada},
  author =       {Mesmay, Frédéric de and Rimmel, Arpad and Voronenko,
                  Yevgen and Püschel, Markus},
  booktitle =    {Proceedings of the 26th Annual International
                  Conference on Machine Learning (ICML)},
  doi =          {10.1145/1553374.1553468},
  editor =       {Danyluk, Andrea Pohoreckyj and Bottou, Léon and
                  Littman, Michael L.},
  month =        {June},
  note =         {\url{https://doi.org/10.1145/1553374.1553468}},
  pages =        {729--736},
  publisher =    {ACM},
  series =       {International Conference Proceeding Series},
  title =        {Bandit-based optimization on graphs with application
                  to library performance tuning},
  volume =       382,
  year =         2009
}

@inproceedings{mobahi2009deep,
  address =      {Montreal, Quebec, Canada},
  author =       {Mobahi, Hossein and Collobert, Ronan and Weston,
                  Jason},
  booktitle =    {Proceedings of the 26th Annual International
                  Conference on Machine Learning (ICML)},
  doi =          {10.1145/1553374.1553469},
  editor =       {Danyluk, Andrea Pohoreckyj and Bottou, Léon and
                  Littman, Michael L.},
  month =        {June},
  note =         {\url{https://doi.org/10.1145/1553374.1553469}},
  pages =        {737--744},
  publisher =    {ACM},
  series =       {International Conference Proceeding Series},
  title =        {Deep learning from temporal coherence in video},
  volume =       382,
  year =         2009
}

@inproceedings{mooij2009regression,
  address =      {Montreal, Quebec, Canada},
  author =       {Mooij, Joris M. and Janzing, Dominik and Peters,
                  Jonas and Schölkopf, Bernhard},
  booktitle =    {Proceedings of the 26th Annual International
                  Conference on Machine Learning (ICML)},
  doi =          {10.1145/1553374.1553470},
  editor =       {Danyluk, Andrea Pohoreckyj and Bottou, Léon and
                  Littman, Michael L.},
  month =        {June},
  note =         {\url{https://doi.org/10.1145/1553374.1553470}},
  pages =        {745--752},
  publisher =    {ACM},
  series =       {International Conference Proceeding Series},
  title =        {Regression by dependence minimization and its
                  application to causal inference in additive noise
                  models},
  volume =       382,
  year =         2009
}

@inproceedings{murphy2009workshop,
  address =      {Montreal, Quebec, Canada},
  author =       {Murphy, Robert F. and Hsu, Chun-Nan and Nanni,
                  Loris},
  booktitle =    {Proceedings of the 26th Annual International
                  Conference on Machine Learning (ICML)},
  doi =          {10.1145/1553374.1553542},
  editor =       {Danyluk, Andrea Pohoreckyj and Bottou, Léon and
                  Littman, Michael L.},
  month =        {June},
  note =         {\url{https://doi.org/10.1145/1553374.1553542}},
  pages =        4,
  publisher =    {ACM},
  series =       {ACM International Conference Proceeding Series},
  title =        {Workshop summary: Automated interpretation and
                  modelling of cell images},
  volume =       382,
  year =         2009
}

@inproceedings{neumann2009learning,
  address =      {Montreal, Quebec, Canada},
  author =       {Neumann, Gerhard and Maass, Wolfgang and Peters,
                  Jan},
  booktitle =    {Proceedings of the 26th Annual International
                  Conference on Machine Learning (ICML)},
  doi =          {10.1145/1553374.1553471},
  editor =       {Danyluk, Andrea Pohoreckyj and Bottou, Léon and
                  Littman, Michael L.},
  month =        {June},
  note =         {\url{https://doi.org/10.1145/1553374.1553471}},
  pages =        {753--760},
  publisher =    {ACM},
  series =       {International Conference Proceeding Series},
  title =        {Learning complex motions by sequencing simpler
                  motion templates},
  volume =       382,
  year =         2009
}

@inproceedings{nguyen2009information,
  address =      {Montreal, Quebec, Canada},
  author =       {Nguyen, Xuan Vinh and Epps, Julien and Bailey,
                  James},
  booktitle =    {Proceedings of the 26th Annual International
                  Conference on Machine Learning (ICML)},
  doi =          {10.1145/1553374.1553511},
  editor =       {Danyluk, Andrea Pohoreckyj and Bottou, Léon and
                  Littman, Michael L.},
  month =        {June},
  note =         {\url{https://doi.org/10.1145/1553374.1553511}},
  pages =        {1073--1080},
  publisher =    {ACM},
  series =       {ACM International Conference Proceeding Series},
  title =        {Information theoretic measures for clusterings
                  comparison: is a correction for chance necessary?},
  volume =       382,
  year =         2009
}

@inproceedings{nickisch2009convex,
  address =      {Montreal, Quebec, Canada},
  author =       {Nickisch, Hannes and Seeger, Matthias W.},
  booktitle =    {Proceedings of the 26th Annual International
                  Conference on Machine Learning (ICML)},
  doi =          {10.1145/1553374.1553472},
  editor =       {Danyluk, Andrea Pohoreckyj and Bottou, Léon and
                  Littman, Michael L.},
  month =        {June},
  note =         {\url{https://doi.org/10.1145/1553374.1553472}},
  pages =        {761--768},
  publisher =    {ACM},
  series =       {International Conference Proceeding Series},
  title =        {Convex variational Bayesian inference for large
                  scale generalized linear models},
  volume =       382,
  year =         2009
}

@inproceedings{niv2009tutorial,
  address =      {Montreal, Quebec, Canada},
  author =       {Niv, Yael},
  booktitle =    {Proceedings of the 26th Annual International
                  Conference on Machine Learning (ICML)},
  doi =          {10.1145/1553374.1553557},
  editor =       {Danyluk, Andrea Pohoreckyj and Bottou, Léon and
                  Littman, Michael L.},
  month =        {June},
  note =         {\url{https://doi.org/10.1145/1553374.1553557}},
  pages =        16,
  publisher =    {ACM},
  series =       {ACM International Conference Proceeding Series},
  title =        {Tutorial summary: The neuroscience of reinforcement
                  learning},
  volume =       382,
  year =         2009
}

@inproceedings{nowozin2009solution,
  address =      {Montreal, Quebec, Canada},
  author =       {Nowozin, Sebastian and Jegelka, Stefanie},
  booktitle =    {Proceedings of the 26th Annual International
                  Conference on Machine Learning (ICML)},
  doi =          {10.1145/1553374.1553473},
  editor =       {Danyluk, Andrea Pohoreckyj and Bottou, Léon and
                  Littman, Michael L.},
  month =        {June},
  note =         {\url{https://doi.org/10.1145/1553374.1553473}},
  pages =        {769--776},
  publisher =    {ACM},
  series =       {International Conference Proceeding Series},
  title =        {Solution stability in linear programming
                  relaxations: graph partitioning and unsupervised
                  learning},
  volume =       382,
  year =         2009
}

@inproceedings{paisley2009nonparametric,
  address =      {Montreal, Quebec, Canada},
  author =       {Paisley, John W. and Carin, Lawrence},
  booktitle =    {Proceedings of the 26th Annual International
                  Conference on Machine Learning (ICML)},
  doi =          {10.1145/1553374.1553474},
  editor =       {Danyluk, Andrea Pohoreckyj and Bottou, Léon and
                  Littman, Michael L.},
  month =        {June},
  note =         {\url{https://doi.org/10.1145/1553374.1553474}},
  pages =        {777--784},
  publisher =    {ACM},
  series =       {International Conference Proceeding Series},
  title =        {Nonparametric factor analysis with beta process
                  priors},
  volume =       382,
  year =         2009
}

@inproceedings{pan2009unsupervised,
  address =      {Montreal, Quebec, Canada},
  author =       {Pan, Wei and Torresani, Lorenzo},
  booktitle =    {Proceedings of the 26th Annual International
                  Conference on Machine Learning (ICML)},
  doi =          {10.1145/1553374.1553475},
  editor =       {Danyluk, Andrea Pohoreckyj and Bottou, Léon and
                  Littman, Michael L.},
  month =        {June},
  note =         {\url{https://doi.org/10.1145/1553374.1553475}},
  pages =        {785--792},
  publisher =    {ACM},
  series =       {International Conference Proceeding Series},
  title =        {Unsupervised hierarchical modeling of locomotion
                  styles},
  volume =       382,
  year =         2009
}

@inproceedings{pazis2009binary,
  address =      {Montreal, Quebec, Canada},
  author =       {Pazis, Jason and Lagoudakis, Michail G.},
  booktitle =    {Proceedings of the 26th Annual International
                  Conference on Machine Learning (ICML)},
  doi =          {10.1145/1553374.1553476},
  editor =       {Danyluk, Andrea Pohoreckyj and Bottou, Léon and
                  Littman, Michael L.},
  month =        {June},
  note =         {\url{https://doi.org/10.1145/1553374.1553476}},
  pages =        {793--800},
  publisher =    {ACM},
  series =       {International Conference Proceeding Series},
  title =        {Binary action search for learning continuous-action
                  control policies},
  volume =       382,
  year =         2009
}

@inproceedings{peters2009detecting,
  address =      {Montreal, Quebec, Canada},
  author =       {Peters, Jonas and Janzing, Dominik and Gretton,
                  Arthur and Schölkopf, Bernhard},
  booktitle =    {Proceedings of the 26th Annual International
                  Conference on Machine Learning (ICML)},
  doi =          {10.1145/1553374.1553477},
  editor =       {Danyluk, Andrea Pohoreckyj and Bottou, Léon and
                  Littman, Michael L.},
  month =        {June},
  note =         {\url{https://doi.org/10.1145/1553374.1553477}},
  pages =        {801--808},
  publisher =    {ACM},
  series =       {International Conference Proceeding Series},
  title =        {Detecting the direction of causal time series},
  volume =       382,
  year =         2009
}

@inproceedings{petrik2009constraint,
  address =      {Montreal, Quebec, Canada},
  author =       {Petrik, Marek and Zilberstein, Shlomo},
  booktitle =    {Proceedings of the 26th Annual International
                  Conference on Machine Learning (ICML)},
  doi =          {10.1145/1553374.1553478},
  editor =       {Danyluk, Andrea Pohoreckyj and Bottou, Léon and
                  Littman, Michael L.},
  month =        {June},
  note =         {\url{https://doi.org/10.1145/1553374.1553478}},
  pages =        {809--816},
  publisher =    {ACM},
  series =       {International Conference Proceeding Series},
  title =        {Constraint relaxation in approximate linear
                  programs},
  volume =       382,
  year =         2009
}

@inproceedings{plath2009multiclass,
  address =      {Montreal, Quebec, Canada},
  author =       {Plath, Nils and Toussaint, Marc and Nakajima,
                  Shinichi},
  booktitle =    {Proceedings of the 26th Annual International
                  Conference on Machine Learning (ICML)},
  doi =          {10.1145/1553374.1553479},
  editor =       {Danyluk, Andrea Pohoreckyj and Bottou, Léon and
                  Littman, Michael L.},
  month =        {June},
  note =         {\url{https://doi.org/10.1145/1553374.1553479}},
  pages =        {817--824},
  publisher =    {ACM},
  series =       {International Conference Proceeding Series},
  title =        {Multi-class image segmentation using conditional
                  random fields and global classification},
  volume =       382,
  year =         2009
}

@inproceedings{putthividhya2009independent,
  address =      {Montreal, Quebec, Canada},
  author =       {Putthividhya, Duangmanee and Attias, Hagai Thomas
                  and Nagarajan, Srikantan S.},
  booktitle =    {Proceedings of the 26th Annual International
                  Conference on Machine Learning (ICML)},
  doi =          {10.1145/1553374.1553481},
  editor =       {Danyluk, Andrea Pohoreckyj and Bottou, Léon and
                  Littman, Michael L.},
  month =        {June},
  note =         {\url{https://doi.org/10.1145/1553374.1553481}},
  pages =        {833--840},
  publisher =    {ACM},
  series =       {International Conference Proceeding Series},
  title =        {Independent factor topic models},
  volume =       382,
  year =         2009
}

@inproceedings{póczos2009learning,
  address =      {Montreal, Quebec, Canada},
  author =       {Póczos, Barnabás and Abbasi-Yadkori, Yasin and
                  Szepesvári, Csaba and Greiner, Russell and
                  Sturtevant, Nathan R.},
  booktitle =    {Proceedings of the 26th Annual International
                  Conference on Machine Learning (ICML)},
  doi =          {10.1145/1553374.1553480},
  editor =       {Danyluk, Andrea Pohoreckyj and Bottou, Léon and
                  Littman, Michael L.},
  month =        {June},
  note =         {\url{https://doi.org/10.1145/1553374.1553480}},
  pages =        {825--832},
  publisher =    {ACM},
  series =       {International Conference Proceeding Series},
  title =        {Learning when to stop thinking and do something!},
  volume =       382,
  year =         2009
}

@inproceedings{qi2009efficient,
  address =      {Montreal, Quebec, Canada},
  author =       {Qi, Guo-Jun and Tang, Jinhui and Zha, Zheng-Jun and
                  Chua, Tat-Seng and Zhang, Hong-Jiang},
  booktitle =    {Proceedings of the 26th Annual International
                  Conference on Machine Learning (ICML)},
  doi =          {10.1145/1553374.1553482},
  editor =       {Danyluk, Andrea Pohoreckyj and Bottou, Léon and
                  Littman, Michael L.},
  month =        {June},
  note =         {\url{https://doi.org/10.1145/1553374.1553482}},
  pages =        {841--848},
  publisher =    {ACM},
  series =       {International Conference Proceeding Series},
  title =        {An efficient sparse metric learning in
                  high-dimensional space via l1-penalized
                  log-determinant regularization},
  volume =       382,
  year =         2009
}

@inproceedings{qian2009sparse,
  address =      {Montreal, Quebec, Canada},
  author =       {Qian, Xian and Jiang, Xiaoqian and Zhang, Qi and
                  Huang, Xuanjing and Wu, Lide},
  booktitle =    {Proceedings of the 26th Annual International
                  Conference on Machine Learning (ICML)},
  doi =          {10.1145/1553374.1553483},
  editor =       {Danyluk, Andrea Pohoreckyj and Bottou, Léon and
                  Littman, Michael L.},
  month =        {June},
  note =         {\url{https://doi.org/10.1145/1553374.1553483}},
  pages =        {849--856},
  publisher =    {ACM},
  series =       {International Conference Proceeding Series},
  title =        {Sparse higher order conditional random fields for
                  improved sequence labeling},
  volume =       382,
  year =         2009
}

@inproceedings{quattoni2009efficient,
  address =      {Montreal, Quebec, Canada},
  author =       {Quattoni, Ariadna and Carreras, Xavier and Collins,
                  Michael and Darrell, Trevor},
  booktitle =    {Proceedings of the 26th Annual International
                  Conference on Machine Learning (ICML)},
  doi =          {10.1145/1553374.1553484},
  editor =       {Danyluk, Andrea Pohoreckyj and Bottou, Léon and
                  Littman, Michael L.},
  month =        {June},
  note =         {\url{https://doi.org/10.1145/1553374.1553484}},
  pages =        {857--864},
  publisher =    {ACM},
  series =       {International Conference Proceeding Series},
  title =        {An efficient projection for l1, l∞ regularization},
  volume =       382,
  year =         2009
}

@inproceedings{radovanovic2009nearest,
  address =      {Montreal, Quebec, Canada},
  author =       {Radovanovic, Milos and Alex and Nanopoulos, Ros and
                  Ivanovic, Mirjana},
  booktitle =    {Proceedings of the 26th Annual International
                  Conference on Machine Learning (ICML)},
  doi =          {10.1145/1553374.1553485},
  editor =       {Danyluk, Andrea Pohoreckyj and Bottou, Léon and
                  Littman, Michael L.},
  month =        {June},
  note =         {\url{https://doi.org/10.1145/1553374.1553485}},
  pages =        {865--872},
  publisher =    {ACM},
  series =       {International Conference Proceeding Series},
  title =        {Nearest neighbors in high-dimensional data: the
                  emergence and influence of hubs},
  volume =       382,
  year =         2009
}

@inproceedings{raina2009largescale,
  address =      {Montreal, Quebec, Canada},
  author =       {Raina, Rajat and An, and Madhavan, and Ng, Andrew
                  Y.},
  booktitle =    {Proceedings of the 26th Annual International
                  Conference on Machine Learning (ICML)},
  doi =          {10.1145/1553374.1553486},
  editor =       {Danyluk, Andrea Pohoreckyj and Bottou, Léon and
                  Littman, Michael L.},
  month =        {June},
  note =         {\url{https://doi.org/10.1145/1553374.1553486}},
  pages =        {873--880},
  publisher =    {ACM},
  series =       {ACM International Conference Proceeding Series},
  title =        {Large-scale deep unsupervised learning using
                  graphics processors},
  volume =       382,
  year =         2009
}

@inproceedings{raman2009bayesian,
  address =      {Montreal, Quebec, Canada},
  author =       {Raman, Sudhir and Fuchs, Thomas J. and Wild, Peter
                  J. and Dahl, Edgar and Roth, Volker},
  booktitle =    {Proceedings of the 26th Annual International
                  Conference on Machine Learning (ICML)},
  doi =          {10.1145/1553374.1553487},
  editor =       {Danyluk, Andrea Pohoreckyj and Bottou, Léon and
                  Littman, Michael L.},
  month =        {June},
  note =         {\url{https://doi.org/10.1145/1553374.1553487}},
  pages =        {881--888},
  publisher =    {ACM},
  series =       {ACM International Conference Proceeding Series},
  title =        {The Bayesian group-Lasso for analyzing contingency
                  tables},
  volume =       382,
  year =         2009
}

@inproceedings{raykar2009supervised,
  address =      {Montreal, Quebec, Canada},
  author =       {Raykar, Vikas C. and Yu, Shipeng and Zhao, Linda
                  H. and Jerebko, Anna K. and Florin, Charles and
                  Valadez, Gerardo Hermosillo and Bogoni, Luca and
                  Moy, Linda},
  booktitle =    {Proceedings of the 26th Annual International
                  Conference on Machine Learning (ICML)},
  doi =          {10.1145/1553374.1553488},
  editor =       {Danyluk, Andrea Pohoreckyj and Bottou, Léon and
                  Littman, Michael L.},
  month =        {June},
  note =         {\url{https://doi.org/10.1145/1553374.1553488}},
  pages =        {889--896},
  publisher =    {ACM},
  series =       {ACM International Conference Proceeding Series},
  title =        {Supervised learning from multiple experts: whom to
                  trust when everyone lies a bit},
  volume =       382,
  year =         2009
}

@inproceedings{reid2009surrogate,
  address =      {Montreal, Quebec, Canada},
  author =       {Reid, Mark D. and Williamson, Robert C.},
  booktitle =    {Proceedings of the 26th Annual International
                  Conference on Machine Learning (ICML)},
  doi =          {10.1145/1553374.1553489},
  editor =       {Danyluk, Andrea Pohoreckyj and Bottou, Léon and
                  Littman, Michael L.},
  month =        {June},
  note =         {\url{https://doi.org/10.1145/1553374.1553489}},
  pages =        {897--904},
  publisher =    {ACM},
  series =       {ACM International Conference Proceeding Series},
  title =        {Surrogate regret bounds for proper losses},
  volume =       382,
  year =         2009
}

@inproceedings{roy2009learning,
  address =      {Montreal, Quebec, Canada},
  author =       {Roy, Sushmita and Lane, Terran and Werner-Washburne,
                  Margaret},
  booktitle =    {Proceedings of the 26th Annual International
                  Conference on Machine Learning (ICML)},
  doi =          {10.1145/1553374.1553490},
  editor =       {Danyluk, Andrea Pohoreckyj and Bottou, Léon and
                  Littman, Michael L.},
  month =        {June},
  note =         {\url{https://doi.org/10.1145/1553374.1553490}},
  pages =        {905--912},
  publisher =    {ACM},
  series =       {ACM International Conference Proceeding Series},
  title =        {Learning structurally consistent undirected
                  probabilistic graphical models},
  volume =       382,
  year =         2009
}

@inproceedings{rupping2009ranking,
  address =      {Montreal, Quebec, Canada},
  author =       {Rüping, Stefan},
  booktitle =    {Proceedings of the 26th Annual International
                  Conference on Machine Learning (ICML)},
  doi =          {10.1145/1553374.1553491},
  editor =       {Danyluk, Andrea Pohoreckyj and Bottou, Léon and
                  Littman, Michael L.},
  month =        {June},
  note =         {\url{https://doi.org/10.1145/1553374.1553491}},
  pages =        {913--920},
  publisher =    {ACM},
  series =       {ACM International Conference Proceeding Series},
  title =        {Ranking interesting subgroups},
  volume =       382,
  year =         2009
}

@inproceedings{schmidt2009function,
  address =      {Montreal, Quebec, Canada},
  author =       {Schmidt, Mikkel N.},
  booktitle =    {Proceedings of the 26th Annual International
                  Conference on Machine Learning (ICML)},
  doi =          {10.1145/1553374.1553492},
  editor =       {Danyluk, Andrea Pohoreckyj and Bottou, Léon and
                  Littman, Michael L.},
  month =        {June},
  note =         {\url{https://doi.org/10.1145/1553374.1553492}},
  pages =        {921--928},
  publisher =    {ACM},
  series =       {ACM International Conference Proceeding Series},
  title =        {Function factorization using warped Gaussian
                  processes},
  volume =       382,
  year =         2009
}

@inproceedings{seeger2009workshop,
  address =      {Montreal, Quebec, Canada},
  author =       {Seeger, Matthias W. and Sra, Suvrit and Cunningham,
                  John P.},
  booktitle =    {Proceedings of the 26th Annual International
                  Conference on Machine Learning (ICML)},
  doi =          {10.1145/1553374.1553548},
  editor =       {Danyluk, Andrea Pohoreckyj and Bottou, Léon and
                  Littman, Michael L.},
  month =        {June},
  note =         {\url{https://doi.org/10.1145/1553374.1553548}},
  pages =        9,
  publisher =    {ACM},
  series =       {ACM International Conference Proceeding Series},
  title =        {Workshop summary: Numerical mathematics in machine
                  learning},
  volume =       382,
  year =         2009
}

@inproceedings{shalevshwartz2009stochastic,
  address =      {Montreal, Quebec, Canada},
  author =       {Shalev-Shwartz, Shai and Tewari, Ambuj},
  booktitle =    {Proceedings of the 26th Annual International
                  Conference on Machine Learning (ICML)},
  doi =          {10.1145/1553374.1553493},
  editor =       {Danyluk, Andrea Pohoreckyj and Bottou, Léon and
                  Littman, Michael L.},
  month =        {June},
  note =         {\url{https://doi.org/10.1145/1553374.1553493}},
  pages =        {929--936},
  publisher =    {ACM},
  series =       {ACM International Conference Proceeding Series},
  title =        {Stochastic methods for l_ regularized loss
                  minimization},
  volume =       382,
  year =         2009
}

@inproceedings{shaw2009structure,
  address =      {Montreal, Quebec, Canada},
  author =       {Shaw, Blake and Jebara, Tony},
  booktitle =    {Proceedings of the 26th Annual International
                  Conference on Machine Learning (ICML)},
  doi =          {10.1145/1553374.1553494},
  editor =       {Danyluk, Andrea Pohoreckyj and Bottou, Léon and
                  Littman, Michael L.},
  month =        {June},
  note =         {\url{https://doi.org/10.1145/1553374.1553494}},
  pages =        {937--944},
  publisher =    {ACM},
  series =       {ACM International Conference Proceeding Series},
  title =        {Structure preserving embedding},
  volume =       382,
  year =         2009
}

@inproceedings{silver2009montecarlo,
  address =      {Montreal, Quebec, Canada},
  author =       {Silver, David and Tesauro, Gerald},
  booktitle =    {Proceedings of the 26th Annual International
                  Conference on Machine Learning (ICML)},
  doi =          {10.1145/1553374.1553495},
  editor =       {Danyluk, Andrea Pohoreckyj and Bottou, Léon and
                  Littman, Michael L.},
  month =        {June},
  note =         {\url{https://doi.org/10.1145/1553374.1553495}},
  pages =        {945--952},
  publisher =    {ACM},
  series =       {ACM International Conference Proceeding Series},
  title =        {Monte-Carlo simulation balancing},
  volume =       382,
  year =         2009
}

@inproceedings{simsek2009workshop,
  address =      {Montreal, Quebec, Canada},
  author =       {Simsek, Özgeür},
  booktitle =    {Proceedings of the 26th Annual International
                  Conference on Machine Learning (ICML)},
  doi =          {10.1145/1553374.1553550},
  editor =       {Danyluk, Andrea Pohoreckyj and Bottou, Léon and
                  Littman, Michael L.},
  month =        {June},
  note =         {\url{https://doi.org/10.1145/1553374.1553550}},
  pages =        10,
  publisher =    {ACM},
  series =       {ACM International Conference Proceeding Series},
  title =        {Workshop summary: Abstraction in reinforcement
                  learning},
  volume =       382,
  year =         2009
}

@inproceedings{sindhwani2009uncertainty,
  address =      {Montreal, Quebec, Canada},
  author =       {Sindhwani, Vikas and Melville, Prem and Lawrence,
                  Richard D.},
  booktitle =    {Proceedings of the 26th Annual International
                  Conference on Machine Learning (ICML)},
  doi =          {10.1145/1553374.1553496},
  editor =       {Danyluk, Andrea Pohoreckyj and Bottou, Léon and
                  Littman, Michael L.},
  month =        {June},
  note =         {\url{https://doi.org/10.1145/1553374.1553496}},
  pages =        {953--960},
  publisher =    {ACM},
  series =       {ACM International Conference Proceeding Series},
  title =        {Uncertainty sampling and transductive experimental
                  design for active dual supervision},
  volume =       382,
  year =         2009
}

@inproceedings{smith2009tutorial,
  address =      {Montreal, Quebec, Canada},
  author =       {Smith, Noah A.},
  booktitle =    {Proceedings of the 26th Annual International
                  Conference on Machine Learning (ICML)},
  doi =          {10.1145/1553374.1553561},
  editor =       {Danyluk, Andrea Pohoreckyj and Bottou, Léon and
                  Littman, Michael L.},
  month =        {June},
  note =         {\url{https://doi.org/10.1145/1553374.1553561}},
  pages =        20,
  publisher =    {ACM},
  series =       {ACM International Conference Proceeding Series},
  title =        {Tutorial summary: Structured prediction for natural
                  language processing},
  volume =       382,
  year =         2009
}

@inproceedings{song2009hilbert,
  address =      {Montreal, Quebec, Canada},
  author =       {Song, Le and Huang, Jonathan and Alex, and Smola, er
                  J. and Fukumizu, Kenji},
  booktitle =    {Proceedings of the 26th Annual International
                  Conference on Machine Learning (ICML)},
  doi =          {10.1145/1553374.1553497},
  editor =       {Danyluk, Andrea Pohoreckyj and Bottou, Léon and
                  Littman, Michael L.},
  month =        {June},
  note =         {\url{https://doi.org/10.1145/1553374.1553497}},
  pages =        {961--968},
  publisher =    {ACM},
  series =       {ACM International Conference Proceeding Series},
  title =        {Hilbert space embeddings of conditional
                  distributions with applications to dynamical
                  systems},
  volume =       382,
  year =         2009
}

@inproceedings{streich2009multiassignment,
  address =      {Montreal, Quebec, Canada},
  author =       {Streich, Andreas P. and Frank, Mario and Basin,
                  David A. and Buhmann, Joachim M.},
  booktitle =    {Proceedings of the 26th Annual International
                  Conference on Machine Learning (ICML)},
  doi =          {10.1145/1553374.1553498},
  editor =       {Danyluk, Andrea Pohoreckyj and Bottou, Léon and
                  Littman, Michael L.},
  month =        {June},
  note =         {\url{https://doi.org/10.1145/1553374.1553498}},
  pages =        {969--976},
  publisher =    {ACM},
  series =       {ACM International Conference Proceeding Series},
  title =        {Multi-assignment clustering for Boolean data},
  volume =       382,
  year =         2009
}

@inproceedings{sun2009least,
  address =      {Montreal, Quebec, Canada},
  author =       {Sun, Liang and Ji, Shuiwang and Ye, Jieping},
  booktitle =    {Proceedings of the 26th Annual International
                  Conference on Machine Learning (ICML)},
  doi =          {10.1145/1553374.1553499},
  editor =       {Danyluk, Andrea Pohoreckyj and Bottou, Léon and
                  Littman, Michael L.},
  month =        {June},
  note =         {\url{https://doi.org/10.1145/1553374.1553499}},
  pages =        {977--984},
  publisher =    {ACM},
  series =       {ACM International Conference Proceeding Series},
  title =        {A least squares formulation for a class of
                  generalized eigenvalue problems in machine learning},
  volume =       382,
  year =         2009
}

@inproceedings{sun2009stochastic,
  address =      {Montreal, Quebec, Canada},
  author =       {Sun, Yi and Wierstra, Daan and Schaul, Tom and
                  Schmidhuber, Jürgen},
  booktitle =    {Proceedings of the 26th Annual International
                  Conference on Machine Learning (ICML)},
  doi =          {10.1145/1553374.1553522},
  editor =       {Danyluk, Andrea Pohoreckyj and Bottou, Léon and
                  Littman, Michael L.},
  month =        {June},
  note =         {\url{https://doi.org/10.1145/1553374.1553522}},
  pages =        {1161--1168},
  publisher =    {ACM},
  series =       {ACM International Conference Proceeding Series},
  title =        {Stochastic search using the natural gradient},
  volume =       382,
  year =         2009
}

@inproceedings{sutskever2009simpler,
  address =      {Montreal, Quebec, Canada},
  author =       {Sutskever, Ilya},
  booktitle =    {Proceedings of the 26th Annual International
                  Conference on Machine Learning (ICML)},
  doi =          {10.1145/1553374.1553500},
  editor =       {Danyluk, Andrea Pohoreckyj and Bottou, Léon and
                  Littman, Michael L.},
  month =        {June},
  note =         {\url{https://doi.org/10.1145/1553374.1553500}},
  pages =        {985--992},
  publisher =    {ACM},
  series =       {ACM International Conference Proceeding Series},
  title =        {A simpler unified analysis of budget perceptrons},
  volume =       382,
  year =         2009
}

@inproceedings{sutton2009fast,
  address =      {Montreal, Quebec, Canada},
  author =       {Sutton, Richard S. and Maei, Hamid Reza and Precup,
                  Doina and Bhatnagar, Shalabh and Silver, David and
                  Szepesvári, Csaba and Wiewiora, Eric},
  booktitle =    {Proceedings of the 26th Annual International
                  Conference on Machine Learning (ICML)},
  doi =          {10.1145/1553374.1553501},
  editor =       {Danyluk, Andrea Pohoreckyj and Bottou, Léon and
                  Littman, Michael L.},
  month =        {June},
  note =         {\url{https://doi.org/10.1145/1553374.1553501}},
  pages =        {993--1000},
  publisher =    {ACM},
  series =       {ACM International Conference Proceeding Series},
  title =        {Fast gradient-descent methods for
                  temporal-difference learning with linear function
                  approximation},
  volume =       382,
  year =         2009
}

@inproceedings{szita2009optimistic,
  address =      {Montreal, Quebec, Canada},
  author =       {Szita, Istvan and Lörincz, András},
  booktitle =    {Proceedings of the 26th Annual International
                  Conference on Machine Learning (ICML)},
  doi =          {10.1145/1553374.1553502},
  editor =       {Danyluk, Andrea Pohoreckyj and Bottou, Léon and
                  Littman, Michael L.},
  month =        {June},
  note =         {\url{https://doi.org/10.1145/1553374.1553502}},
  pages =        {1001--1008},
  publisher =    {ACM},
  series =       {ACM International Conference Proceeding Series},
  title =        {Optimistic initialization and greediness lead to
                  polynomial time learning in factored MDPs},
  volume =       382,
  year =         2009
}

@inproceedings{szlam2009discriminative,
  address =      {Montreal, Quebec, Canada},
  author =       {Szlam, Arthur and Sapiro, Guillermo},
  booktitle =    {Proceedings of the 26th Annual International
                  Conference on Machine Learning (ICML)},
  doi =          {10.1145/1553374.1553503},
  editor =       {Danyluk, Andrea Pohoreckyj and Bottou, Léon and
                  Littman, Michael L.},
  month =        {June},
  note =         {\url{https://doi.org/10.1145/1553374.1553503}},
  pages =        {1009--1016},
  publisher =    {ACM},
  series =       {ACM International Conference Proceeding Series},
  title =        {Discriminative k-metrics},
  volume =       382,
  year =         2009
}

@inproceedings{taylor2009factored,
  address =      {Montreal, Quebec, Canada},
  author =       {Taylor, Graham W. and Hinton, Geoffrey E.},
  booktitle =    {Proceedings of the 26th Annual International
                  Conference on Machine Learning (ICML)},
  doi =          {10.1145/1553374.1553505},
  editor =       {Danyluk, Andrea Pohoreckyj and Bottou, Léon and
                  Littman, Michael L.},
  month =        {June},
  note =         {\url{https://doi.org/10.1145/1553374.1553505}},
  pages =        {1025--1032},
  publisher =    {ACM},
  series =       {ACM International Conference Proceeding Series},
  title =        {Factored conditional restricted Boltzmann Machines
                  for modeling motion style},
  volume =       382,
  year =         2009
}

@inproceedings{taylor2009kernelized,
  address =      {Montreal, Quebec, Canada},
  author =       {Taylor, Gavin and Parr, Ronald},
  booktitle =    {Proceedings of the 26th Annual International
                  Conference on Machine Learning (ICML)},
  doi =          {10.1145/1553374.1553504},
  editor =       {Danyluk, Andrea Pohoreckyj and Bottou, Léon and
                  Littman, Michael L.},
  month =        {June},
  note =         {\url{https://doi.org/10.1145/1553374.1553504}},
  pages =        {1017--1024},
  publisher =    {ACM},
  series =       {ACM International Conference Proceeding Series},
  title =        {Kernelized value function approximation for
                  reinforcement learning},
  volume =       382,
  year =         2009
}

@inproceedings{tieleman2009using,
  address =      {Montreal, Quebec, Canada},
  author =       {Tieleman, Tijmen and Hinton, Geoffrey E.},
  booktitle =    {Proceedings of the 26th Annual International
                  Conference on Machine Learning (ICML)},
  doi =          {10.1145/1553374.1553506},
  editor =       {Danyluk, Andrea Pohoreckyj and Bottou, Léon and
                  Littman, Michael L.},
  month =        {June},
  note =         {\url{https://doi.org/10.1145/1553374.1553506}},
  pages =        {1033--1040},
  publisher =    {ACM},
  series =       {ACM International Conference Proceeding Series},
  title =        {Using fast weights to improve persistent contrastive
                  divergence},
  volume =       382,
  year =         2009
}

@inproceedings{tillman2009structure,
  address =      {Montreal, Quebec, Canada},
  author =       {Tillman, Robert E.},
  booktitle =    {Proceedings of the 26th Annual International
                  Conference on Machine Learning (ICML)},
  doi =          {10.1145/1553374.1553507},
  editor =       {Danyluk, Andrea Pohoreckyj and Bottou, Léon and
                  Littman, Michael L.},
  month =        {June},
  note =         {\url{https://doi.org/10.1145/1553374.1553507}},
  pages =        {1041--1048},
  publisher =    {ACM},
  series =       {ACM International Conference Proceeding Series},
  title =        {Structure learning with independent non-identically
                  distributed data},
  volume =       382,
  year =         2009
}

@inproceedings{toussaint2009robot,
  address =      {Montreal, Quebec, Canada},
  author =       {Toussaint, Marc},
  booktitle =    {Proceedings of the 26th Annual International
                  Conference on Machine Learning (ICML)},
  doi =          {10.1145/1553374.1553508},
  editor =       {Danyluk, Andrea Pohoreckyj and Bottou, Léon and
                  Littman, Michael L.},
  month =        {June},
  note =         {\url{https://doi.org/10.1145/1553374.1553508}},
  pages =        {1049--1056},
  publisher =    {ACM},
  series =       {ACM International Conference Proceeding Series},
  title =        {Robot trajectory optimization using approximate
                  inference},
  volume =       382,
  year =         2009
}

@inproceedings{tresp2009tutorial,
  address =      {Montreal, Quebec, Canada},
  author =       {Tresp, Volker and Yu, Kai},
  booktitle =    {Proceedings of the 26th Annual International
                  Conference on Machine Learning (ICML)},
  doi =          {10.1145/1553374.1553554},
  editor =       {Danyluk, Andrea Pohoreckyj and Bottou, Léon and
                  Littman, Michael L.},
  month =        {June},
  note =         {\url{https://doi.org/10.1145/1553374.1553554}},
  pages =        14,
  publisher =    {ACM},
  series =       {ACM International Conference Proceeding Series},
  title =        {Tutorial summary: Learning with dependencies between
                  several response variables},
  volume =       382,
  year =         2009
}

@inproceedings{usunier2009ranking,
  address =      {Montreal, Quebec, Canada},
  author =       {Usunier, Nicolas and Buffoni, David and Gallinari,
                  Patrick},
  booktitle =    {Proceedings of the 26th Annual International
                  Conference on Machine Learning (ICML)},
  doi =          {10.1145/1553374.1553509},
  editor =       {Danyluk, Andrea Pohoreckyj and Bottou, Léon and
                  Littman, Michael L.},
  month =        {June},
  note =         {\url{https://doi.org/10.1145/1553374.1553509}},
  pages =        {1057--1064},
  publisher =    {ACM},
  series =       {ACM International Conference Proceeding Series},
  title =        {Ranking with ordered weighted pairwise
                  classification},
  volume =       382,
  year =         2009
}

@inproceedings{varma2009more,
  address =      {Montreal, Quebec, Canada},
  author =       {Varma, Manik and Babu, Bodla Rakesh},
  booktitle =    {Proceedings of the 26th Annual International
                  Conference on Machine Learning (ICML)},
  doi =          {10.1145/1553374.1553510},
  editor =       {Danyluk, Andrea Pohoreckyj and Bottou, Léon and
                  Littman, Michael L.},
  month =        {June},
  note =         {\url{https://doi.org/10.1145/1553374.1553510}},
  pages =        {1065--1072},
  publisher =    {ACM},
  series =       {ACM International Conference Proceeding Series},
  title =        {More generality in efficient multiple kernel
                  learning},
  volume =       382,
  year =         2009
}

@inproceedings{vlassis2009modelfree,
  address =      {Montreal, Quebec, Canada},
  author =       {Vlassis, Nikos and Toussaint, Marc},
  booktitle =    {Proceedings of the 26th Annual International
                  Conference on Machine Learning (ICML)},
  doi =          {10.1145/1553374.1553512},
  editor =       {Danyluk, Andrea Pohoreckyj and Bottou, Léon and
                  Littman, Michael L.},
  month =        {June},
  note =         {\url{https://doi.org/10.1145/1553374.1553512}},
  pages =        {1081--1088},
  publisher =    {ACM},
  series =       {ACM International Conference Proceeding Series},
  title =        {Model-free reinforcement learning as mixture
                  learning},
  volume =       382,
  year =         2009
}

@inproceedings{volkovs2009boltzrank,
  address =      {Montreal, Quebec, Canada},
  author =       {Volkovs, Maksims and Zemel, Richard S.},
  booktitle =    {Proceedings of the 26th Annual International
                  Conference on Machine Learning (ICML)},
  doi =          {10.1145/1553374.1553513},
  editor =       {Danyluk, Andrea Pohoreckyj and Bottou, Léon and
                  Littman, Michael L.},
  month =        {June},
  note =         {\url{https://doi.org/10.1145/1553374.1553513}},
  pages =        {1089--1096},
  publisher =    {ACM},
  series =       {ACM International Conference Proceeding Series},
  title =        {BoltzRank: learning to maximize expected ranking
                  gain},
  volume =       382,
  year =         2009
}

@inproceedings{wagstaff2009kmeans,
  address =      {Montreal, Quebec, Canada},
  author =       {Wagstaff, Kiri L. and Bornstein, Benjamin J.},
  booktitle =    {Proceedings of the 26th Annual International
                  Conference on Machine Learning (ICML)},
  doi =          {10.1145/1553374.1553514},
  editor =       {Danyluk, Andrea Pohoreckyj and Bottou, Léon and
                  Littman, Michael L.},
  month =        {June},
  note =         {\url{https://doi.org/10.1145/1553374.1553514}},
  pages =        {1097--1104},
  publisher =    {ACM},
  series =       {ACM International Conference Proceeding Series},
  title =        {K-means in space: a radiation sensitivity
                  evaluation},
  volume =       382,
  year =         2009
}

@inproceedings{wallach2009evaluation,
  address =      {Montreal, Quebec, Canada},
  author =       {Wallach, Hanna M. and Murray, Iain and
                  Salakhutdinov, Ruslan and Mimno, David M.},
  booktitle =    {Proceedings of the 26th Annual International
                  Conference on Machine Learning (ICML)},
  doi =          {10.1145/1553374.1553515},
  editor =       {Danyluk, Andrea Pohoreckyj and Bottou, Léon and
                  Littman, Michael L.},
  month =        {June},
  note =         {\url{https://doi.org/10.1145/1553374.1553515}},
  pages =        {1105--1112},
  publisher =    {ACM},
  series =       {ACM International Conference Proceeding Series},
  title =        {Evaluation methods for topic models},
  volume =       382,
  year =         2009
}

@inproceedings{warmuth2009tutorial,
  address =      {Montreal, Quebec, Canada},
  author =       {Warmuth, Manfred K. and Vishwanathan, S. V. N.},
  booktitle =    {Proceedings of the 26th Annual International
                  Conference on Machine Learning (ICML)},
  doi =          {10.1145/1553374.1553555},
  editor =       {Danyluk, Andrea Pohoreckyj and Bottou, Léon and
                  Littman, Michael L.},
  month =        {June},
  note =         {\url{https://doi.org/10.1145/1553374.1553555}},
  pages =        15,
  publisher =    {ACM},
  series =       {ACM International Conference Proceeding Series},
  title =        {Tutorial summary: Survey of boosting from an
                  optimization perspective},
  volume =       382,
  year =         2009
}

@inproceedings{weinberger2009feature,
  address =      {Montreal, Quebec, Canada},
  author =       {Weinberger, Kilian Q. and Dasgupta, Anirban and
                  Langford, John and Alex, and Smola, er J. and
                  Attenberg, Josh},
  booktitle =    {Proceedings of the 26th Annual International
                  Conference on Machine Learning (ICML)},
  doi =          {10.1145/1553374.1553516},
  editor =       {Danyluk, Andrea Pohoreckyj and Bottou, Léon and
                  Littman, Michael L.},
  month =        {June},
  note =         {\url{https://doi.org/10.1145/1553374.1553516}},
  pages =        {1113--1120},
  publisher =    {ACM},
  series =       {ACM International Conference Proceeding Series},
  title =        {Feature hashing for large scale multitask learning},
  volume =       382,
  year =         2009
}

@inproceedings{welling2009herding,
  address =      {Montreal, Quebec, Canada},
  author =       {Welling, Max},
  booktitle =    {Proceedings of the 26th Annual International
                  Conference on Machine Learning (ICML)},
  doi =          {10.1145/1553374.1553517},
  editor =       {Danyluk, Andrea Pohoreckyj and Bottou, Léon and
                  Littman, Michael L.},
  month =        {June},
  note =         {\url{https://doi.org/10.1145/1553374.1553517}},
  pages =        {1121--1128},
  publisher =    {ACM},
  series =       {ACM International Conference Proceeding Series},
  title =        {Herding dynamical weights to learn},
  volume =       382,
  year =         2009
}

@inproceedings{wingate2009workshop,
  address =      {Montreal, Quebec, Canada},
  author =       {Wingate, David and Diuk, Carlos and Li, Lihong and
                  Taylor, Matthew and Frank, Jordan},
  booktitle =    {Proceedings of the 26th Annual International
                  Conference on Machine Learning (ICML)},
  doi =          {10.1145/1553374.1553544},
  editor =       {Danyluk, Andrea Pohoreckyj and Bottou, Léon and
                  Littman, Michael L.},
  month =        {June},
  note =         {\url{https://doi.org/10.1145/1553374.1553544}},
  pages =        6,
  publisher =    {ACM},
  series =       {ACM International Conference Proceeding Series},
  title =        {Workshop summary: Results of the 2009 reinforcement
                  learning competition},
  volume =       382,
  year =         2009
}

@inproceedings{wood2009stochastic,
  address =      {Montreal, Quebec, Canada},
  author =       {Wood, Frank D. and Archambeau, Cédric and Gasthaus,
                  Jan and James, Lancelot and Teh, Yee Whye},
  booktitle =    {Proceedings of the 26th Annual International
                  Conference on Machine Learning (ICML)},
  doi =          {10.1145/1553374.1553518},
  editor =       {Danyluk, Andrea Pohoreckyj and Bottou, Léon and
                  Littman, Michael L.},
  month =        {June},
  note =         {\url{https://doi.org/10.1145/1553374.1553518}},
  pages =        {1129--1136},
  publisher =    {ACM},
  series =       {ACM International Conference Proceeding Series},
  title =        {A stochastic memoizer for sequence data},
  volume =       382,
  year =         2009
}

@inproceedings{xu2009nonmonotonic,
  address =      {Montreal, Quebec, Canada},
  author =       {Xu, Zenglin and Jin, Rong and Ye, Jieping and Lyu,
                  Michael R. and King, Irwin},
  booktitle =    {Proceedings of the 26th Annual International
                  Conference on Machine Learning (ICML)},
  doi =          {10.1145/1553374.1553520},
  editor =       {Danyluk, Andrea Pohoreckyj and Bottou, Léon and
                  Littman, Michael L.},
  month =        {June},
  note =         {\url{https://doi.org/10.1145/1553374.1553520}},
  pages =        {1145--1152},
  publisher =    {ACM},
  series =       {ACM International Conference Proceeding Series},
  title =        {Non-monotonic feature selection},
  volume =       382,
  year =         2009
}

@inproceedings{xu2009optimal,
  address =      {Montreal, Quebec, Canada},
  author =       {Xu, Linli and White, Martha and Schuurmans, Dale},
  booktitle =    {Proceedings of the 26th Annual International
                  Conference on Machine Learning (ICML)},
  doi =          {10.1145/1553374.1553519},
  editor =       {Danyluk, Andrea Pohoreckyj and Bottou, Léon and
                  Littman, Michael L.},
  month =        {June},
  note =         {\url{https://doi.org/10.1145/1553374.1553519}},
  pages =        {1137--1144},
  publisher =    {ACM},
  series =       {ACM International Conference Proceeding Series},
  title =        {Optimal reverse prediction: a unified perspective on
                  supervised, unsupervised and semi-supervised
                  learning},
  volume =       382,
  year =         2009
}

@inproceedings{yang2009online,
  address =      {Montreal, Quebec, Canada},
  author =       {Yang, Liu and Jin, Rong and Ye, Jieping},
  booktitle =    {Proceedings of the 26th Annual International
                  Conference on Machine Learning (ICML)},
  doi =          {10.1145/1553374.1553521},
  editor =       {Danyluk, Andrea Pohoreckyj and Bottou, Léon and
                  Littman, Michael L.},
  month =        {June},
  note =         {\url{https://doi.org/10.1145/1553374.1553521}},
  pages =        {1153--1160},
  publisher =    {ACM},
  series =       {ACM International Conference Proceeding Series},
  title =        {Online learning by ellipsoid method},
  volume =       382,
  year =         2009
}

@inproceedings{yu2009large,
  address =      {Montreal, Quebec, Canada},
  author =       {Yu, Kai and Lafferty, John D. and Zhu, Shenghuo and
                  Gong, Yihong},
  booktitle =    {Proceedings of the 26th Annual International
                  Conference on Machine Learning (ICML)},
  doi =          {10.1145/1553374.1553525},
  editor =       {Danyluk, Andrea Pohoreckyj and Bottou, Léon and
                  Littman, Michael L.},
  month =        {June},
  note =         {\url{https://doi.org/10.1145/1553374.1553525}},
  pages =        {1185--1192},
  publisher =    {ACM},
  series =       {ACM International Conference Proceeding Series},
  title =        {Large-scale collaborative prediction using a
                  nonparametric random effects model},
  volume =       382,
  year =         2009
}

@inproceedings{yu2009learning,
  address =      {Montreal, Quebec, Canada},
  author =       {Yu, Chun-Nam John and Joachims, Thorsten},
  booktitle =    {Proceedings of the 26th Annual International
                  Conference on Machine Learning (ICML)},
  doi =          {10.1145/1553374.1553533},
  editor =       {Danyluk, Andrea Pohoreckyj and Bottou, Léon and
                  Littman, Michael L.},
  month =        {June},
  note =         {\url{https://doi.org/10.1145/1553374.1553533}},
  pages =        {1169--1176},
  publisher =    {ACM},
  series =       {ACM International Conference Proceeding Series},
  title =        {Learning structural SVMs with latent variables},
  volume =       382,
  year =         2009
}

@inproceedings{yu2009piecewise,
  address =      {Montreal, Quebec, Canada},
  author =       {Yu, Jia Yuan and Mannor, Shie},
  booktitle =    {Proceedings of the 26th Annual International
                  Conference on Machine Learning (ICML)},
  doi =          {10.1145/1553374.1553524},
  editor =       {Danyluk, Andrea Pohoreckyj and Bottou, Léon and
                  Littman, Michael L.},
  month =        {June},
  note =         {\url{https://doi.org/10.1145/1553374.1553524}},
  pages =        {1177--1184},
  publisher =    {ACM},
  series =       {ACM International Conference Proceeding Series},
  title =        {Piecewise-stationary bandit problems with side
                  observations},
  volume =       382,
  year =         2009
}

@inproceedings{yu2009workshop,
  address =      {Montreal, Quebec, Canada},
  author =       {Yu, Kai and Salakhutdinov, Ruslan and LeCun, Yann
                  and Hinton, Geoffrey E. and Bengio, Yoshua},
  booktitle =    {Proceedings of the 26th Annual International
                  Conference on Machine Learning (ICML)},
  doi =          {10.1145/1553374.1553543},
  editor =       {Danyluk, Andrea Pohoreckyj and Bottou, Léon and
                  Littman, Michael L.},
  month =        {June},
  note =         {\url{https://doi.org/10.1145/1553374.1553543}},
  pages =        5,
  publisher =    {ACM},
  series =       {ACM International Conference Proceeding Series},
  title =        {Workshop summary: Workshop on learning feature
                  hierarchies},
  volume =       382,
  year =         2009
}

@inproceedings{yuan2009robust,
  address =      {Montreal, Quebec, Canada},
  author =       {Yuan, Xiaotong and Hu, Bao-Gang},
  booktitle =    {Proceedings of the 26th Annual International
                  Conference on Machine Learning (ICML)},
  doi =          {10.1145/1553374.1553526},
  editor =       {Danyluk, Andrea Pohoreckyj and Bottou, Léon and
                  Littman, Michael L.},
  month =        {June},
  note =         {\url{https://doi.org/10.1145/1553374.1553526}},
  pages =        {1193--1200},
  publisher =    {ACM},
  series =       {ACM International Conference Proceeding Series},
  title =        {Robust feature extraction via information theoretic
                  learning},
  volume =       382,
  year =         2009
}

@inproceedings{yue2009interactively,
  address =      {Montreal, Quebec, Canada},
  author =       {Yue, Yisong and Joachims, Thorsten},
  booktitle =    {Proceedings of the 26th Annual International
                  Conference on Machine Learning (ICML)},
  doi =          {10.1145/1553374.1553527},
  editor =       {Danyluk, Andrea Pohoreckyj and Bottou, Léon and
                  Littman, Michael L.},
  month =        {June},
  note =         {\url{https://doi.org/10.1145/1553374.1553527}},
  pages =        {1201--1208},
  publisher =    {ACM},
  series =       {ACM International Conference Proceeding Series},
  title =        {Interactively optimizing information retrieval
                  systems as a dueling bandits problem},
  volume =       382,
  year =         2009
}

@inproceedings{yuille2009compositional,
  address =      {Montreal, Quebec, Canada},
  author =       {Yuille, Alan L. and Zheng, Songfeng},
  booktitle =    {Proceedings of the 26th Annual International
                  Conference on Machine Learning (ICML)},
  doi =          {10.1145/1553374.1553528},
  editor =       {Danyluk, Andrea Pohoreckyj and Bottou, Léon and
                  Littman, Michael L.},
  month =        {June},
  note =         {\url{https://doi.org/10.1145/1553374.1553528}},
  pages =        {1209--1216},
  publisher =    {ACM},
  series =       {ACM International Conference Proceeding Series},
  title =        {Compositional noisy-logical learning},
  volume =       382,
  year =         2009
}

@inproceedings{zang2009discovering,
  address =      {Montreal, Quebec, Canada},
  author =       {Zang, Peng and Zhou, Peng and Minnen, David and
                  Isbell Jr., Charles Lee},
  booktitle =    {Proceedings of the 26th Annual International
                  Conference on Machine Learning (ICML)},
  doi =          {10.1145/1553374.1553529},
  editor =       {Danyluk, Andrea Pohoreckyj and Bottou, Léon and
                  Littman, Michael L.},
  month =        {June},
  note =         {\url{https://doi.org/10.1145/1553374.1553529}},
  pages =        {1217--1224},
  publisher =    {ACM},
  series =       {ACM International Conference Proceeding Series},
  title =        {Discovering options from example trajectories},
  volume =       382,
  year =         2009
}

@inproceedings{zhan2009learning,
  address =      {Montreal, Quebec, Canada},
  author =       {Zhan, De-Chuan and Li, Ming and Li, Yufeng and Zhou,
                  Zhi-Hua},
  booktitle =    {Proceedings of the 26th Annual International
                  Conference on Machine Learning (ICML)},
  doi =          {10.1145/1553374.1553530},
  editor =       {Danyluk, Andrea Pohoreckyj and Bottou, Léon and
                  Littman, Michael L.},
  month =        {June},
  note =         {\url{https://doi.org/10.1145/1553374.1553530}},
  pages =        {1225--1232},
  publisher =    {ACM},
  series =       {ACM International Conference Proceeding Series},
  title =        {Learning instance specific distances using metric
                  propagation},
  volume =       382,
  year =         2009
}

@inproceedings{zhang2009learning,
  address =      {Montreal, Quebec, Canada},
  author =       {Zhang, Wei and Surve, Akshat and Fern, Xiaoli Z. and
                  Dietterich, Thomas G.},
  booktitle =    {Proceedings of the 26th Annual International
                  Conference on Machine Learning (ICML)},
  doi =          {10.1145/1553374.1553533},
  editor =       {Danyluk, Andrea Pohoreckyj and Bottou, Léon and
                  Littman, Michael L.},
  month =        {June},
  note =         {\url{https://doi.org/10.1145/1553374.1553533}},
  pages =        {1241--1248},
  publisher =    {ACM},
  series =       {ACM International Conference Proceeding Series},
  title =        {Learning non-redundant codebooks for classifying
                  complex objects},
  volume =       382,
  year =         2009
}

@inproceedings{zhang2009prototype,
  address =      {Montreal, Quebec, Canada},
  author =       {Zhang, Kai and Kwok, James T. and Parvin, Bahram},
  booktitle =    {Proceedings of the 26th Annual International
                  Conference on Machine Learning (ICML)},
  doi =          {10.1145/1553374.1553531},
  editor =       {Danyluk, Andrea Pohoreckyj and Bottou, Léon and
                  Littman, Michael L.},
  month =        {June},
  note =         {\url{https://doi.org/10.1145/1553374.1553531}},
  pages =        {1233--1240},
  publisher =    {ACM},
  series =       {ACM International Conference Proceeding Series},
  title =        {Prototype vector machine for large scale
                  semi-supervised learning},
  volume =       382,
  year =         2009
}

@inproceedings{zhou2009multi,
  address =      {Montreal, Quebec, Canada},
  author =       {Zhou, Zhi-Hua and Sun, Yu-Yin and Li, Yufeng},
  booktitle =    {Proceedings of the 26th Annual International
                  Conference on Machine Learning (ICML)},
  doi =          {10.1145/1553374.1553534},
  editor =       {Danyluk, Andrea Pohoreckyj and Bottou, Léon and
                  Littman, Michael L.},
  month =        {June},
  note =         {\url{https://doi.org/10.1145/1553374.1553534}},
  pages =        {1249--1256},
  publisher =    {ACM},
  series =       {ACM International Conference Proceeding Series},
  title =        {Multi-instance learning by treating instances as
                  non-I.I.D. samples},
  volume =       382,
  year =         2009
}

@inproceedings{zhu2009medlda,
  address =      {Montreal, Quebec, Canada},
  author =       {Zhu, Jun and Ahmed, Amr and Xing, Eric P.},
  booktitle =    {Proceedings of the 26th Annual International
                  Conference on Machine Learning (ICML)},
  doi =          {10.1145/1553374.1553535},
  editor =       {Danyluk, Andrea Pohoreckyj and Bottou, Léon and
                  Littman, Michael L.},
  month =        {June},
  note =         {\url{https://doi.org/10.1145/1553374.1553535}},
  pages =        {1257--1264},
  publisher =    {ACM},
  series =       {ACM International Conference Proceeding Series},
  title =        {MedLDA: maximum margin supervised topic models for
                  regression and classification},
  volume =       382,
  year =         2009
}

@inproceedings{zhu2009on,
  address =      {Montreal, Quebec, Canada},
  author =       {Zhu, Jun and Xing, Eric P.},
  booktitle =    {Proceedings of the 26th Annual International
                  Conference on Machine Learning (ICML)},
  doi =          {10.1145/1553374.1553536},
  editor =       {Danyluk, Andrea Pohoreckyj and Bottou, Léon and
                  Littman, Michael L.},
  month =        {June},
  note =         {\url{https://doi.org/10.1145/1553374.1553536}},
  pages =        {1265--1272},
  publisher =    {ACM},
  series =       {ACM International Conference Proceeding Series},
  title =        {On primal and dual sparsity of Markov networks},
  volume =       382,
  year =         2009
}

@inproceedings{zhuang2009simplenpkl,
  address =      {Montreal, Quebec, Canada},
  author =       {Zhuang, Jinfeng and Tsang, Ivor W. and Hoi, Steven
                  C. H.},
  booktitle =    {Proceedings of the 26th Annual International
                  Conference on Machine Learning (ICML)},
  doi =          {10.1145/1553374.1553537},
  editor =       {Danyluk, Andrea Pohoreckyj and Bottou, Léon and
                  Littman, Michael L.},
  month =        {June},
  note =         {\url{https://doi.org/10.1145/1553374.1553537}},
  pages =        {1273--1280},
  publisher =    {ACM},
  series =       {ACM International Conference Proceeding Series},
  title =        {SimpleNPKL: simple non-parametric kernel learning},
  volume =       382,
  year =         2009
}
