@inproceedings{aleks2010learning,
  address = {Haifa, Israel},
  author = {Slivkins, Aleksandrs and Radlinski, Filip and Gollapudi, Sreenivas},
  booktitle = {Proceedings of the 27th International Conference on Machine Learning (ICML)},
  editor = {Furnkranz, Johannes and Joachims, Thorsten},
  month = {June},
  note = {\url{https://icml.cc/Conferences/2010/papers/446.pdf}},
  openalex = {W2165092157},
  pages = {983--990},
  publisher = {Omnipress},
  title = {Learning optimally diverse rankings over large document collections},
  year = {2010}
}

@inproceedings{aless2010analysis,
  address = {Haifa, Israel},
  author = {Lazaric, Alessandro and Ghavamzadeh, Mohammad and Munos, Rémi},
  booktitle = {Proceedings of the 27th International Conference on Machine Learning (ICML)},
  editor = {Fü rnkranz, Johannes and Joachims, Thorsten},
  month = {June},
  note = {\url{\url{https://icml.cc/Conferences/2010/papers/303.pdf}}},
  openalex = {W2165060096},
  pages = {607--614},
  publisher = {Omnipress},
  title = {Analysis of a Classification-based Policy Iteration Algorithm},
  year = {2010}
}

@inproceedings{aless2010bayesian,
  address = {Haifa, Israel},
  author = {Lazaric, Alessandro and Ghavamzadeh, Mohammad},
  booktitle = {Proceedings of the 27th International Conference on Machine Learning (ICML)},
  editor = {Fü rnkranz, Johannes and Joachims, Thorsten},
  month = {June},
  note = {\url{\url{https://icml.cc/Conferences/2010/papers/269.pdf}}},
  openalex = {W2134197408},
  pages = {599--606},
  publisher = {Omnipress},
  title = {Bayesian Multi-Task Reinforcement Learning},
  year = {2010}
}

@inproceedings{aless2010finitesample,
  address = {Haifa, Israel},
  author = {Lazaric, Alessandro and Ghavamzadeh, Mohammad and Munos, Rémi},
  booktitle = {Proceedings of the 27th International Conference on Machine Learning (ICML)},
  editor = {Fü rnkranz, Johannes and Joachims, Thorsten},
  month = {June},
  note = {\url{\url{https://icml.cc/Conferences/2010/papers/598.pdf}}},
  openalex = {W2124144580},
  pages = {615--622},
  publisher = {Omnipress},
  title = {Finite-Sample Analysis of LSTD},
  year = {2010}
}

@inproceedings{alex2010boosted,
  address = {Haifa, Israel},
  author = {Grubb, Alexander and Bagnell, J. Andrew},
  booktitle = {Proceedings of the 27th International Conference on Machine Learning (ICML)},
  editor = {Fü rnkranz, Johannes and Joachims, Thorsten},
  month = {June},
  note = {\url{\url{https://icml.cc/Conferences/2010/papers/451.pdf}}},
  openalex = {W110825707},
  pages = {407--414},
  publisher = {Omnipress},
  title = {Boosted Backpropagation Learning for Training Deep Modular Networks},
  year = {2010}
}

@inproceedings{apte2010role,
  address = {Haifa, Israel},
  author = {Apt, Chid},
  booktitle = {Proceedings of the 27th International Conference on Machine Learning (ICML)},
  editor = {Fü rnkranz, Johannes and Joachims, Thorsten},
  month = {June},
  note = {\url{https://icml.cc/Conferences/2010/papers/903.pdf}},
  openalex = {W146346725},
  pages = {1--2},
  publisher = {Omnipress},
  title = {The Role of Machine Learning in Business Optimization},
  year = {2010}
}

@inproceedings{asuncion2010particle,
  address = {Haifa, Israel},
  author = {Asuncion, Arthur U. and Liu, Qiang and Ihler, Eric T. and Smyth, Padhraic},
  booktitle = {Proceedings of the 27th International Conference on Machine Learning (ICML)},
  editor = {Fü rnkranz, Johannes and Joachims, Thorsten},
  month = {June},
  note = {\url{https://icml.cc/Conferences/2010/papers/246.pdf}},
  pages = {47--54},
  publisher = {Omnipress},
  title = {Particle Filtered MCMC-MLE with Connections to Contrastive Divergence},
  year = {2010}
}

@inproceedings{bardenet2010surrogating,
  address = {Haifa, Israel},
  author = {Bardenet, R. and gl, Bal zs K},
  booktitle = {Proceedings of the 27th International Conference on Machine Learning (ICML)},
  editor = {Fü rnkranz, Johannes and Joachims, Thorsten},
  month = {June},
  note = {\url{https://icml.cc/Conferences/2010/papers/297.pdf}},
  openalex = {W1794206249},
  pages = {55--62},
  publisher = {Omnipress},
  title = {Surrogating the surrogate: accelerating Gaussian-process-based global optimization with a mixture cross-entropy algorithm},
  year = {2010}
}

@inproceedings{bartlett2010forgetting,
  address = {Haifa, Israel},
  author = {Bartlett, Nicholas and Pfau, David and Wood, Frank},
  booktitle = {Proceedings of the 27th International Conference on Machine Learning (ICML)},
  editor = {Fü rnkranz, Johannes and Joachims, Thorsten},
  month = {June},
  note = {\url{https://icml.cc/Conferences/2010/papers/549.pdf}},
  openalex = {W6630852},
  pages = {63--70},
  publisher = {Omnipress},
  title = {Forgetting Counts: Constant Memory Inference for a Dependent Hierarchical Pitman-Yor Process},
  year = {2010}
}

@inproceedings{bhadra2010robust,
  address = {Haifa, Israel},
  author = {Bhadra, Sahely and Bhattacharya, Sourangshu and Bhattacharyya, Chiranjib and Ben‐Tal, Aharon},
  booktitle = {Proceedings of the 27th International Conference on Machine Learning (ICML)},
  editor = {Fü rnkranz, Johannes and Joachims, Thorsten},
  month = {June},
  note = {\url{https://icml.cc/Conferences/2010/papers/268.pdf}},
  openalex = {W1499133198},
  pages = {71--78},
  publisher = {Omnipress},
  title = {Robust Formulations for Handling Uncertainty in Kernel Matrices},
  year = {2010}
}

@inproceedings{bilgic2010active,
  address = {Haifa, Israel},
  author = {Bilgic, Mustafa and Mihalkova, Lilyana and Getoor, Lise},
  booktitle = {Proceedings of the 27th International Conference on Machine Learning (ICML)},
  editor = {Fü rnkranz, Johannes and Joachims, Thorsten},
  month = {June},
  note = {\url{https://icml.cc/Conferences/2010/papers/544.pdf}},
  openalex = {W2143387805},
  pages = {79--86},
  publisher = {Omnipress},
  title = {Active Learning for Networked Data},
  year = {2010}
}

@inproceedings{blei2010distance,
  address = {Haifa, Israel},
  author = {Blei, David M. and Frazier, Peter I.},
  booktitle = {Proceedings of the 27th International Conference on Machine Learning (ICML)},
  editor = {Fü rnkranz, Johannes and Joachims, Thorsten},
  month = {June},
  note = {\url{https://icml.cc/Conferences/2010/papers/551.pdf}},
  openalex = {W2615915281},
  pages = {87--94},
  publisher = {Omnipress},
  title = {Distance Dependent Chinese Restaurant Processes},
  year = {2010}
}

@inproceedings{bontempi2010causal,
  address = {Haifa, Israel},
  author = {Bontempi, Gianluca and Meyer, Patrick E.},
  booktitle = {Proceedings of the 27th International Conference on Machine Learning (ICML)},
  editor = {Fü rnkranz, Johannes and Joachims, Thorsten},
  month = {June},
  note = {\url{https://icml.cc/Conferences/2010/papers/78.pdf}},
  openalex = {W2146599050},
  pages = {95--102},
  publisher = {Omnipress},
  title = {Causal filter selection in microarray data},
  year = {2010}
}

@inproceedings{bordes2010label,
  address = {Haifa, Israel},
  author = {Bordes, Antoine and Usunier, Nicolas and Weston, Jason},
  booktitle = {Proceedings of the 27th International Conference on Machine Learning (ICML)},
  editor = {Fü rnkranz, Johannes and Joachims, Thorsten},
  month = {June},
  note = {\url{https://icml.cc/Conferences/2010/papers/331.pdf}},
  openalex = {W2148007012},
  pages = {103--110},
  publisher = {Omnipress},
  title = {Label Ranking under Ambiguous Supervision for Learning Semantic Correspondences},
  year = {2010}
}

@inproceedings{boureau2010theoretical,
  address = {Haifa, Israel},
  author = {Boureau, Y-Lan and Ponce, Jean and LeCun, Yann},
  booktitle = {Proceedings of the 27th International Conference on Machine Learning (ICML)},
  editor = {Fü rnkranz, Johannes and Joachims, Thorsten},
  month = {June},
  note = {\url{https://icml.cc/Conferences/2010/papers/638.pdf}},
  openalex = {W2162931300},
  pages = {111--118},
  publisher = {Omnipress},
  title = {A Theoretical Analysis of Feature Pooling in Visual Recognition},
  year = {2010}
}

@inproceedings{bouzy2010multiagent,
  address = {Haifa, Israel},
  author = {Bouzy, Bruno and tivier, Marc M},
  booktitle = {Proceedings of the 27th International Conference on Machine Learning (ICML)},
  editor = {Fü rnkranz, Johannes and Joachims, Thorsten},
  month = {June},
  note = {\url{https://icml.cc/Conferences/2010/papers/76.pdf}},
  openalex = {W2120515470},
  pages = {119--126},
  publisher = {Omnipress},
  title = {Multi-agent Learning Experiments on Repeated Matrix Games},
  year = {2010}
}

@inproceedings{bradley2010learning,
  address = {Haifa, Israel},
  author = {Bradley, Joseph K. and Guestrin, Carlos},
  booktitle = {Proceedings of the 27th International Conference on Machine Learning (ICML)},
  editor = {Fü rnkranz, Johannes and Joachims, Thorsten},
  month = {June},
  note = {\url{https://icml.cc/Conferences/2010/papers/586.pdf}},
  openalex = {W1947685456},
  pages = {127--134},
  publisher = {Omnipress},
  title = {Learning Tree Conditional Random Fields},
  year = {2010}
}

@inproceedings{bshouty2010finding,
  address = {Haifa, Israel},
  author = {Bshouty, Nader H. and Long, Philip M.},
  booktitle = {Proceedings of the 27th International Conference on Machine Learning (ICML)},
  editor = {Fü rnkranz, Johannes and Joachims, Thorsten},
  month = {June},
  note = {\url{https://icml.cc/Conferences/2010/papers/119.pdf}},
  openalex = {W2120557603},
  pages = {135--142},
  publisher = {Omnipress},
  title = {Finding Planted Partitions in Nearly Linear Time using Arrested Spectral Clustering},
  year = {2010}
}

@inproceedings{busafekete2010fast,
  address = {Haifa, Israel},
  author = {Busa‐Fekete, Róbert and Kégl, Balázs},
  booktitle = {Proceedings of the 27th International Conference on Machine Learning (ICML)},
  editor = {Fü rnkranz, Johannes and Joachims, Thorsten},
  month = {June},
  note = {\url{https://icml.cc/Conferences/2010/papers/263.pdf}},
  openalex = {W56894658},
  pages = {143--150},
  publisher = {Omnipress},
  title = {Fast boosting using adversarial bandits},
  year = {2010}
}

@inproceedings{canini2010modeling,
  address = {Haifa, Israel},
  author = {Canini, Kevin Robert and Shashkov, Mikhail M. and Griffiths, Thomas L.},
  booktitle = {Proceedings of the 27th International Conference on Machine Learning (ICML)},
  editor = {Fü rnkranz, Johannes and Joachims, Thorsten},
  month = {June},
  note = {\url{https://icml.cc/Conferences/2010/papers/180.pdf}},
  openalex = {W2102480623},
  pages = {151--158},
  publisher = {Omnipress},
  title = {Modeling transfer learning in human categorization with the hierarchical dirichlet process},
  year = {2010}
}

@inproceedings{cao2010transfer,
  address = {Haifa, Israel},
  author = {Cao, Bin and Liu, Nathan N. and Yang, Qiang},
  booktitle = {Proceedings of the 27th International Conference on Machine Learning (ICML)},
  editor = {Fü rnkranz, Johannes and Joachims, Thorsten},
  month = {June},
  note = {\url{https://icml.cc/Conferences/2010/papers/505.pdf}},
  openalex = {W2171333143},
  pages = {159--166},
  publisher = {Omnipress},
  title = {Transfer Learning for Collective Link Prediction in Multiple Heterogenous Domains},
  year = {2010}
}

@inproceedings{carreiraperpinan2010elastic,
  address = {Haifa, Israel},
  author = {Carreira-Perpiñán, Miguel Á.},
  booktitle = {Proceedings of the 27th International Conference on Machine Learning (ICML)},
  editor = {Fü rnkranz, Johannes and Joachims, Thorsten},
  month = {June},
  note = {\url{https://icml.cc/Conferences/2010/papers/123.pdf}},
  openalex = {W81594759},
  pages = {167--174},
  publisher = {Omnipress},
  title = {The elastic embedding algorithm for dimensionality reduction},
  year = {2010}
}

@inproceedings{cesabianchi2010efficient,
  address = {Haifa, Israel},
  author = {Cesa‐Bianchi, Nicolò and Shalev‐Shwartz, Shai and Shamir, Ohad},
  booktitle = {Proceedings of the 27th International Conference on Machine Learning (ICML)},
  editor = {Fü rnkranz, Johannes and Joachims, Thorsten},
  month = {June},
  note = {\url{https://icml.cc/Conferences/2010/papers/319.pdf}},
  openalex = {W2158720957},
  pages = {183--190},
  publisher = {Omnipress},
  title = {Efficient Learning with Partially Observed Attributes},
  year = {2010}
}

@inproceedings{cesabianchi2010random,
  address = {Haifa, Israel},
  author = {Cesa‐Bianchi, Nicolò and Gentile, Claudio and Vitale, Fabio and Zappella, Giovanni},
  booktitle = {Proceedings of the 27th International Conference on Machine Learning (ICML)},
  editor = {Fü rnkranz, Johannes and Joachims, Thorsten},
  month = {June},
  note = {\url{https://icml.cc/Conferences/2010/papers/298.pdf}},
  openalex = {W2126973498},
  pages = {175--182},
  publisher = {Omnipress},
  title = {Random spanning trees and the prediction of weighted graphs},
  year = {2010}
}

@inproceedings{chang2010structured,
  address = {Haifa, Israel},
  author = {Chang, Ming‐Wei and Srikumar, Vivek and Goldwasser, Dan and Roth, Dan},
  booktitle = {Proceedings of the 27th International Conference on Machine Learning (ICML)},
  editor = {Fü rnkranz, Johannes and Joachims, Thorsten},
  month = {June},
  note = {\url{https://icml.cc/Conferences/2010/papers/522.pdf}},
  openalex = {W1536616638},
  pages = {199--206},
  publisher = {Omnipress},
  title = {Structured Output Learning with Indirect Supervision},
  year = {2010}
}

@inproceedings{chen2010dynamical,
  address = {Haifa, Israel},
  author = {Chen, Yutian and Welling, Max},
  booktitle = {Proceedings of the 27th International Conference on Machine Learning (ICML)},
  editor = {Fü rnkranz, Johannes and Joachims, Thorsten},
  month = {June},
  note = {\url{https://icml.cc/Conferences/2010/papers/175.pdf}},
  openalex = {W2171838052},
  pages = {207--214},
  publisher = {Omnipress},
  title = {Dynamical Products of Experts for Modeling Financial Time Series},
  year = {2010}
}

@inproceedings{cheng2010graded,
  address = {Haifa, Israel},
  author = {Cheng, Weiwei and llermeier, Eyke H and Dembczyński, Krzysztof},
  booktitle = {Proceedings of the 27th International Conference on Machine Learning (ICML)},
  editor = {Fü rnkranz, Johannes and Joachims, Thorsten},
  month = {June},
  note = {\url{https://icml.cc/Conferences/2010/papers/596.pdf}},
  openalex = {W2150373884},
  pages = {223--230},
  publisher = {Omnipress},
  title = {Graded Multilabel Classification: The Ordinal Case},
  year = {2010}
}

@inproceedings{cheng2010label,
  address = {Haifa, Israel},
  author = {Cheng, Weiwei and Hüllermeier, Eyke and Dembczyński, Krzysztof},
  booktitle = {Proceedings of the 27th International Conference on Machine Learning (ICML)},
  editor = {Fü rnkranz, Johannes and Joachims, Thorsten},
  month = {June},
  note = {\url{https://icml.cc/Conferences/2010/papers/353.pdf}},
  openalex = {W1526445072},
  pages = {215--222},
  publisher = {Omnipress},
  title = {Label Ranking Methods based on the Plackett-Luce Model},
  year = {2010}
}

@inproceedings{coen2010comparing,
  address = {Haifa, Israel},
  author = {Coen, Michael H. and Ansari, M. Hidayath and Fillmore, Nathanael},
  booktitle = {Proceedings of the 27th International Conference on Machine Learning (ICML)},
  editor = {Fü rnkranz, Johannes and Joachims, Thorsten},
  month = {June},
  note = {\url{https://icml.cc/Conferences/2010/papers/642.pdf}},
  openalex = {W2118335145},
  pages = {231--238},
  publisher = {Omnipress},
  title = {Comparing Clusterings in Space},
  year = {2010}
}

@inproceedings{cortes2010generalization,
  address = {Haifa, Israel},
  author = {Cortes, Corinna and Mohri, Mehryar and Rostamizadeh, Afshin},
  booktitle = {Proceedings of the 27th International Conference on Machine Learning (ICML)},
  editor = {Fü rnkranz, Johannes and Joachims, Thorsten},
  month = {June},
  note = {\url{https://icml.cc/Conferences/2010/papers/179.pdf}},
  openalex = {W1518544712},
  pages = {247--254},
  publisher = {Omnipress},
  title = {Generalization Bounds for Learning Kernels},
  year = {2010}
}

@inproceedings{cortes2010twostage,
  address = {Haifa, Israel},
  author = {Cortes, Corinna and Mohri, Mehryar and Rostamizadeh, Afshin},
  booktitle = {Proceedings of the 27th International Conference on Machine Learning (ICML)},
  editor = {Fü rnkranz, Johannes and Joachims, Thorsten},
  month = {June},
  note = {\url{https://icml.cc/Conferences/2010/papers/125.pdf}},
  openalex = {W1944448017},
  pages = {239--246},
  publisher = {Omnipress},
  title = {Two-Stage Learning Kernel Algorithms},
  year = {2010}
}

@inproceedings{costa2010fast,
  address = {Haifa, Israel},
  author = {Costa, Fabrizio and Grave, Kurt De},
  booktitle = {Proceedings of the 27th International Conference on Machine Learning (ICML)},
  editor = {Fü rnkranz, Johannes and Joachims, Thorsten},
  month = {June},
  note = {\url{https://icml.cc/Conferences/2010/papers/347.pdf}},
  openalex = {W2137476097},
  pages = {255--262},
  publisher = {Omnipress},
  title = {Fast Neighborhood Subgraph Pairwise Distance Kernel},
  year = {2010}
}

@inproceedings{cummins2010fabmap,
  address = {Haifa, Israel},
  author = {Cummins, Mark Joseph and Newman, Paul M.},
  booktitle = {Proceedings of the 27th International Conference on Machine Learning (ICML)},
  editor = {Fü rnkranz, Johannes and Joachims, Thorsten},
  month = {June},
  note = {\url{https://icml.cc/Conferences/2010/papers/906.pdf}},
  pages = {3--10},
  publisher = {Omnipress},
  title = {FAB-MAP: Appearance-Based Place Recognition and Mapping using a Learned Visual Vocabulary Model},
  year = {2010}
}

@inproceedings{dasgupta2010mining,
  address = {Haifa, Israel},
  author = {Dasgupta, Sajib and Ng, Vincent},
  booktitle = {Proceedings of the 27th International Conference on Machine Learning (ICML)},
  editor = {Fü rnkranz, Johannes and Joachims, Thorsten},
  month = {June},
  note = {\url{https://icml.cc/Conferences/2010/papers/582.pdf}},
  openalex = {W200202082},
  pages = {263--270},
  publisher = {Omnipress},
  title = {Mining Clustering Dimensions},
  year = {2010}
}

@inproceedings{davis2010bottomup,
  address = {Haifa, Israel},
  author = {Davis, Jesse and Domingos, Pedro},
  booktitle = {Proceedings of the 27th International Conference on Machine Learning (ICML)},
  editor = {Fü rnkranz, Johannes and Joachims, Thorsten},
  month = {June},
  note = {\url{https://icml.cc/Conferences/2010/papers/537.pdf}},
  openalex = {W201505224},
  pages = {271--278},
  publisher = {Omnipress},
  title = {Bottom-Up Learning of Markov Network Structure},
  year = {2010}
}

@inproceedings{dembczynski2010bayes,
  address = {Haifa, Israel},
  author = {Cheng, Weiwei and llermeier, Eyke H and Dembczyński, Krzysztof},
  booktitle = {Proceedings of the 27th International Conference on Machine Learning (ICML)},
  editor = {Fü rnkranz, Johannes and Joachims, Thorsten},
  month = {June},
  note = {\url{https://icml.cc/Conferences/2010/papers/589.pdf}},
  openalex = {W146125889},
  pages = {279--286},
  publisher = {Omnipress},
  title = {Bayes Optimal Multilabel Classification via Probabilistic Classifier Chains},
  year = {2010}
}

@inproceedings{deselaers2010conditional,
  address = {Haifa, Israel},
  author = {Deselaers, Thomas and Ferrari, Vittorio},
  booktitle = {Proceedings of the 27th International Conference on Machine Learning (ICML)},
  editor = {Fü rnkranz, Johannes and Joachims, Thorsten},
  month = {June},
  note = {\url{https://icml.cc/Conferences/2010/papers/87.pdf}},
  openalex = {W1531742118},
  pages = {287--294},
  publisher = {Omnipress},
  title = {A Conditional Random Field for Multiple-Instance Learning},
  year = {2010}
}

@inproceedings{dillon2010asymptotic,
  address = {Haifa, Israel},
  author = {Dillon, Joshua V. and Balasubramanian, Krishnakumar and Lebanon, Guy},
  booktitle = {Proceedings of the 27th International Conference on Machine Learning (ICML)},
  editor = {Fü rnkranz, Johannes and Joachims, Thorsten},
  month = {June},
  note = {\url{https://icml.cc/Conferences/2010/papers/107.pdf}},
  openalex = {W2949521135},
  pages = {295--302},
  publisher = {Omnipress},
  title = {Asymptotic Analysis of Generative Semi-Supervised Learning},
  year = {2010}
}

@inproceedings{dinculescu2010approximate,
  address = {Haifa, Israel},
  author = {Dinculescu, Monica and Precup, Doina},
  booktitle = {Proceedings of the 27th International Conference on Machine Learning (ICML)},
  editor = {Furnkranz, Johannes and Joachims, Thorsten},
  month = {June},
  note = {\url{https://icml.cc/Conferences/2010/papers/588.pdf}},
  openalex = {W174024601},
  pages = {895--902},
  publisher = {Omnipress},
  title = {Approximate Predictive Representations of Partially Observable Systems},
  year = {2010}
}

@inproceedings{dondelinger2010heterogeneous,
  address = {Haifa, Israel},
  author = {Dondelinger, Frank and Husmeier, Dirk and Lèbre, Sophie},
  booktitle = {Proceedings of the 27th International Conference on Machine Learning (ICML)},
  editor = {Fü rnkranz, Johannes and Joachims, Thorsten},
  month = {June},
  note = {\url{https://icml.cc/Conferences/2010/papers/286.pdf}},
  openalex = {W2160400978},
  pages = {303--310},
  publisher = {Omnipress},
  title = {Heterogeneous Continuous Dynamic Bayesian Networks with Flexible Structure and Inter-Time Segment Information Sharing},
  year = {2010}
}

@inproceedings{downey2010temporal,
  address = {Haifa, Israel},
  author = {Downey, Carlton and Sanner, Scott},
  booktitle = {Proceedings of the 27th International Conference on Machine Learning (ICML)},
  editor = {Fü rnkranz, Johannes and Joachims, Thorsten},
  month = {June},
  note = {\url{https://icml.cc/Conferences/2010/papers/295.pdf}},
  openalex = {W2102863375},
  pages = {311--318},
  publisher = {Omnipress},
  title = {Temporal Difference Bayesian Model Averaging: A Bayesian Perspective on Adapting Lambda},
  year = {2010}
}

@inproceedings{druck2010highperformance,
  address = {Haifa, Israel},
  author = {Druck, Gregory and McCallum, Andrew},
  booktitle = {Proceedings of the 27th International Conference on Machine Learning (ICML)},
  editor = {Fü rnkranz, Johannes and Joachims, Thorsten},
  month = {June},
  note = {\url{https://icml.cc/Conferences/2010/papers/643.pdf}},
  openalex = {W1578488390},
  pages = {319--326},
  publisher = {Omnipress},
  title = {High-Performance Semi-Supervised Learning using Discriminatively Constrained Generative Models},
  year = {2010}
}

@inproceedings{duchi2010on,
  address = {Haifa, Israel},
  author = {Duchi, John C. and Mackey, Lester and Jordan, Michael I.},
  booktitle = {Proceedings of the 27th International Conference on Machine Learning (ICML)},
  editor = {Fü rnkranz, Johannes and Joachims, Thorsten},
  month = {June},
  note = {\url{https://icml.cc/Conferences/2010/papers/421.pdf}},
  openalex = {W2114028889},
  pages = {327--334},
  publisher = {Omnipress},
  title = {On the Consistency of Ranking Algorithms},
  year = {2010}
}

@inproceedings{dvijotham2010inverse,
  address = {Haifa, Israel},
  author = {Dvijotham, Krishnamurthy and Todorov, Emanuel},
  booktitle = {Proceedings of the 27th International Conference on Machine Learning (ICML)},
  editor = {Fü rnkranz, Johannes and Joachims, Thorsten},
  month = {June},
  note = {\url{https://icml.cc/Conferences/2010/papers/571.pdf}},
  openalex = {W1559990548},
  pages = {335--342},
  publisher = {Omnipress},
  title = {Inverse Optimal Control with Linearly-Solvable MDPs},
  year = {2010}
}

@inproceedings{elhay2010continuoustime,
  address = {Haifa, Israel},
  author = {El‐Hay, Tal and Cohn, Ido and Friedman, Nir and Kupferman, Raz},
  booktitle = {Proceedings of the 27th International Conference on Machine Learning (ICML)},
  editor = {Fü rnkranz, Johannes and Joachims, Thorsten},
  month = {June},
  note = {\url{https://icml.cc/Conferences/2010/papers/378.pdf}},
  openalex = {W37338454},
  pages = {343--350},
  publisher = {Omnipress},
  title = {Continuous-time belief propagation},
  year = {2010}
}

@inproceedings{faivishevsky2010nonparametric,
  address = {Haifa, Israel},
  author = {Faivishevsky, Lev and Goldberger, Jacob},
  booktitle = {Proceedings of the 27th International Conference on Machine Learning (ICML)},
  editor = {Fü rnkranz, Johannes and Joachims, Thorsten},
  month = {June},
  note = {\url{https://icml.cc/Conferences/2010/papers/168.pdf}},
  openalex = {W2171108520},
  pages = {351--358},
  publisher = {Omnipress},
  title = {Nonparametric Information Theoretic Clustering Algorithm},
  year = {2010}
}

@inproceedings{felzenszwalb2010discriminative,
  address = {Haifa, Israel},
  author = {Felzenszwalb, Pedro F. and Girshick, Ross and McAllester, David and Ramanan, Deva},
  booktitle = {Proceedings of the 27th International Conference on Machine Learning (ICML)},
  editor = {Fü rnkranz, Johannes and Joachims, Thorsten},
  month = {June},
  note = {\url{https://icml.cc/Conferences/2010/papers/907.pdf}},
  openalex = {W201858967},
  pages = {11--12},
  publisher = {Omnipress},
  title = {Discriminative Latent Variable Models for Object Detection},
  year = {2010}
}

@inproceedings{gaudel2010feature,
  address = {Haifa, Israel},
  author = {Gaudel, Romaric and Sébag, Michèle},
  booktitle = {Proceedings of the 27th International Conference on Machine Learning (ICML)},
  editor = {Fü rnkranz, Johannes and Joachims, Thorsten},
  month = {June},
  note = {\url{https://icml.cc/Conferences/2010/papers/247.pdf}},
  openalex = {W2101826491},
  pages = {359--366},
  publisher = {Omnipress},
  title = {Feature Selection as a One-Player Game},
  year = {2010}
}

@inproceedings{gavish2010multiscale,
  address = {Haifa, Israel},
  author = {Gavish, Matan and Nadler, Boaz and Coifman, Ronald R.},
  booktitle = {Proceedings of the 27th International Conference on Machine Learning (ICML)},
  editor = {Fü rnkranz, Johannes and Joachims, Thorsten},
  month = {June},
  note = {\url{\url{https://icml.cc/Conferences/2010/papers/137.pdf}}},
  openalex = {W2161401420},
  pages = {367--374},
  publisher = {Omnipress},
  title = {Multiscale Wavelets on Trees, Graphs and High Dimensional Data: Theory and Applications to Semi Supervised Learning},
  year = {2010}
}

@inproceedings{gerrish2010languagebased,
  address = {Haifa, Israel},
  author = {Gerrish, Sean and Blei, David M.},
  booktitle = {Proceedings of the 27th International Conference on Machine Learning (ICML)},
  editor = {Fü rnkranz, Johannes and Joachims, Thorsten},
  month = {June},
  note = {\url{\url{https://icml.cc/Conferences/2010/papers/384.pdf}}},
  openalex = {W75368837},
  pages = {375--382},
  publisher = {Omnipress},
  title = {A Language-based Approach to Measuring Scholarly Impact},
  year = {2010}
}

@inproceedings{goldberg2010boosting,
  address = {Haifa, Israel},
  author = {Goldberg, Noam and Eckstein, Jonathan},
  booktitle = {Proceedings of the 27th International Conference on Machine Learning (ICML)},
  editor = {Fü rnkranz, Johannes and Joachims, Thorsten},
  month = {June},
  note = {\url{\url{https://icml.cc/Conferences/2010/papers/23.pdf}}},
  openalex = {W2128308619},
  pages = {383--390},
  publisher = {Omnipress},
  title = {Boosting Classifiers with Tightened L0-Relaxation Penalties},
  year = {2010}
}

@inproceedings{gomes2010budgeted,
  address = {Haifa, Israel},
  author = {Krause, Andreas and Gomes, Ryan G.},
  booktitle = {Proceedings of the 27th International Conference on Machine Learning (ICML)},
  editor = {Fü rnkranz, Johannes and Joachims, Thorsten},
  month = {June},
  note = {\url{\url{https://icml.cc/Conferences/2010/papers/433.pdf}}},
  openalex = {W2158504911},
  pages = {391--398},
  publisher = {Omnipress},
  title = {Budgeted Nonparametric Learning from Data Streams},
  year = {2010}
}

@inproceedings{graepel2010webscale,
  address = {Haifa, Israel},
  author = {Graepel, Thore and Candela, Joaquin Quiñonero and Borchert, Thomas and Herbrich, Ralf},
  booktitle = {Proceedings of the 27th International Conference on Machine Learning (ICML)},
  editor = {Fü rnkranz, Johannes and Joachims, Thorsten},
  month = {June},
  note = {\url{https://icml.cc/Conferences/2010/papers/901.pdf}},
  openalex = {W2162979096},
  pages = {13--20},
  publisher = {Omnipress},
  title = {Web-Scale Bayesian Click-Through rate Prediction for Sponsored Search Advertising in Microsoft's Bing Search Engine},
  year = {2010}
}

@inproceedings{gregor2010learning,
  address = {Haifa, Israel},
  author = {Gregor, Karol and LeCun, Yann},
  booktitle = {Proceedings of the 27th International Conference on Machine Learning (ICML)},
  editor = {Fü rnkranz, Johannes and Joachims, Thorsten},
  month = {June},
  note = {\url{\url{https://icml.cc/Conferences/2010/papers/449.pdf}}},
  openalex = {W2118103795},
  pages = {399--406},
  publisher = {Omnipress},
  title = {Learning Fast Approximations of Sparse Coding},
  year = {2010}
}

@inproceedings{guillory2010interactive,
  address = {Haifa, Israel},
  author = {Guillory, Andrew and Bilmes, Jeff},
  booktitle = {Proceedings of the 27th International Conference on Machine Learning (ICML)},
  editor = {Fü rnkranz, Johannes and Joachims, Thorsten},
  month = {June},
  note = {\url{\url{https://icml.cc/Conferences/2010/papers/436.pdf}}},
  openalex = {W1621774961},
  pages = {415--422},
  publisher = {Omnipress},
  title = {Interactive Submodular Set Cover},
  year = {2010}
}

@inproceedings{hariharan2010large,
  address = {Haifa, Israel},
  author = {Hariharan, Bharath and Zelnik‐Manor, Lihi and Varma, Manik and Vishwanathan, S. V. N.},
  booktitle = {Proceedings of the 27th International Conference on Machine Learning (ICML)},
  editor = {Fü rnkranz, Johannes and Joachims, Thorsten},
  month = {June},
  note = {\url{\url{https://icml.cc/Conferences/2010/papers/344.pdf}}},
  openalex = {W2165238043},
  pages = {423--430},
  publisher = {Omnipress},
  title = {Large Scale Max-Margin Multi-Label Classification with Priors},
  year = {2010}
}

@inproceedings{harpale2010active,
  address = {Haifa, Israel},
  author = {Harpale, Abhay and Yang, Yiming},
  booktitle = {Proceedings of the 27th International Conference on Machine Learning (ICML)},
  editor = {Fü rnkranz, Johannes and Joachims, Thorsten},
  month = {June},
  note = {\url{\url{https://icml.cc/Conferences/2010/papers/620.pdf}}},
  openalex = {W1543338499},
  pages = {431--438},
  publisher = {Omnipress},
  title = {Active Learning for Multi-Task Adaptive Filtering},
  year = {2010}
}

@inproceedings{hoffman2010bayesian,
  address = {Haifa, Israel},
  author = {Blei, David M. and Cook, Perry R. and Hoffman, Matthew D.},
  booktitle = {Proceedings of the 27th International Conference on Machine Learning (ICML)},
  editor = {Fü rnkranz, Johannes and Joachims, Thorsten},
  month = {June},
  note = {\url{\url{https://icml.cc/Conferences/2010/papers/523.pdf}}},
  openalex = {W2113526703},
  pages = {439--446},
  publisher = {Omnipress},
  title = {Bayesian Nonparametric Matrix Factorization for Recorded Music},
  year = {2010}
}

@inproceedings{honorio2010multitask,
  address = {Haifa, Israel},
  author = {Honorio, Jean and Samaras, Dimitris},
  booktitle = {Proceedings of the 27th International Conference on Machine Learning (ICML)},
  editor = {Fü rnkranz, Johannes and Joachims, Thorsten},
  month = {June},
  note = {\url{\url{https://icml.cc/Conferences/2010/papers/35.pdf}}},
  openalex = {W197443874},
  pages = {447--454},
  publisher = {Omnipress},
  title = {Multi-Task Learning of Gaussian Graphical Models},
  year = {2010}
}

@inproceedings{huang2010learning,
  address = {Haifa, Israel},
  author = {Huang, Jonathan and Guestrin, Carlos},
  booktitle = {Proceedings of the 27th International Conference on Machine Learning (ICML)},
  editor = {Fü rnkranz, Johannes and Joachims, Thorsten},
  month = {June},
  note = {\url{\url{https://icml.cc/Conferences/2010/papers/605.pdf}}},
  openalex = {W1568445143},
  pages = {455--462},
  publisher = {Omnipress},
  title = {Learning Hierarchical Riffle Independent Groupings from Rankings},
  year = {2010}
}

@inproceedings{hue2010on,
  address = {Haifa, Israel},
  author = {Hue, Martial and Vert, Jean‐Philippe},
  booktitle = {Proceedings of the 27th International Conference on Machine Learning (ICML)},
  editor = {Fü rnkranz, Johannes and Joachims, Thorsten},
  month = {June},
  note = {\url{\url{https://icml.cc/Conferences/2010/papers/520.pdf}}},
  openalex = {W141326033},
  pages = {463--470},
  publisher = {Omnipress},
  title = {On learning with kernels for unordered pairs},
  year = {2010}
}

@inproceedings{jaggi2010simple,
  address = {Haifa, Israel},
  author = {Jaggi, Martin and Sulovský, Marek},
  booktitle = {Proceedings of the 27th International Conference on Machine Learning (ICML)},
  editor = {Fü rnkranz, Johannes and Joachims, Thorsten},
  month = {June},
  note = {\url{\url{https://icml.cc/Conferences/2010/papers/196.pdf}}},
  openalex = {W1574851760},
  pages = {471--478},
  publisher = {Omnipress},
  title = {A Simple Algorithm for Nuclear Norm Regularized Problems},
  year = {2010}
}

@inproceedings{janzing2010telling,
  address = {Haifa, Israel},
  author = {Janzing, Dominik and Hoyer, Patrik O. and lkopf, Bernhard Sch},
  booktitle = {Proceedings of the 27th International Conference on Machine Learning (ICML)},
  editor = {Fü rnkranz, Johannes and Joachims, Thorsten},
  month = {June},
  note = {\url{\url{https://icml.cc/Conferences/2010/papers/576.pdf}}},
  openalex = {W1603640438},
  pages = {479--486},
  publisher = {Omnipress},
  title = {Telling cause from effect based on high-dimensional observations},
  year = {2010}
}

@inproceedings{jenatton2010proximal,
  address = {Haifa, Israel},
  author = {Jenatton, Rodolphe and Mairal, Julien and Bach, Francis R. and Obozinski, Guillaume},
  booktitle = {Proceedings of the 27th International Conference on Machine Learning (ICML)},
  editor = {Fü rnkranz, Johannes and Joachims, Thorsten},
  month = {June},
  note = {\url{\url{https://icml.cc/Conferences/2010/papers/416.pdf}}},
  openalex = {W33214042},
  pages = {487--494},
  publisher = {Omnipress},
  title = {Proximal Methods for Sparse Hierarchical Dictionary Learning},
  year = {2010}
}

@inproceedings{ji20103d,
  address = {Haifa, Israel},
  author = {Ji, Shuiwang and Xu, Wei and Yang, Ming and Yu, Kai},
  booktitle = {Proceedings of the 27th International Conference on Machine Learning (ICML)},
  editor = {Fü rnkranz, Johannes and Joachims, Thorsten},
  month = {June},
  note = {\url{\url{https://icml.cc/Conferences/2010/papers/100.pdf}}},
  openalex = {W1983364832},
  pages = {495--502},
  publisher = {Omnipress},
  title = {3D Convolutional Neural Networks for Human Action Recognition},
  year = {2010}
}

@inproceedings{jojic2010accelerated,
  address = {Haifa, Israel},
  author = {Jojic, Vladimir and Gould, Stephen and Koller, Daphne},
  booktitle = {Proceedings of the 27th International Conference on Machine Learning (ICML)},
  editor = {Fü rnkranz, Johannes and Joachims, Thorsten},
  month = {June},
  note = {\url{\url{https://icml.cc/Conferences/2010/papers/628.pdf}}},
  pages = {503--510},
  publisher = {Omnipress},
  title = {Accelerated dual decomposition for MAP inference},
  year = {2010}
}

@inproceedings{kalyanakrishnan2010efficient,
  address = {Haifa, Israel},
  author = {Kalyanakrishnan, Shivaram and Stone, Peter},
  booktitle = {Proceedings of the 27th International Conference on Machine Learning (ICML)},
  editor = {Fü rnkranz, Johannes and Joachims, Thorsten},
  month = {June},
  note = {\url{\url{https://icml.cc/Conferences/2010/papers/410.pdf}}},
  openalex = {W2112387288},
  pages = {511--518},
  publisher = {Omnipress},
  title = {Efficient Selection of Multiple Bandit Arms: Theory and Practice},
  year = {2010}
}

@inproceedings{kim2010gaussian,
  address = {Haifa, Israel},
  author = {Kim, Minyoung and Torre, Fernando De la},
  booktitle = {Proceedings of the 27th International Conference on Machine Learning (ICML)},
  editor = {Fü rnkranz, Johannes and Joachims, Thorsten},
  month = {June},
  note = {\url{\url{https://icml.cc/Conferences/2010/papers/412.pdf}}},
  openalex = {W207557899},
  pages = {535--542},
  publisher = {Omnipress},
  title = {Gaussian Processes Multiple Instance Learning},
  year = {2010}
}

@inproceedings{kim2010local,
  address = {Haifa, Israel},
  author = {Kim, Minyoung and Torre, Fernando De la},
  booktitle = {Proceedings of the 27th International Conference on Machine Learning (ICML)},
  editor = {Fü rnkranz, Johannes and Joachims, Thorsten},
  month = {June},
  note = {\url{\url{https://icml.cc/Conferences/2010/papers/374.pdf}}},
  openalex = {W2111106738},
  pages = {527--534},
  publisher = {Omnipress},
  title = {Local Minima Embedding},
  year = {2010}
}

@inproceedings{kim2010scalable,
  address = {Haifa, Israel},
  author = {Kim, Dong‐Min and Sra, Suvrit and Dhillon, Inderjit S.},
  booktitle = {Proceedings of the 27th International Conference on Machine Learning (ICML)},
  editor = {Fü rnkranz, Johannes and Joachims, Thorsten},
  month = {June},
  note = {\url{\url{https://icml.cc/Conferences/2010/papers/562.pdf}}},
  openalex = {W2141760723},
  pages = {519--526},
  publisher = {Omnipress},
  title = {A scalable trust-region algorithm with application to mixed-norm regression},
  year = {2010}
}

@inproceedings{kim2010treeguided,
  address = {Haifa, Israel},
  author = {Kim, Se Young and Xing, Eric P.},
  booktitle = {Proceedings of the 27th International Conference on Machine Learning (ICML)},
  editor = {Fü rnkranz, Johannes and Joachims, Thorsten},
  month = {June},
  note = {\url{\url{https://icml.cc/Conferences/2010/papers/352.pdf}}},
  openalex = {W1497745584},
  pages = {543--550},
  publisher = {Omnipress},
  title = {Tree-Guided Group Lasso for Multi-Task Regression with Structured Sparsity},
  year = {2010}
}

@inproceedings{kok2010learning,
  address = {Haifa, Israel},
  author = {Kok, Stanley and Domingos, Pedro},
  booktitle = {Proceedings of the 27th International Conference on Machine Learning (ICML)},
  editor = {Fü rnkranz, Johannes and Joachims, Thorsten},
  month = {June},
  note = {\url{\url{https://icml.cc/Conferences/2010/papers/502.pdf}}},
  openalex = {W2144461918},
  pages = {551--558},
  publisher = {Omnipress},
  title = {Learning Markov Logic Networks Using Structural Motifs},
  year = {2010}
}

@inproceedings{kolar2010on,
  address = {Haifa, Israel},
  author = {Kolar, Mladen and Parikh, Ankur P. and Xing, Eric P.},
  booktitle = {Proceedings of the 27th International Conference on Machine Learning (ICML)},
  editor = {Fü rnkranz, Johannes and Joachims, Thorsten},
  month = {June},
  note = {\url{\url{https://icml.cc/Conferences/2010/papers/197.pdf}}},
  openalex = {W1608701438},
  pages = {559--566},
  publisher = {Omnipress},
  title = {On Sparse Nonparametric Conditional Covariance Selection},
  year = {2010}
}

@inproceedings{krause2010submodular,
  address = {Haifa, Israel},
  author = {Krause, Andreas and Cevher, Volkan},
  booktitle = {Proceedings of the 27th International Conference on Machine Learning (ICML)},
  editor = {Fü rnkranz, Johannes and Joachims, Thorsten},
  month = {June},
  note = {\url{\url{https://icml.cc/Conferences/2010/papers/366.pdf}}},
  openalex = {W2141552007},
  pages = {567--574},
  publisher = {Omnipress},
  title = {Submodular Dictionary Selection for Sparse Representation},
  year = {2010}
}

@inproceedings{kulis2010implicit,
  address = {Haifa, Israel},
  author = {Kulis, Brian and Bartlett, Peter L.},
  booktitle = {Proceedings of the 27th International Conference on Machine Learning (ICML)},
  editor = {Fü rnkranz, Johannes and Joachims, Thorsten},
  month = {June},
  note = {\url{\url{https://icml.cc/Conferences/2010/papers/429.pdf}}},
  openalex = {W2157998899},
  pages = {575--582},
  publisher = {Omnipress},
  title = {Implicit Online Learning},
  year = {2010}
}

@inproceedings{lang2010probabilistic,
  address = {Haifa, Israel},
  author = {Lang, Tobias and Toussaint, Marc},
  booktitle = {Proceedings of the 27th International Conference on Machine Learning (ICML)},
  editor = {Fü rnkranz, Johannes and Joachims, Thorsten},
  month = {June},
  note = {\url{\url{https://icml.cc/Conferences/2010/papers/77.pdf}}},
  openalex = {W2110037278},
  pages = {583--590},
  publisher = {Omnipress},
  title = {Probabilistic Backward and Forward Reasoning in Stochastic Relational Worlds},
  year = {2010}
}

@inproceedings{lay2010supervised,
  address = {Haifa, Israel},
  author = {Lay, Nathan and Barbu, Adrian},
  booktitle = {Proceedings of the 27th International Conference on Machine Learning (ICML)},
  editor = {Fü rnkranz, Johannes and Joachims, Thorsten},
  month = {June},
  note = {\url{\url{https://icml.cc/Conferences/2010/papers/99.pdf}}},
  openalex = {W2130782832},
  pages = {591--598},
  publisher = {Omnipress},
  title = {Supervised Aggregation of Classifiers using Artificial Prediction Markets},
  year = {2010}
}

@inproceedings{li2010budgeted,
  address = {Haifa, Israel},
  author = {Li, Liuyang and czos, Barnab s P and ri, Csaba Szepesv and Greiner, Russell},
  booktitle = {Proceedings of the 27th International Conference on Machine Learning (ICML)},
  editor = {Furnkranz, Johannes and Joachims, Thorsten},
  month = {June},
  note = {\url{https://icml.cc/Conferences/2010/papers/406.pdf}},
  openalex = {W2148177376},
  pages = {879--886},
  publisher = {Omnipress},
  title = {Budgeted Distribution Learning of Belief Net Parameters},
  year = {2010}
}

@inproceedings{li2010making,
  address = {Haifa, Israel},
  author = {Li, Mu and Kwok, James T. and Lu, Bao-Liang},
  booktitle = {Proceedings of the 27th International Conference on Machine Learning (ICML)},
  editor = {Fü rnkranz, Johannes and Joachims, Thorsten},
  month = {June},
  note = {\url{\url{https://icml.cc/Conferences/2010/papers/242.pdf}}},
  openalex = {W1497057245},
  pages = {631--638},
  publisher = {Omnipress},
  title = {Making large-scale nyström approximation possible},
  year = {2010}
}

@inproceedings{liang2010learning,
  address = {Haifa, Israel},
  author = {Liang, Percy and Jordan, Michael I. and Klein, Dan},
  booktitle = {Proceedings of the 27th International Conference on Machine Learning (ICML)},
  editor = {Fü rnkranz, Johannes and Joachims, Thorsten},
  month = {June},
  note = {\url{\url{https://icml.cc/Conferences/2010/papers/568.pdf}}},
  openalex = {W2131257014},
  pages = {639--646},
  publisher = {Omnipress},
  title = {Learning Programs: A Hierarchical Bayesian Approach},
  year = {2010}
}

@inproceedings{liang2010on,
  address = {Haifa, Israel},
  author = {Liang, Percy and Srebro, Nati},
  booktitle = {Proceedings of the 27th International Conference on Machine Learning (ICML)},
  editor = {Fü rnkranz, Johannes and Joachims, Thorsten},
  month = {June},
  note = {\url{\url{https://icml.cc/Conferences/2010/papers/601.pdf}}},
  openalex = {W48137866},
  pages = {647--654},
  publisher = {Omnipress},
  title = {On the Interaction between Norm and Dimensionality: Multiple Regimes in Learning},
  year = {2010}
}

@inproceedings{lin2010power,
  address = {Haifa, Israel},
  author = {Lin, Frank and Cohen, William W.},
  booktitle = {Proceedings of the 27th International Conference on Machine Learning (ICML)},
  editor = {Fü rnkranz, Johannes and Joachims, Thorsten},
  month = {June},
  note = {\url{\url{https://icml.cc/Conferences/2010/papers/387.pdf}}},
  openalex = {W2097820631},
  pages = {655--662},
  publisher = {Omnipress},
  title = {Power Iteration Clustering},
  year = {2010}
}

@inproceedings{liu2010large,
  address = {Haifa, Israel},
  author = {Liu, Wei and He, Junfeng and Chang, Shih‐Fu},
  booktitle = {Proceedings of the 27th International Conference on Machine Learning (ICML)},
  editor = {Fü rnkranz, Johannes and Joachims, Thorsten},
  month = {June},
  note = {\url{\url{https://icml.cc/Conferences/2010/papers/16.pdf}}},
  openalex = {W1500351990},
  pages = {679--686},
  publisher = {Omnipress},
  title = {Large Graph Construction for Scalable Semi-Supervised Learning},
  year = {2010}
}

@inproceedings{liu2010learning,
  address = {Haifa, Israel},
  author = {Liu, Yan and Niculescu-Mizil, Alexandru and Lozano, Aurélie and Lu, Yong},
  booktitle = {Proceedings of the 27th International Conference on Machine Learning (ICML)},
  editor = {Fü rnkranz, Johannes and Joachims, Thorsten},
  month = {June},
  note = {\url{\url{https://icml.cc/Conferences/2010/papers/235.pdf}}},
  openalex = {W45505117},
  pages = {687--694},
  publisher = {Omnipress},
  title = {Learning Temporal Causal Graphs for Relational Time-Series Analysis},
  year = {2010}
}

@inproceedings{liu2010robust1,
  address = {Haifa, Israel},
  author = {Liu, Guangcan and Lin, Zhouchen and Yu, Yong},
  booktitle = {Proceedings of the 27th International Conference on Machine Learning (ICML)},
  editor = {Fü rnkranz, Johannes and Joachims, Thorsten},
  month = {June},
  note = {\url{\url{https://icml.cc/Conferences/2010/papers/521.pdf}}},
  openalex = {W79405465},
  pages = {663--670},
  publisher = {Omnipress},
  title = {Robust Subspace Segmentation by Low-Rank Representation},
  year = {2010}
}

@inproceedings{liu2010robust2,
  address = {Haifa, Israel},
  author = {Liu, Hairong and Yan, Shuicheng},
  booktitle = {Proceedings of the 27th International Conference on Machine Learning (ICML)},
  editor = {Fü rnkranz, Johannes and Joachims, Thorsten},
  month = {June},
  note = {\url{\url{https://icml.cc/Conferences/2010/papers/132.pdf}}},
  openalex = {W2161561128},
  pages = {671--678},
  publisher = {Omnipress},
  title = {Robust Graph Mode Seeking by Graph Shift},
  year = {2010}
}

@inproceedings{lizotte2010efficient,
  address = {Haifa, Israel},
  author = {Lizotte, Daniel J. and Bowling, Michael and Murphy, Susan A.},
  booktitle = {Proceedings of the 27th International Conference on Machine Learning (ICML)},
  editor = {Fü rnkranz, Johannes and Joachims, Thorsten},
  month = {June},
  note = {\url{\url{https://icml.cc/Conferences/2010/papers/464.pdf}}},
  openalex = {W291243768},
  pages = {695--702},
  publisher = {Omnipress},
  title = {Efficient Reinforcement Learning with Multiple Reward Functions for Randomized Controlled Trial Analysis},
  year = {2010}
}

@inproceedings{long2010restricted,
  address = {Haifa, Israel},
  author = {Long, Philip M. and Servedio, Rocco A.},
  booktitle = {Proceedings of the 27th International Conference on Machine Learning (ICML)},
  editor = {Fü rnkranz, Johannes and Joachims, Thorsten},
  month = {June},
  note = {\url{\url{https://icml.cc/Conferences/2010/papers/115.pdf}}},
  openalex = {W2145392412},
  pages = {703--710},
  publisher = {Omnipress},
  title = {Restricted Boltzmann Machines are Hard to Approximately Evaluate or Simulate},
  year = {2010}
}

@inproceedings{mackey2010mixed,
  address = {Haifa, Israel},
  author = {Mackey, Lester and Weiss, David J. and Jordan, Michael I.},
  booktitle = {Proceedings of the 27th International Conference on Machine Learning (ICML)},
  editor = {Fü rnkranz, Johannes and Joachims, Thorsten},
  month = {June},
  note = {\url{\url{https://icml.cc/Conferences/2010/papers/553.pdf}}},
  openalex = {W2404484756},
  pages = {711--718},
  publisher = {Omnipress},
  title = {Mixed Membership Matrix Factorization.},
  year = {2010}
}

@inproceedings{maei2010toward,
  address = {Haifa, Israel},
  author = {Maei, Hamid Reza and Szepesvári, Csaba and Bhatnagar, Shalabh and Sutton, Richard S.},
  booktitle = {Proceedings of the 27th International Conference on Machine Learning (ICML)},
  editor = {Fü rnkranz, Johannes and Joachims, Thorsten},
  month = {June},
  note = {\url{\url{https://icml.cc/Conferences/2010/papers/627.pdf}}},
  pages = {719--726},
  publisher = {Omnipress},
  title = {Toward Off-Policy Learning Control with Function Approximation},
  year = {2010}
}

@inproceedings{mahmud2010constructing,
  address = {Haifa, Israel},
  author = {Mahmud, M. M. Hassan},
  booktitle = {Proceedings of the 27th International Conference on Machine Learning (ICML)},
  editor = {Fü rnkranz, Johannes and Joachims, Thorsten},
  month = {June},
  note = {\url{\url{https://icml.cc/Conferences/2010/papers/593.pdf}}},
  pages = {727--734},
  publisher = {Omnipress},
  title = {Constructing States for Reinforcement Learning},
  year = {2010}
}

@inproceedings{martens2010deep,
  address = {Haifa, Israel},
  author = {Martens, James},
  booktitle = {Proceedings of the 27th International Conference on Machine Learning (ICML)},
  editor = {Fü rnkranz, Johannes and Joachims, Thorsten},
  month = {June},
  note = {\url{\url{https://icml.cc/Conferences/2010/papers/458.pdf}}},
  openalex = {W196761320},
  pages = {735--742},
  publisher = {Omnipress},
  title = {Deep learning via Hessian-free optimization},
  year = {2010}
}

@inproceedings{martens2010learning,
  address = {Haifa, Israel},
  author = {Martens, James},
  booktitle = {Proceedings of the 27th International Conference on Machine Learning (ICML)},
  editor = {Fü rnkranz, Johannes and Joachims, Thorsten},
  month = {June},
  note = {\url{\url{https://icml.cc/Conferences/2010/papers/532.pdf}}},
  openalex = {W101391057},
  pages = {743--750},
  publisher = {Omnipress},
  title = {Learning the Linear Dynamical System with ASOS},
  year = {2010}
}

@inproceedings{masaeli2010from,
  address = {Haifa, Israel},
  author = {Masaeli, Mahdokht and Dy, Jennifer and Fung, Glenn},
  booktitle = {Proceedings of the 27th International Conference on Machine Learning (ICML)},
  editor = {Furnkranz, Johannes and Joachims, Thorsten},
  month = {June},
  note = {\url{https://icml.cc/Conferences/2010/papers/333.pdf}},
  openalex = {W2096364142},
  pages = {751--758},
  publisher = {Omnipress},
  title = {From Transformation-Based Dimensionality Reduction to Feature Selection},
  year = {2010}
}

@inproceedings{masnadishirazi2010risk,
  address = {Haifa, Israel},
  author = {Masnadi-Shirazi, Hamed and Vasconcelos, Nuno},
  booktitle = {Proceedings of the 27th International Conference on Machine Learning (ICML)},
  editor = {Furnkranz, Johannes and Joachims, Thorsten},
  month = {June},
  note = {\url{https://icml.cc/Conferences/2010/papers/376.pdf}},
  openalex = {W142463596},
  pages = {759--766},
  publisher = {Omnipress},
  title = {Risk minimization, probability elicitation, and cost-sensitive SVMs},
  year = {2010}
}

@inproceedings{mcauley2010exploiting,
  address = {Haifa, Israel},
  author = {McAuley, Julian and Caetano, Tib rio S.},
  booktitle = {Proceedings of the 27th International Conference on Machine Learning (ICML)},
  editor = {Furnkranz, Johannes and Joachims, Thorsten},
  month = {June},
  note = {\url{https://icml.cc/Conferences/2010/papers/202.pdf}},
  openalex = {W2103860820},
  pages = {767--774},
  publisher = {Omnipress},
  title = {Exploiting Data-Independence for Fast Belief-Propagation},
  year = {2010}
}

@inproceedings{mcfee2010metric,
  address = {Haifa, Israel},
  author = {McFee, Brian and Lanckriet, Gert R. G.},
  booktitle = {Proceedings of the 27th International Conference on Machine Learning (ICML)},
  editor = {Furnkranz, Johannes and Joachims, Thorsten},
  month = {June},
  note = {\url{https://icml.cc/Conferences/2010/papers/504.pdf}},
  pages = {775--782},
  publisher = {Omnipress},
  title = {Metric Learning to Rank},
  year = {2010}
}

@inproceedings{meshi2010learning,
  address = {Haifa, Israel},
  author = {Meshi, Ofer and Sontag, David and Globerson, Amir and Jaakkola, Tommi},
  booktitle = {Proceedings of the 27th International Conference on Machine Learning (ICML)},
  editor = {Furnkranz, Johannes and Joachims, Thorsten},
  month = {June},
  note = {\url{https://icml.cc/Conferences/2010/papers/587.pdf}},
  openalex = {W2569568557},
  pages = {783--790},
  publisher = {Omnipress},
  title = {Learning Efficiently with Approximate Inference via Dual Losses},
  year = {2010}
}

@inproceedings{min2010deep,
  address = {Haifa, Israel},
  author = {Min, Martin Renqiang and Maaten, L.J.P. van der and Yuan, Zineng and Bonner, Anthony J. and Zhang, Zhaolei},
  booktitle = {Proceedings of the 27th International Conference on Machine Learning (ICML)},
  editor = {Furnkranz, Johannes and Joachims, Thorsten},
  month = {June},
  note = {\url{https://icml.cc/Conferences/2010/papers/149.pdf}},
  openalex = {W2143797877},
  pages = {791--798},
  publisher = {Omnipress},
  title = {Deep Supervised t-Distributed Embedding},
  year = {2010}
}

@inproceedings{morimura2010nonparametric,
  address = {Haifa, Israel},
  author = {Morimura, Tetsuro and Sugiyama, Masashi and Kashima, Hisashi and Hachiya, Hirotaka and Tanaka, Toshiyuki},
  booktitle = {Proceedings of the 27th International Conference on Machine Learning (ICML)},
  editor = {Furnkranz, Johannes and Joachims, Thorsten},
  month = {June},
  note = {\url{https://icml.cc/Conferences/2010/papers/652.pdf}},
  openalex = {W2102288976},
  pages = {799--806},
  publisher = {Omnipress},
  title = {Nonparametric Return Distribution Approximation for Reinforcement Learning},
  year = {2010}
}

@inproceedings{nair2010rectified,
  address = {Haifa, Israel},
  author = {Nair, Vinod and Hinton, Geoffrey E.},
  booktitle = {Proceedings of the 27th International Conference on Machine Learning (ICML)},
  editor = {Furnkranz, Johannes and Joachims, Thorsten},
  month = {June},
  note = {\url{https://icml.cc/Conferences/2010/papers/432.pdf}},
  openalex = {W1665214252},
  pages = {807--814},
  publisher = {Omnipress},
  title = {Rectified Linear Units Improve Restricted Boltzmann Machines},
  year = {2010}
}

@inproceedings{nakajima2010implicit,
  address = {Haifa, Israel},
  author = {Nakajima, Shinichi and Sugiyama, Masashi},
  booktitle = {Proceedings of the 27th International Conference on Machine Learning (ICML)},
  editor = {Furnkranz, Johannes and Joachims, Thorsten},
  month = {June},
  note = {\url{https://icml.cc/Conferences/2010/papers/518.pdf}},
  openalex = {W2119752830},
  pages = {815--822},
  publisher = {Omnipress},
  title = {Implicit Regularization in Variational Bayesian Matrix Factorization},
  year = {2010}
}

@inproceedings{niu2010multiple,
  address = {Haifa, Israel},
  author = {Niu, Donglin and Dy, Jennifer and Jordan, Michael I.},
  booktitle = {Proceedings of the 27th International Conference on Machine Learning (ICML)},
  editor = {Furnkranz, Johannes and Joachims, Thorsten},
  month = {June},
  note = {\url{https://icml.cc/Conferences/2010/papers/342.pdf}},
  openalex = {W2110877857},
  pages = {831--838},
  publisher = {Omnipress},
  title = {Multiple Non-Redundant Spectral Clustering Views},
  year = {2010}
}

@inproceedings{ontanon2010multiagent,
  address = {Haifa, Israel},
  author = {n, Santiago Onta and Plaza, Enric},
  booktitle = {Proceedings of the 27th International Conference on Machine Learning (ICML)},
  editor = {Furnkranz, Johannes and Joachims, Thorsten},
  month = {June},
  note = {\url{https://icml.cc/Conferences/2010/papers/284.pdf}},
  openalex = {W2154272416},
  pages = {839--846},
  publisher = {Omnipress},
  title = {Multiagent Inductive Learning: an Argumentation-based Approach},
  year = {2010}
}

@inproceedings{paisley2010stickbreaking,
  address = {Haifa, Israel},
  author = {Paisley, John and Zaas, Aimee K. and Woods, Christopher W. and Ginsburg, Geoffrey S. and Carin, Lawrence},
  booktitle = {Proceedings of the 27th International Conference on Machine Learning (ICML)},
  editor = {Furnkranz, Johannes and Joachims, Thorsten},
  month = {June},
  note = {\url{https://icml.cc/Conferences/2010/papers/371.pdf}},
  openalex = {W152832198},
  pages = {847--854},
  publisher = {Omnipress},
  title = {A Stick-Breaking Construction of the Beta Process},
  year = {2010}
}

@inproceedings{panagiotakopoulos2010margin,
  address = {Haifa, Israel},
  author = {Panagiotakopoulos, C. and Tsampouka, Petroula},
  booktitle = {Proceedings of the 27th International Conference on Machine Learning (ICML)},
  editor = {Furnkranz, Johannes and Joachims, Thorsten},
  month = {June},
  note = {\url{https://icml.cc/Conferences/2010/papers/176.pdf}},
  openalex = {W84453366},
  pages = {855--862},
  publisher = {Omnipress},
  title = {The Margin Perceptron with Unlearning},
  year = {2010}
}

@inproceedings{pardoe2010boosting,
  address = {Haifa, Israel},
  author = {Pardoe, David and Stone, Peter},
  booktitle = {Proceedings of the 27th International Conference on Machine Learning (ICML)},
  editor = {Furnkranz, Johannes and Joachims, Thorsten},
  month = {June},
  note = {\url{https://icml.cc/Conferences/2010/papers/330.pdf}},
  openalex = {W2125918842},
  pages = {863--870},
  publisher = {Omnipress},
  title = {Boosting for Regression Transfer},
  year = {2010}
}

@inproceedings{petrik2010feature,
  address = {Haifa, Israel},
  author = {Petrik, Marek and Taylor, Gavin and Parr, Ronald and Zilberstein, Shlomo},
  booktitle = {Proceedings of the 27th International Conference on Machine Learning (ICML)},
  editor = {Furnkranz, Johannes and Joachims, Thorsten},
  month = {June},
  note = {\url{https://icml.cc/Conferences/2010/papers/52.pdf}},
  openalex = {W2110486110},
  pages = {871--878},
  publisher = {Omnipress},
  title = {Feature Selection Using Regularization in Approximate Linear Programs for Markov Decision Processes},
  year = {2010}
}

@inproceedings{poon2010variable,
  address = {Haifa, Israel},
  author = {Poon, Leonard K. M. and Zhang, Nevin Lianwen and Chen, Tao and Wang, Yi},
  booktitle = {Proceedings of the 27th International Conference on Machine Learning (ICML)},
  editor = {Furnkranz, Johannes and Joachims, Thorsten},
  month = {June},
  note = {\url{https://icml.cc/Conferences/2010/papers/26.pdf}},
  pages = {887--894},
  publisher = {Omnipress},
  title = {Variable Selection in Model-Based Clustering: To Do or To Facilitate},
  year = {2010}
}

@inproceedings{raphael2010music,
  address = {Haifa, Israel},
  author = {Raphael, Christopher},
  booktitle = {Proceedings of the 27th International Conference on Machine Learning (ICML)},
  editor = {Fü rnkranz, Johannes and Joachims, Thorsten},
  month = {June},
  note = {\url{https://icml.cc/Conferences/2010/papers/904.pdf}},
  openalex = {W2120423239},
  pages = {21--28},
  publisher = {Omnipress},
  title = {Music Plus One and Machine Learning},
  year = {2010}
}

@inproceedings{reisinger2010spherical,
  address = {Haifa, Israel},
  author = {Reisinger, Joseph and Waters, Austin and Silverthorn, Bryan and Mooney, Raymond J.},
  booktitle = {Proceedings of the 27th International Conference on Machine Learning (ICML)},
  editor = {Furnkranz, Johannes and Joachims, Thorsten},
  month = {June},
  note = {\url{https://icml.cc/Conferences/2010/papers/45.pdf}},
  openalex = {W2119650157},
  pages = {903--910},
  publisher = {Omnipress},
  title = {Spherical Topic Models},
  year = {2010}
}

@inproceedings{roux2010fast,
  address = {Haifa, Israel},
  author = {Roux, Nicolas Le and Fitzgibbon, Andrew},
  booktitle = {Proceedings of the 27th International Conference on Machine Learning (ICML)},
  editor = {Fü rnkranz, Johannes and Joachims, Thorsten},
  month = {June},
  note = {\url{\url{https://icml.cc/Conferences/2010/papers/438.pdf}}},
  openalex = {W1598497354},
  pages = {623--630},
  publisher = {Omnipress},
  title = {A fast natural Newton method},
  year = {2010}
}

@inproceedings{rupping2010svm,
  address = {Haifa, Israel},
  author = {Rüping, Stefan},
  booktitle = {Proceedings of the 27th International Conference on Machine Learning (ICML)},
  editor = {Furnkranz, Johannes and Joachims, Thorsten},
  month = {June},
  note = {\url{https://icml.cc/Conferences/2010/papers/223.pdf}},
  openalex = {W2407981807},
  pages = {911--918},
  publisher = {Omnipress},
  title = {SVM Classifier Estimation from Group Probabilities.},
  year = {2010}
}

@inproceedings{ryabko2010clustering,
  address = {Haifa, Israel},
  author = {Ryabko, Daniil},
  booktitle = {Proceedings of the 27th International Conference on Machine Learning (ICML)},
  editor = {Furnkranz, Johannes and Joachims, Thorsten},
  month = {June},
  note = {\url{https://icml.cc/Conferences/2010/papers/279.pdf}},
  pages = {919--926},
  publisher = {Omnipress},
  title = {Clustering Processes},
  year = {2010}
}

@inproceedings{saatci2010gaussian,
  address = {Haifa, Israel},
  author = {Saatçi, Yunus and Turner, R.D. and Rasmussen, Carl Edward},
  booktitle = {Proceedings of the 27th International Conference on Machine Learning (ICML)},
  editor = {Furnkranz, Johannes and Joachims, Thorsten},
  month = {June},
  note = {\url{https://icml.cc/Conferences/2010/papers/170.pdf}},
  openalex = {W1963375715},
  pages = {927--934},
  publisher = {Omnipress},
  title = {Gaussian Process Change Point Models},
  year = {2010}
}

@inproceedings{sah2010estimation,
  address = {Haifa, Israel},
  author = {Sah, N. and Negahban, N. and Wainwright, Martin J.},
  booktitle = {Proceedings of the 27th International Conference on Machine Learning (ICML)},
  editor = {Furnkranz, Johannes and Joachims, Thorsten},
  month = {June},
  note = {\url{https://icml.cc/Conferences/2010/papers/195.pdf}},
  pages = {823--830},
  publisher = {Omnipress},
  title = {Estimation of (near) Low-Rank Matrices with Noise and High-Dimensional Scaling},
  year = {2010}
}

@inproceedings{sakuma2010online,
  address = {Haifa, Israel},
  author = {Sakuma, Jun and Arai, Hiromi},
  booktitle = {Proceedings of the 27th International Conference on Machine Learning (ICML)},
  editor = {Furnkranz, Johannes and Joachims, Thorsten},
  month = {June},
  note = {\url{https://icml.cc/Conferences/2010/papers/259.pdf}},
  openalex = {W2131625094},
  pages = {935--942},
  publisher = {Omnipress},
  title = {Online Prediction with Privacy},
  year = {2010}
}

@inproceedings{salakhutdinov2010learning,
  address = {Haifa, Israel},
  author = {Salakhutdinov, Ruslan},
  booktitle = {Proceedings of the 27th International Conference on Machine Learning (ICML)},
  editor = {Furnkranz, Johannes and Joachims, Thorsten},
  month = {June},
  note = {\url{https://icml.cc/Conferences/2010/papers/441.pdf}},
  openalex = {W142185896},
  pages = {943--950},
  publisher = {Omnipress},
  title = {Learning Deep Boltzmann Machines using Adaptive MCMC},
  year = {2010}
}

@inproceedings{sawade2010active,
  address = {Haifa, Israel},
  author = {Sawade, Christoph and Landwehr, Niels and Bickel, Steffen and Scheffer, Tobias},
  booktitle = {Proceedings of the 27th International Conference on Machine Learning (ICML)},
  editor = {Furnkranz, Johannes and Joachims, Thorsten},
  month = {June},
  note = {\url{https://icml.cc/Conferences/2010/papers/285.pdf}},
  openalex = {W2108736173},
  pages = {951--958},
  publisher = {Omnipress},
  title = {Active Risk Estimation},
  year = {2010}
}

@inproceedings{scherrer2010should,
  address = {Haifa, Israel},
  author = {Scherrer, Bruno},
  booktitle = {Proceedings of the 27th International Conference on Machine Learning (ICML)},
  editor = {Furnkranz, Johannes and Joachims, Thorsten},
  month = {June},
  note = {\url{https://icml.cc/Conferences/2010/papers/654.pdf}},
  openalex = {W2108596215},
  pages = {959--966},
  publisher = {Omnipress},
  title = {Should one compute the Temporal Difference fix point or minimize the Bellman Residual? The unified oblique projection view},
  year = {2010}
}

@inproceedings{seeger2010gaussian,
  address = {Haifa, Israel},
  author = {Seeger, Matthias},
  booktitle = {Proceedings of the 27th International Conference on Machine Learning (ICML)},
  editor = {Furnkranz, Johannes and Joachims, Thorsten},
  month = {June},
  note = {\url{https://icml.cc/Conferences/2010/papers/311.pdf}},
  openalex = {W2156975525},
  pages = {967--974},
  publisher = {Omnipress},
  title = {Gaussian Covariance and Scalable Variational Inference},
  year = {2010}
}

@inproceedings{shoeb2010application,
  address = {Haifa, Israel},
  author = {Shoeb, Ali H. and Guttag, John V.},
  booktitle = {Proceedings of the 27th International Conference on Machine Learning (ICML)},
  editor = {Furnkranz, Johannes and Joachims, Thorsten},
  month = {June},
  note = {\url{https://icml.cc/Conferences/2010/papers/493.pdf}},
  pages = {975--982},
  publisher = {Omnipress},
  title = {Application of Machine Learning to Epileptic Seizure Detection},
  year = {2010}
}

@inproceedings{snyder2010climbing,
  address = {Haifa, Israel},
  author = {Snyder, Benjamin and Barzilay, Regina},
  booktitle = {Proceedings of the 27th International Conference on Machine Learning (ICML)},
  editor = {Fü rnkranz, Johannes and Joachims, Thorsten},
  month = {June},
  note = {\url{https://icml.cc/Conferences/2010/papers/905.pdf}},
  openalex = {W2254954578},
  pages = {29--36},
  publisher = {Omnipress},
  title = {Climbing the Tower of Babel: Unsupervised Multilingual Learning},
  year = {2010}
}

@inproceedings{song2010hilbert,
  address = {Haifa, Israel},
  author = {Song, Le and Boots, Byron and Siddiqi, Sajid M. and Gordon, Geoffrey J. and Smola, Alex},
  booktitle = {Proceedings of the 27th International Conference on Machine Learning (ICML)},
  editor = {Furnkranz, Johannes and Joachims, Thorsten},
  month = {June},
  note = {\url{https://icml.cc/Conferences/2010/papers/495.pdf}},
  openalex = {W2138153286},
  pages = {991--998},
  publisher = {Omnipress},
  title = {Hilbert Space Embeddings of Hidden Markov Models},
  year = {2010}
}

@inproceedings{sonnenburg2010coffin,
  address = {Haifa, Israel},
  author = {Sonnenburg, Soeren and Franc, Vojtěch},
  booktitle = {Proceedings of the 27th International Conference on Machine Learning (ICML)},
  editor = {Furnkranz, Johannes and Joachims, Thorsten},
  month = {June},
  note = {\url{https://icml.cc/Conferences/2010/papers/280.pdf}},
  openalex = {W205960552},
  pages = {999--1006},
  publisher = {Omnipress},
  title = {COFFIN: A Computational Framework for Linear SVMs},
  year = {2010}
}

@inproceedings{sorg2010internal,
  address = {Haifa, Israel},
  author = {Sorg, Jonathan and Singh, Satinder and Lewis, Richard L.},
  booktitle = {Proceedings of the 27th International Conference on Machine Learning (ICML)},
  editor = {Furnkranz, Johannes and Joachims, Thorsten},
  month = {June},
  note = {\url{https://icml.cc/Conferences/2010/papers/442.pdf}},
  openalex = {W2135995480},
  pages = {1007--1014},
  publisher = {Omnipress},
  title = {Internal Rewards Mitigate Agent Boundedness},
  year = {2010}
}

@inproceedings{srinivas2010gaussian,
  address = {Haifa, Israel},
  author = {Srinivas, Niranjan and Krause, Andreas and Seeger, Matthias and Kakade, Sham M.},
  booktitle = {Proceedings of the 27th International Conference on Machine Learning (ICML)},
  editor = {Furnkranz, Johannes and Joachims, Thorsten},
  month = {June},
  note = {\url{https://icml.cc/Conferences/2010/papers/422.pdf}},
  openalex = {W2951665052},
  pages = {1015--1022},
  publisher = {Omnipress},
  title = {Gaussian Process Optimization in the Bandit Setting: No Regret and Experimental Design},
  year = {2010}
}

@inproceedings{syed2010unsupervised,
  address = {Haifa, Israel},
  author = {Syed, Zeeshan and Rubinfeld, Ilan},
  booktitle = {Proceedings of the 27th International Conference on Machine Learning (ICML)},
  editor = {Furnkranz, Johannes and Joachims, Thorsten},
  month = {June},
  note = {\url{https://icml.cc/Conferences/2010/papers/310.pdf}},
  openalex = {W2099746384},
  pages = {1023--1030},
  publisher = {Omnipress},
  title = {Unsupervised Risk Stratification in Clinical Datasets: Identifying Patients at Risk of Rare Outcomes},
  year = {2010}
}

@inproceedings{szita2010modelbased,
  address = {Haifa, Israel},
  author = {Szita, István and ri, Csaba Szepesv},
  booktitle = {Proceedings of the 27th International Conference on Machine Learning (ICML)},
  editor = {Furnkranz, Johannes and Joachims, Thorsten},
  month = {June},
  note = {\url{https://icml.cc/Conferences/2010/papers/546.pdf}},
  openalex = {W1526654727},
  pages = {1031--1038},
  publisher = {Omnipress},
  title = {Model-based reinforcement learning with nearly tight exploration complexity bounds},
  year = {2010}
}

@inproceedings{szlam2010total,
  address = {Haifa, Israel},
  author = {Bresson, Xavier and Szlam, Arthur},
  booktitle = {Proceedings of the 27th International Conference on Machine Learning (ICML)},
  editor = {Furnkranz, Johannes and Joachims, Thorsten},
  month = {June},
  note = {\url{https://icml.cc/Conferences/2010/papers/233.pdf}},
  openalex = {W1961988472},
  pages = {1039--1046},
  publisher = {Omnipress},
  title = {Total Variation, Cheeger Cuts},
  year = {2010}
}

@inproceedings{tan2010learning,
  address = {Haifa, Israel},
  author = {Tan, Mingkui and Wang, Li and Tsang, Ivor W.},
  booktitle = {Proceedings of the 27th International Conference on Machine Learning (ICML)},
  editor = {Furnkranz, Johannes and Joachims, Thorsten},
  month = {June},
  note = {\url{https://icml.cc/Conferences/2010/papers/227.pdf}},
  openalex = {W179492584},
  pages = {1047--1054},
  publisher = {Omnipress},
  title = {Learning Sparse SVM for Feature Selection on Very High Dimensional Datasets},
  year = {2010}
}

@inproceedings{tang2010deep,
  address = {Haifa, Israel},
  author = {Tang, Yichuan and Eliasmith, Chris},
  booktitle = {Proceedings of the 27th International Conference on Machine Learning (ICML)},
  editor = {Furnkranz, Johannes and Joachims, Thorsten},
  month = {June},
  note = {\url{https://icml.cc/Conferences/2010/papers/370.pdf}},
  openalex = {W1963079441},
  pages = {1055--1062},
  publisher = {Omnipress},
  title = {Deep networks for robust visual recognition},
  year = {2010}
}

@inproceedings{thiao2010dc,
  address = {Haifa, Israel},
  author = {Thiao, Mamadou and Tao, Pham Dinh and An, Le Thi Hoai},
  booktitle = {Proceedings of the 27th International Conference on Machine Learning (ICML)},
  editor = {Furnkranz, Johannes and Joachims, Thorsten},
  month = {June},
  note = {\url{https://icml.cc/Conferences/2010/papers/359.pdf}},
  pages = {1063--1070},
  publisher = {Omnipress},
  title = {A DC Programming Approach for Sparse Eigenvalue Problem},
  year = {2010}
}

@inproceedings{thiery2010leastsquares,
  address = {Haifa, Israel},
  author = {Thiéry, Christophe and Scherrer, Bruno},
  booktitle = {Proceedings of the 27th International Conference on Machine Learning (ICML)},
  editor = {Furnkranz, Johannes and Joachims, Thorsten},
  month = {June},
  note = {\url{https://icml.cc/Conferences/2010/papers/336.pdf}},
  openalex = {W1579026795},
  pages = {1071--1078},
  publisher = {Omnipress},
  title = {Least-Squares Policy Iteration: Bias-Variance Trade-off in Control Problems},
  year = {2010}
}

@inproceedings{ting2010analysis,
  address = {Haifa, Israel},
  author = {Ting, Daniel and Huang, Ling and Jordan, Michael I.},
  booktitle = {Proceedings of the 27th International Conference on Machine Learning (ICML)},
  editor = {Furnkranz, Johannes and Joachims, Thorsten},
  month = {June},
  note = {\url{https://icml.cc/Conferences/2010/papers/554.pdf}},
  openalex = {W2146508075},
  pages = {1079--1086},
  publisher = {Omnipress},
  title = {An Analysis of the Convergence of Graph Laplacians},
  year = {2010}
}

@inproceedings{tomioka2010fast,
  address = {Haifa, Israel},
  author = {Tomioka, Ryota and Suzuki, Taiji and Sugiyama, Masashi and Kashima, Hisashi},
  booktitle = {Proceedings of the 27th International Conference on Machine Learning (ICML)},
  editor = {Furnkranz, Johannes and Joachims, Thorsten},
  month = {June},
  note = {\url{https://icml.cc/Conferences/2010/papers/556.pdf}},
  openalex = {W1908100068},
  pages = {1087--1094},
  publisher = {Omnipress},
  title = {A Fast Augmented Lagrangian Algorithm for Learning Low-Rank Matrices},
  year = {2010}
}

@inproceedings{tu2010onesided,
  address = {Haifa, Israel},
  author = {Tu, Han-hsing and Lin, Hsuan-Tien},
  booktitle = {Proceedings of the 27th International Conference on Machine Learning (ICML)},
  editor = {Furnkranz, Johannes and Joachims, Thorsten},
  month = {June},
  note = {\url{https://icml.cc/Conferences/2010/papers/207.pdf}},
  openalex = {W55145144},
  pages = {1095--1102},
  publisher = {Omnipress},
  title = {One-sided Support Vector Regression for Multiclass Cost-sensitive Classification},
  year = {2010}
}

@inproceedings{vickrey2010nonlocal,
  address = {Haifa, Israel},
  author = {Vickrey, David and Lin, Cliff Chiung-Yu and Koller, Daphne},
  booktitle = {Proceedings of the 27th International Conference on Machine Learning (ICML)},
  editor = {Furnkranz, Johannes and Joachims, Thorsten},
  month = {June},
  note = {\url{https://icml.cc/Conferences/2010/papers/592.pdf}},
  openalex = {W2102419022},
  pages = {1103--1110},
  publisher = {Omnipress},
  title = {Non-Local Contrastive Objectives},
  year = {2010}
}

@inproceedings{vogt2010translationinvariant,
  address = {Haifa, Israel},
  author = {Vogt, Julia E. and Prabhakaran, Sandhya and Fuchs, Thomas J. and Röth, Volker},
  booktitle = {Proceedings of the 27th International Conference on Machine Learning (ICML)},
  editor = {Furnkranz, Johannes and Joachims, Thorsten},
  month = {June},
  note = {\url{https://icml.cc/Conferences/2010/papers/248.pdf}},
  openalex = {W2116425140},
  pages = {1111--1118},
  publisher = {Omnipress},
  title = {The Translation-invariant Wishart-Dirichlet Process for Clustering Distance Data},
  year = {2010}
}

@inproceedings{walsh2010generalizing,
  address = {Haifa, Israel},
  author = {Walsh, Thomas J. and Subramanian, K.A. and Littman, Michael L. and Diuk, Carlos},
  booktitle = {Proceedings of the 27th International Conference on Machine Learning (ICML)},
  editor = {Furnkranz, Johannes and Joachims, Thorsten},
  month = {June},
  note = {\url{https://icml.cc/Conferences/2010/papers/475.pdf}},
  openalex = {W2171691846},
  pages = {1119--1126},
  publisher = {Omnipress},
  title = {Generalizing Apprenticeship Learning across Hypothesis Classes},
  year = {2010}
}

@inproceedings{wang2010multiclass,
  address = {Haifa, Israel},
  author = {Wang, Zhuang and Crammer, Koby and Vučetić, Slobodan},
  booktitle = {Proceedings of the 27th International Conference on Machine Learning (ICML)},
  editor = {Fürrnkranz, Johannes and Joachims, Thorsten},
  month = {June},
  note = {\url{https://icml.cc/Conferences/2010/papers/569.pdf}},
  openalex = {W2129379475},
  pages = {1143--1150},
  publisher = {Omnipress},
  title = {Multi-Class Pegasos on a Budget},
  year = {2010}
}

@inproceedings{wang2010new,
  address = {Haifa, Israel},
  author = {Wang, Wei and Zhou, Zhi‐Hua},
  booktitle = {Proceedings of the 27th International Conference on Machine Learning (ICML)},
  editor = {Fürrnkranz, Johannes and Joachims, Thorsten},
  month = {June},
  note = {\url{https://icml.cc/Conferences/2010/papers/275.pdf}},
  openalex = {W2126250169},
  pages = {1135--1142},
  publisher = {Omnipress},
  title = {A New Analysis of Co-Training},
  year = {2010}
}

@inproceedings{wang2010sequential,
  address = {Haifa, Israel},
  author = {Wang, Jun and Kumar, Sanjiv and Chang, Shih‐Fu},
  booktitle = {Proceedings of the 27th International Conference on Machine Learning (ICML)},
  editor = {Fürrnkranz, Johannes and Joachims, Thorsten},
  month = {June},
  note = {\url{https://icml.cc/Conferences/2010/papers/178.pdf}},
  openalex = {W2121713321},
  pages = {1127--1134},
  publisher = {Omnipress},
  title = {Sequential Projection Learning for Hashing with Compact Codes},
  year = {2010}
}

@inproceedings{williamson2010ibp,
  address = {Haifa, Israel},
  author = {Williamson, Sinead A. and Wang, Chong and Heller, Katherine and Blei, David M.},
  booktitle = {Proceedings of the 27th International Conference on Machine Learning (ICML)},
  editor = {Fürrnkranz, Johannes and Joachims, Thorsten},
  month = {June},
  note = {\url{https://icml.cc/Conferences/2010/papers/397.pdf}},
  openalex = {W2167810193},
  pages = {1151--1158},
  publisher = {Omnipress},
  title = {The IBP Compound Dirichlet Process and its Application to Focused Topic Modeling},
  year = {2010}
}

@inproceedings{wu2010online,
  address = {Haifa, Israel},
  author = {Wu, Xindong and Yu, Kui and Wang, Hao and Ding, Wei},
  booktitle = {Proceedings of the 27th International Conference on Machine Learning (ICML)},
  editor = {Fürrnkranz, Johannes and Joachims, Thorsten},
  month = {June},
  note = {\url{https://icml.cc/Conferences/2010/papers/238.pdf}},
  openalex = {W1949281989},
  pages = {1159--1166},
  publisher = {Omnipress},
  title = {Online Streaming Feature Selection},
  year = {2010}
}

@inproceedings{wunder2010classes,
  address = {Haifa, Israel},
  author = {Wunder, Michael B. and Littman, Michael L. and Babes, Monica},
  booktitle = {Proceedings of the 27th International Conference on Machine Learning (ICML)},
  editor = {Fürrnkranz, Johannes and Joachims, Thorsten},
  month = {June},
  note = {\url{https://icml.cc/Conferences/2010/papers/191.pdf}},
  openalex = {W2156060009},
  pages = {1167--1174},
  publisher = {Omnipress},
  title = {Classes of Multiagent Q-learning Dynamics with epsilon-greedy Exploration},
  year = {2010}
}

@inproceedings{xu2010detecting,
  address = {Haifa, Israel},
  author = {Xu, Wei and Huang, Ling and Fox, Armando and Patterson, David A. and Jordan, Michael I.},
  booktitle = {Proceedings of the 27th International Conference on Machine Learning (ICML)},
  editor = {Fü rnkranz, Johannes and Joachims, Thorsten},
  month = {June},
  note = {\url{https://icml.cc/Conferences/2010/papers/902.pdf}},
  openalex = {W2039157918},
  pages = {37--46},
  publisher = {Omnipress},
  title = {Detecting large-scale system problems by mining console logs},
  year = {2010}
}

@inproceedings{xu2010simple,
  address = {Haifa, Israel},
  author = {Xu, Zenglin and Jin, Rong and Yang, Haiqin and King, Irwin and Lyu, Michael R.},
  booktitle = {Proceedings of the 27th International Conference on Machine Learning (ICML)},
  editor = {Fürrnkranz, Johannes and Joachims, Thorsten},
  month = {June},
  note = {\url{https://icml.cc/Conferences/2010/papers/540.pdf}},
  openalex = {W1915109052},
  pages = {1175--1182},
  publisher = {Omnipress},
  title = {Simple and Efficient Multiple Kernel Learning by Group Lasso},
  year = {2010}
}

@inproceedings{yan2010sparse,
  address = {Haifa, Israel},
  author = {Yan, Feng and Qi, Yuan (Alan)},
  booktitle = {Proceedings of the 27th International Conference on Machine Learning (ICML)},
  editor = {Fürrnkranz, Johannes and Joachims, Thorsten},
  month = {June},
  note = {\url{https://icml.cc/Conferences/2010/papers/636.pdf}},
  pages = {1183--1190},
  publisher = {Omnipress},
  title = {Sparse Gaussian Process Regression via L1 Penalization},
  year = {2010}
}

@inproceedings{yang2010learning,
  address = {Haifa, Israel},
  author = {Yang, Tianbao and Jin, Rong and Jain, Anil K.},
  booktitle = {Proceedings of the 27th International Conference on Machine Learning (ICML)},
  editor = {Fürrnkranz, Johannes and Joachims, Thorsten},
  month = {June},
  note = {\url{https://icml.cc/Conferences/2010/papers/117.pdf}},
  openalex = {W2123839431},
  pages = {1199--1206},
  publisher = {Omnipress},
  title = {Learning from Noisy Side Information by Generalized Maximum Entropy Model},
  year = {2010}
}

@inproceedings{yang2010online,
  address = {Haifa, Israel},
  author = {Yang, Haiqin and Xu, Zenglin and King, Irwin and Lyu, Michael R.},
  booktitle = {Proceedings of the 27th International Conference on Machine Learning (ICML)},
  editor = {Fürrnkranz, Johannes and Joachims, Thorsten},
  month = {June},
  note = {\url{https://icml.cc/Conferences/2010/papers/473.pdf}},
  openalex = {W179182636},
  pages = {1191--1198},
  publisher = {Omnipress},
  title = {Online Learning for Group Lasso},
  year = {2010}
}

@inproceedings{yu2010convergence,
  address = {Haifa, Israel},
  author = {Yu, Huizhen},
  booktitle = {Proceedings of the 27th International Conference on Machine Learning (ICML)},
  editor = {Fürrnkranz, Johannes and Joachims, Thorsten},
  month = {June},
  note = {\url{https://icml.cc/Conferences/2010/papers/187.pdf}},
  openalex = {W2154761920},
  pages = {1207--1214},
  publisher = {Omnipress},
  title = {Convergence of Least Squares Temporal Difference Methods Under General Conditions},
  year = {2010}
}

@inproceedings{yu2010improved,
  address = {Haifa, Israel},
  author = {Yu, Kai and Zhang, Tong},
  booktitle = {Proceedings of the 27th International Conference on Machine Learning (ICML)},
  editor = {Fürrnkranz, Johannes and Joachims, Thorsten},
  month = {June},
  note = {\url{https://icml.cc/Conferences/2010/papers/454.pdf}},
  openalex = {W2114570910},
  pages = {1215--1222},
  publisher = {Omnipress},
  title = {Improved Local Coordinate Coding using Local Tangents},
  year = {2010}
}

@inproceedings{zhang2010projection,
  address = {Haifa, Israel},
  author = {Zhang, Yi and Schneider, Jeff},
  booktitle = {Proceedings of the 27th International Conference on Machine Learning (ICML)},
  editor = {Fürrnkranz, Johannes and Joachims, Thorsten},
  month = {June},
  note = {\url{https://icml.cc/Conferences/2010/papers/481.pdf}},
  openalex = {W2120043855},
  pages = {1223--1230},
  publisher = {Omnipress},
  title = {Projection Penalties: Dimension Reduction without Loss},
  year = {2010}
}

@inproceedings{zhao2010otl,
  address = {Haifa, Israel},
  author = {Zhao, Peilin and Hoi, Steven C. H.},
  booktitle = {Proceedings of the 27th International Conference on Machine Learning (ICML)},
  editor = {Fürrnkranz, Johannes and Joachims, Thorsten},
  month = {June},
  note = {\url{https://icml.cc/Conferences/2010/papers/219.pdf}},
  openalex = {W43161092},
  pages = {1231--1238},
  publisher = {Omnipress},
  title = {OTL: A Framework of Online Transfer Learning},
  year = {2010}
}

@inproceedings{zhu2010cognitive,
  address = {Haifa, Israel},
  author = {Zhu, Xiaojin and Gibson, Bryan R. and Jun, Kwang-Sung and Rogers, Timothy T. and Harrison, Joseph G. and Kalish, Charles W.},
  booktitle = {Proceedings of the 27th International Conference on Machine Learning (ICML)},
  editor = {Fürrnkranz, Johannes and Joachims, Thorsten},
  month = {June},
  note = {\url{https://icml.cc/Conferences/2010/papers/468.pdf}},
  openalex = {W2153721628},
  pages = {1247--1254},
  publisher = {Omnipress},
  title = {Cognitive Models of Test-Item Effects in Human Category Learning},
  year = {2010}
}

@inproceedings{zhu2010conditional,
  address = {Haifa, Israel},
  author = {Zhu, Jun and Xing, Eric P.},
  booktitle = {Proceedings of the 27th International Conference on Machine Learning (ICML)},
  editor = {Fürrnkranz, Johannes and Joachims, Thorsten},
  month = {June},
  note = {\url{https://icml.cc/Conferences/2010/papers/420.pdf}},
  openalex = {W2159149403},
  pages = {1239--1246},
  publisher = {Omnipress},
  title = {Conditional Topic Random Fields},
  year = {2010}
}

@inproceedings{ziebart2010modeling,
  address = {Haifa, Israel},
  author = {Ziebart, Brian D. and Bagnell, J. Andrew and Dey, Anind K.},
  booktitle = {Proceedings of the 27th International Conference on Machine Learning (ICML)},
  editor = {Fürrnkranz, Johannes and Joachims, Thorsten},
  month = {June},
  note = {\url{https://icml.cc/Conferences/2010/papers/28.pdf}},
  openalex = {W2147544021},
  pages = {1255--1262},
  publisher = {Omnipress},
  title = {Modeling Interaction via the Principle of Maximum Causal Entropy},
  year = {2010}
}
