@inproceedings{agarwal2011noisy,
 address = {Bellevue, Washington, USA},
 author = {Agarwal, Alekh and Sah and Negahban, N. and Wainwright, Martin J.},
 booktitle = {Proceedings of the 28th International Conference on Machine Learning (ICML)},
 editor = {Getoor, Lise and Scheffer, Tobias},
 eprint = {https://icml.cc/2011/papers/572_icmlpaper.pdf},
 month = {June},
 note = {<https://icml.cc/2011/papers/572_icmlpaper.pdf>},
 openalex = {W3106324661},
 pages = {1129–1136},
 publisher = {Omnipress},
 title = {Noisy matrix decomposition via convex relaxation: Optimal rates in high dimensions},
 year = {2011}
}

@inproceedings{agovic2011probabilistic,
 address = {Bellevue, Washington, USA},
 author = {Agovic, Amrudin and Banerjee, Arindam and Chatterjee, Snigdhansu},
 booktitle = {Proceedings of the 28th International Conference on Machine Learning (ICML)},
 editor = {Getoor, Lise and Scheffer, Tobias},
 eprint = {https://icml.cc/2011/papers/531_icmlpaper.pdf},
 month = {June},
 note = {<https://icml.cc/2011/papers/531_icmlpaper.pdf>},
 openalex = {W2185359467},
 pages = {1025–1032},
 publisher = {Omnipress},
 title = {Probabilistic Matrix Addition},
 year = {2011}
}

@inproceedings{alex2011generalized,
 address = {Bellevue, Washington, USA},
 author = {Alex and Grubb, Er and Bagnell, Drew},
 booktitle = {Proceedings of the 28th International Conference on Machine Learning (ICML)},
 editor = {Getoor, Lise and Scheffer, Tobias},
 eprint = {https://icml.cc/2011/papers/626_icmlpaper.pdf},
 month = {June},
 note = {<https://icml.cc/2011/papers/626_icmlpaper.pdf>},
 openalex = {W1516618490},
 pages = {1209–1216},
 publisher = {Omnipress},
 title = {Generalized Boosting Algorithms for Convex Optimization},
 year = {2011}
}

@inproceedings{alex2011inference,
 address = {Bellevue, Washington, USA},
 author = {Alex, and Clark, er},
 booktitle = {Proceedings of the 28th International Conference on Machine Learning (ICML)},
 editor = {Getoor, Lise and Scheffer, Tobias},
 eprint = {https://icml.cc/2011/papers/175_icmlpaper.pdf},
 month = {June},
 note = {<https://icml.cc/2011/papers/175_icmlpaper.pdf>},
 openalex = {W2196695533},
 pages = {201–208},
 publisher = {Omnipress},
 title = {Inference of Inversion Transduction Grammars},
 year = {2011}
}

@inproceedings{arora2011clustering,
 address = {Bellevue, Washington, USA},
 author = {Arora, Raman and Gupta, Maya R. and Kapila, Amol and Fazel, Maryam},
 booktitle = {Proceedings of the 28th International Conference on Machine Learning (ICML)},
 editor = {Getoor, Lise and Scheffer, Tobias},
 eprint = {https://icml.cc/2011/papers/426_icmlpaper.pdf},
 month = {June},
 note = {<https://icml.cc/2011/papers/426_icmlpaper.pdf>},
 openalex = {W2211574168},
 pages = {761–768},
 publisher = {Omnipress},
 title = {Clustering by Left-Stochastic Matrix Factorization},
 year = {2011}
}

@inproceedings{babenko2011multiple,
 address = {Bellevue, Washington, USA},
 author = {Babenko, Boris and Verma, Nakul and Dollar, Piotr and Belongie, Serge J.},
 booktitle = {Proceedings of the 28th International Conference on Machine Learning (ICML)},
 editor = {Getoor, Lise and Scheffer, Tobias},
 eprint = {https://icml.cc/2011/papers/74_icmlpaper.pdf},
 month = {June},
 note = {<https://icml.cc/2011/papers/74_icmlpaper.pdf>},
 openalex = {W2222844749},
 pages = {81–88},
 publisher = {Omnipress},
 title = {Multiple Instance Learning with Manifold Bags},
 year = {2011}
}

@inproceedings{babes2011apprenticeship,
 address = {Bellevue, Washington, USA},
 author = {Babes, Monica and Marivate, Vukosi and Subramanian, Kaushik and Littman, Michael L.},
 booktitle = {Proceedings of the 28th International Conference on Machine Learning (ICML)},
 editor = {Getoor, Lise and Scheffer, Tobias},
 eprint = {https://icml.cc/2011/papers/478_icmlpaper.pdf},
 month = {June},
 note = {<https://icml.cc/2011/papers/478_icmlpaper.pdf>},
 openalex = {W2181849516},
 pages = {897–904},
 publisher = {Omnipress},
 title = {Apprenticeship Learning About Multiple Intentions},
 year = {2011}
}

@inproceedings{barthelme2011abcep,
 address = {Bellevue, Washington, USA},
 author = {Barthelmé, Simon and Chopin, Nicolas},
 booktitle = {Proceedings of the 28th International Conference on Machine Learning (ICML)},
 editor = {Getoor, Lise and Scheffer, Tobias},
 eprint = {https://icml.cc/2011/papers/217_icmlpaper.pdf},
 month = {June},
 note = {<https://icml.cc/2011/papers/217_icmlpaper.pdf>},
 pages = {289–296},
 publisher = {Omnipress},
 title = {ABC-EP: Expectation Propagation for Likelihoodfree Bayesian Computation},
 year = {2011}
}

@inproceedings{bazzani2011learning,
 address = {Bellevue, Washington, USA},
 author = {Bazzani, Loris and N and Freitas, o de and Larochelle, Hugo and Murino, Vittorio and Ting, Jo-Anne},
 booktitle = {Proceedings of the 28th International Conference on Machine Learning (ICML)},
 editor = {Getoor, Lise and Scheffer, Tobias},
 eprint = {https://icml.cc/2011/papers/490_icmlpaper.pdf},
 month = {June},
 note = {<https://icml.cc/2011/papers/490_icmlpaper.pdf>},
 openalex = {W2183231851},
 pages = {937–944},
 publisher = {Omnipress},
 title = {Learning attentional policies for tracking and recognition in video with deep networks},
 year = {2011}
}

@inproceedings{bi2011multilabel,
 address = {Bellevue, Washington, USA},
 author = {Bi, Wei and Kwok, James T.},
 booktitle = {Proceedings of the 28th International Conference on Machine Learning (ICML)},
 editor = {Getoor, Lise and Scheffer, Tobias},
 eprint = {https://icml.cc/2011/papers/10_icmlpaper.pdf},
 month = {June},
 note = {<https://icml.cc/2011/papers/10_icmlpaper.pdf>},
 pages = {17–24},
 publisher = {Omnipress},
 title = {MultiLabel Classification on Tree- and DAG-Structured Hierarchies},
 year = {2011}
}

@inproceedings{bradley2011parallel,
 address = {Bellevue, Washington, USA},
 author = {Bradley, Joseph K. and Kyrola, Aapo and Bickson, Danny and Guestrin, Carlos},
 booktitle = {Proceedings of the 28th International Conference on Machine Learning (ICML)},
 editor = {Getoor, Lise and Scheffer, Tobias},
 eprint = {https://icml.cc/2011/papers/231_icmlpaper.pdf},
 month = {June},
 note = {<https://icml.cc/2011/papers/231_icmlpaper.pdf>},
 openalex = {W2114643899},
 pages = {321–328},
 publisher = {Omnipress},
 title = {Parallel Coordinate Descent for L1-Regularized Loss Minimization},
 year = {2011}
}

@inproceedings{brouard2011semisupervised,
 address = {Bellevue, Washington, USA},
 author = {Brouard, Céline and d'Alché-Buc, Florence and Szafranski, Marie},
 booktitle = {Proceedings of the 28th International Conference on Machine Learning (ICML)},
 editor = {Getoor, Lise and Scheffer, Tobias},
 eprint = {https://icml.cc/2011/papers/367_icmlpaper.pdf},
 month = {June},
 note = {<https://icml.cc/2011/papers/367_icmlpaper.pdf>},
 openalex = {W2213533165},
 pages = {593–600},
 publisher = {Omnipress},
 title = {Semi-supervised Penalized Output Kernel Regression for Link Prediction},
 year = {2011}
}

@inproceedings{buffoni2011learning,
 address = {Bellevue, Washington, USA},
 author = {Buffoni, David and Calauzènes, Clément and Gallinari, Patrick and Usunier, Nicolas},
 booktitle = {Proceedings of the 28th International Conference on Machine Learning (ICML)},
 editor = {Getoor, Lise and Scheffer, Tobias},
 eprint = {https://icml.cc/2011/papers/447_icmlpaper.pdf},
 month = {June},
 note = {<https://icml.cc/2011/papers/447_icmlpaper.pdf>},
 openalex = {W2212774062},
 pages = {825–832},
 publisher = {Omnipress},
 title = {Learning Scoring Functions with Order-Preserving Losses and Standardized Supervision},
 year = {2011}
}

@inproceedings{byl2011learning,
 address = {Bellevue, Washington, USA},
 author = {Byl, Tom},
 booktitle = {Proceedings of the 28th International Conference on Machine Learning (ICML)},
 editor = {Getoor, Lise and Scheffer, Tobias},
 eprint = {https://icml.cc/2011/papers/339_icmlpaper.pdf},
 month = {June},
 note = {<https://icml.cc/2011/papers/339_icmlpaper.pdf>},
 openalex = {W2183298995},
 pages = {505–512},
 publisher = {Omnipress},
 title = {Learning Linear Functions with Quadratic and Linear Multiplicative Updates},
 year = {2011}
}

@inproceedings{chakraborty2011structure,
 address = {Bellevue, Washington, USA},
 author = {Chakraborty, Doran and Stone, Peter},
 booktitle = {Proceedings of the 28th International Conference on Machine Learning (ICML)},
 editor = {Getoor, Lise and Scheffer, Tobias},
 eprint = {https://icml.cc/2011/papers/418_icmlpaper.pdf},
 month = {June},
 note = {<https://icml.cc/2011/papers/418_icmlpaper.pdf>},
 openalex = {W2127323769},
 pages = {737–744},
 publisher = {Omnipress},
 title = {Structure Learning in Ergodic Factored MDPs without Knowledge of the Transition Function's In-Degree},
 year = {2011}
}

@inproceedings{chen2011automatic,
 address = {Bellevue, Washington, USA},
 author = {Chen, Minmin and Weinberger, Kilian Q. and Chen, Yixin},
 booktitle = {Proceedings of the 28th International Conference on Machine Learning (ICML)},
 editor = {Getoor, Lise and Scheffer, Tobias},
 eprint = {https://icml.cc/2011/papers/498_icmlpaper.pdf},
 month = {June},
 note = {<https://icml.cc/2011/papers/498_icmlpaper.pdf>},
 openalex = {W2215421138},
 pages = {953–960},
 publisher = {Omnipress},
 title = {Automatic Feature Decomposition for Single View Co-training},
 year = {2011}
}

@inproceedings{chen2011hierarchical,
 address = {Bellevue, Washington, USA},
 author = {Chen, Bo and Polatkan, Gungor and Sapiro, Guillermo and Dunson, David B. and Carin, Lawrence},
 booktitle = {Proceedings of the 28th International Conference on Machine Learning (ICML)},
 editor = {Getoor, Lise and Scheffer, Tobias},
 eprint = {https://icml.cc/2011/papers/251_icmlpaper.pdf},
 month = {June},
 note = {<https://icml.cc/2011/papers/251_icmlpaper.pdf>},
 openalex = {W2217045154},
 pages = {361–368},
 publisher = {Omnipress},
 title = {The Hierarchical Beta Process for Convolutional Factor Analysis and Deep Learning},
 year = {2011}
}

@inproceedings{chen2011robust,
 address = {Bellevue, Washington, USA},
 author = {Chen, Yudong and Xu, Huan and Caramanis, Constantine and Sanghavi, Sujay},
 booktitle = {Proceedings of the 28th International Conference on Machine Learning (ICML)},
 editor = {Getoor, Lise and Scheffer, Tobias},
 eprint = {https://icml.cc/2011/papers/469_icmlpaper.pdf},
 month = {June},
 note = {<https://icml.cc/2011/papers/469_icmlpaper.pdf>},
 openalex = {W1613169971},
 pages = {873–880},
 publisher = {Omnipress},
 title = {Robust Matrix Completion and Corrupted Columns},
 year = {2011}
}

@inproceedings{chen2011topic,
 address = {Bellevue, Washington, USA},
 author = {Chen, Haojun and Dunson, David B. and Carin, Lawrence},
 booktitle = {Proceedings of the 28th International Conference on Machine Learning (ICML)},
 editor = {Getoor, Lise and Scheffer, Tobias},
 eprint = {https://icml.cc/2011/papers/262_icmlpaper.pdf},
 month = {June},
 note = {<https://icml.cc/2011/papers/262_icmlpaper.pdf>},
 openalex = {W2219208739},
 pages = {377–384},
 publisher = {Omnipress},
 title = {Topic Modeling with Nonparametric Markov Tree},
 year = {2011}
}

@inproceedings{cho2011enhanced,
 address = {Bellevue, Washington, USA},
 author = {Cho, KyungHyun and Raiko, Tapani and Alex, and Ilin, er},
 booktitle = {Proceedings of the 28th International Conference on Machine Learning (ICML)},
 editor = {Getoor, Lise and Scheffer, Tobias},
 eprint = {https://icml.cc/2011/papers/98_icmlpaper.pdf},
 month = {June},
 note = {<https://icml.cc/2011/papers/98_icmlpaper.pdf>},
 openalex = {W2132023809},
 pages = {105–112},
 publisher = {Omnipress},
 title = {Enhanced Gradient and Adaptive Learning Rate for Training Restricted Boltzmann Machines},
 year = {2011}
}

@inproceedings{coates2011importance,
 address = {Bellevue, Washington, USA},
 author = {Coates, Adam and Ng, Andrew Y.},
 booktitle = {Proceedings of the 28th International Conference on Machine Learning (ICML)},
 editor = {Getoor, Lise and Scheffer, Tobias},
 eprint = {https://icml.cc/2011/papers/485_icmlpaper.pdf},
 month = {June},
 note = {<https://icml.cc/2011/papers/485_icmlpaper.pdf>},
 openalex = {W2184852195},
 pages = {921–928},
 publisher = {Omnipress},
 title = {The Importance of Encoding Versus Training with Sparse Coding and Vector Quantization},
 year = {2011}
}

@inproceedings{cossalter2011adaptive,
 address = {Bellevue, Washington, USA},
 author = {Cossalter, Michele and Yan, Rong and Zheng, Lu},
 booktitle = {Proceedings of the 28th International Conference on Machine Learning (ICML)},
 editor = {Getoor, Lise and Scheffer, Tobias},
 eprint = {https://icml.cc/2011/papers/283_icmlpaper.pdf},
 month = {June},
 note = {<https://icml.cc/2011/papers/283_icmlpaper.pdf>},
 pages = {409–416},
 publisher = {Omnipress},
 title = {Adaptive Kernel Approximation for Large-Scale Non-Linear SVM Prediction},
 year = {2011}
}

@inproceedings{courville2011unsupervised,
 address = {Bellevue, Washington, USA},
 author = {Courville, Aaron C. and Bergstra, James and Bengio, Yoshua},
 booktitle = {Proceedings of the 28th International Conference on Machine Learning (ICML)},
 editor = {Getoor, Lise and Scheffer, Tobias},
 eprint = {https://icml.cc/2011/papers/591_icmlpaper.pdf},
 month = {June},
 note = {<https://icml.cc/2011/papers/591_icmlpaper.pdf>},
 openalex = {W2160142299},
 pages = {1145–1152},
 publisher = {Omnipress},
 title = {Unsupervised Models of Images by Spike-and-Slab RBMs},
 year = {2011}
}

@inproceedings{crammer2011multiclass,
 address = {Bellevue, Washington, USA},
 author = {Crammer, Koby and Gentile, Claudio},
 booktitle = {Proceedings of the 28th International Conference on Machine Learning (ICML)},
 editor = {Getoor, Lise and Scheffer, Tobias},
 eprint = {https://icml.cc/2011/papers/211_icmlpaper.pdf},
 month = {June},
 note = {<https://icml.cc/2011/papers/211_icmlpaper.pdf>},
 openalex = {W2142774925},
 pages = {273–280},
 publisher = {Omnipress},
 title = {Multiclass Classification with Bandit Feedback using Adaptive Regularization},
 year = {2011}
}

@inproceedings{cuturi2011fast,
 address = {Bellevue, Washington, USA},
 author = {Cuturi, Marco},
 booktitle = {Proceedings of the 28th International Conference on Machine Learning (ICML)},
 editor = {Getoor, Lise and Scheffer, Tobias},
 eprint = {https://icml.cc/2011/papers/489_icmlpaper.pdf},
 month = {June},
 note = {<https://icml.cc/2011/papers/489_icmlpaper.pdf>},
 openalex = {W2189007323},
 pages = {929–936},
 publisher = {Omnipress},
 title = {Fast Global Alignment Kernels},
 year = {2011}
}

@inproceedings{das2011submodular,
 address = {Bellevue, Washington, USA},
 author = {Das, Abhimanyu and Kempe, David},
 booktitle = {Proceedings of the 28th International Conference on Machine Learning (ICML)},
 editor = {Getoor, Lise and Scheffer, Tobias},
 eprint = {https://icml.cc/2011/papers/542_icmlpaper.pdf},
 month = {June},
 note = {<https://icml.cc/2011/papers/542_icmlpaper.pdf>},
 openalex = {W1875482710},
 pages = {1057–1064},
 publisher = {Omnipress},
 title = {Submodular meets Spectral: Greedy Algorithms for Subset Selection, Sparse Approximation and Dictionary Selection},
 year = {2011}
}

@inproceedings{dauphin2011largescale,
 address = {Bellevue, Washington, USA},
 author = {Dauphin, Yann N. and Glorot, Xavier and Bengio, Yoshua},
 booktitle = {Proceedings of the 28th International Conference on Machine Learning (ICML)},
 editor = {Getoor, Lise and Scheffer, Tobias},
 eprint = {https://icml.cc/2011/papers/491_icmlpaper.pdf},
 month = {June},
 note = {<https://icml.cc/2011/papers/491_icmlpaper.pdf>},
 openalex = {W2127099514},
 pages = {945–952},
 publisher = {Omnipress},
 title = {Large-Scale Learning of Embeddings with Reconstruction Sampling},
 year = {2011}
}

@inproceedings{deisenroth2011pilco,
 address = {Bellevue, Washington, USA},
 author = {Deisenroth, Marc Peter and Rasmussen, Carl Edward},
 booktitle = {Proceedings of the 28th International Conference on Machine Learning (ICML)},
 editor = {Getoor, Lise and Scheffer, Tobias},
 eprint = {https://icml.cc/2011/papers/323_icmlpaper.pdf},
 month = {June},
 note = {<https://icml.cc/2011/papers/323_icmlpaper.pdf>},
 openalex = {W2140135625},
 pages = {465–472},
 publisher = {Omnipress},
 title = {PILCO: A Model-Based and Data-Efficient Approach to Policy Search},
 year = {2011}
}

@inproceedings{dekel2011optimal,
 address = {Bellevue, Washington, USA},
 author = {Dekel, Ofer and Gilad-Bachrach, Ran and Shamir, Ohad and Xiao, Lin},
 booktitle = {Proceedings of the 28th International Conference on Machine Learning (ICML)},
 editor = {Getoor, Lise and Scheffer, Tobias},
 eprint = {https://icml.cc/2011/papers/404_icmlpaper.pdf},
 month = {June},
 note = {<https://icml.cc/2011/papers/404_icmlpaper.pdf>},
 openalex = {W2130062883},
 pages = {713–720},
 publisher = {Omnipress},
 title = {Optimal Distributed Online Prediction},
 year = {2011}
}

@inproceedings{dinuzzo2011learning,
 address = {Bellevue, Washington, USA},
 author = {Dinuzzo, Francesco and Ong, Cheng Soon and Gehler, Peter V. and Pillonetto, Gianluigi},
 booktitle = {Proceedings of the 28th International Conference on Machine Learning (ICML)},
 editor = {Getoor, Lise and Scheffer, Tobias},
 eprint = {https://icml.cc/2011/papers/54_icmlpaper.pdf},
 month = {June},
 note = {<https://icml.cc/2011/papers/54_icmlpaper.pdf>},
 openalex = {W1903038885},
 pages = {49–56},
 publisher = {Omnipress},
 title = {Learning Output Kernels with Block Coordinate Descent},
 year = {2011}
}

@inproceedings{doshi2011infinite,
 address = {Bellevue, Washington, USA},
 author = {Doshi, Finale and Wingate, David and Tenenbaum, Joshua B. and Roy, Nicholas},
 booktitle = {Proceedings of the 28th International Conference on Machine Learning (ICML)},
 editor = {Getoor, Lise and Scheffer, Tobias},
 eprint = {https://icml.cc/2011/papers/483_icmlpaper.pdf},
 month = {June},
 note = {<https://icml.cc/2011/papers/483_icmlpaper.pdf>},
 pages = {913–920},
 publisher = {Omnipress},
 title = {Infinite Dynamic Bayesian Networks},
 year = {2011}
}

@inproceedings{dudik2011doubly,
 address = {Bellevue, Washington, USA},
 author = {Dudík, Miroslav and Langford, John and Li, Lihong},
 booktitle = {Proceedings of the 28th International Conference on Machine Learning (ICML)},
 editor = {Getoor, Lise and Scheffer, Tobias},
 eprint = {https://icml.cc/2011/papers/554_icmlpaper.pdf},
 month = {June},
 note = {<https://icml.cc/2011/papers/554_icmlpaper.pdf>},
 openalex = {W1809653203},
 pages = {1097–1104},
 publisher = {Omnipress},
 title = {Doubly Robust Policy Evaluation and Learning},
 year = {2011}
}

@inproceedings{eisenstein2011sparse,
 address = {Bellevue, Washington, USA},
 author = {Eisenstein, Jacob and Ahmed, Amr and Xing, Eric P.},
 booktitle = {Proceedings of the 28th International Conference on Machine Learning (ICML)},
 editor = {Getoor, Lise and Scheffer, Tobias},
 eprint = {https://icml.cc/2011/papers/534_icmlpaper.pdf},
 month = {June},
 note = {<https://icml.cc/2011/papers/534_icmlpaper.pdf>},
 openalex = {W2165279024},
 pages = {1041–1048},
 publisher = {Omnipress},
 title = {Sparse Additive Generative Models of Text},
 year = {2011}
}

@inproceedings{flach2011coherent,
 address = {Bellevue, Washington, USA},
 author = {Flach, Peter A. and Hernández-Orallo, José and Ramirez, Cèsar Ferri},
 booktitle = {Proceedings of the 28th International Conference on Machine Learning (ICML)},
 editor = {Getoor, Lise and Scheffer, Tobias},
 eprint = {https://icml.cc/2011/papers/385_icmlpaper.pdf},
 month = {June},
 note = {<https://icml.cc/2011/papers/385_icmlpaper.pdf>},
 openalex = {W1484672383},
 pages = {657–664},
 publisher = {Omnipress},
 title = {A Coherent Interpretation of AUC as a Measure of Aggregated Classification Performance},
 year = {2011}
}

@inproceedings{franc2011support,
 address = {Bellevue, Washington, USA},
 author = {Franc, Vojtech and Alex and Zien and Schölkopf, Bernhard},
 booktitle = {Proceedings of the 28th International Conference on Machine Learning (ICML)},
 editor = {Getoor, Lise and Scheffer, Tobias},
 eprint = {https://icml.cc/2011/papers/386_icmlpaper.pdf},
 month = {June},
 note = {<https://icml.cc/2011/papers/386_icmlpaper.pdf>},
 openalex = {W2118374803},
 pages = {665–672},
 publisher = {Omnipress},
 title = {Support Vector Machines as Probabilistic Models},
 year = {2011}
}

@inproceedings{gabillon2011classificationbased,
 address = {Bellevue, Washington, USA},
 author = {Gabillon, Victor and Aless and Lazaric, ro and Ghavamzadeh, Mohammad and Scherrer, Bruno},
 booktitle = {Proceedings of the 28th International Conference on Machine Learning (ICML)},
 editor = {Getoor, Lise and Scheffer, Tobias},
 eprint = {https://icml.cc/2011/papers/541_icmlpaper.pdf},
 month = {June},
 note = {<https://icml.cc/2011/papers/541_icmlpaper.pdf>},
 openalex = {W2138663952},
 pages = {1049–1056},
 publisher = {Omnipress},
 title = {Classification-based Policy Iteration with a Critic},
 year = {2011}
}

@inproceedings{gao2011multiclass,
 address = {Bellevue, Washington, USA},
 author = {Gao, Tianshi and Koller, Daphne},
 booktitle = {Proceedings of the 28th International Conference on Machine Learning (ICML)},
 editor = {Getoor, Lise and Scheffer, Tobias},
 eprint = {https://icml.cc/2011/papers/356_icmlpaper.pdf},
 month = {June},
 note = {<https://icml.cc/2011/papers/356_icmlpaper.pdf>},
 openalex = {W2184099057},
 pages = {569–576},
 publisher = {Omnipress},
 title = {Multiclass Boosting with Hinge Loss based on Output Coding},
 year = {2011}
}

@inproceedings{garciagarcia2011riskbased,
 address = {Bellevue, Washington, USA},
 author = {García-García, Dario and Luxburg, Ulrike von and Santos-Rodríguez, Raúl},
 booktitle = {Proceedings of the 28th International Conference on Machine Learning (ICML)},
 editor = {Getoor, Lise and Scheffer, Tobias},
 eprint = {https://icml.cc/2011/papers/288_icmlpaper.pdf},
 month = {June},
 note = {<https://icml.cc/2011/papers/288_icmlpaper.pdf>},
 openalex = {W2125969052},
 pages = {417–424},
 publisher = {Omnipress},
 title = {Risk-Based Generalizations of f-divergences},
 year = {2011}
}

@inproceedings{geramifard2011online,
 address = {Bellevue, Washington, USA},
 author = {Geramifard, Alborz and Doshi, Finale and Redding, Josh and Roy, Nicholas and How, Jonathan P.},
 booktitle = {Proceedings of the 28th International Conference on Machine Learning (ICML)},
 editor = {Getoor, Lise and Scheffer, Tobias},
 eprint = {https://icml.cc/2011/papers/473_icmlpaper.pdf},
 month = {June},
 note = {<https://icml.cc/2011/papers/473_icmlpaper.pdf>},
 openalex = {W2200611301},
 pages = {881–888},
 publisher = {Omnipress},
 title = {Online Discovery of Feature Dependencies},
 year = {2011}
}

@inproceedings{gerrish2011predicting,
 address = {Bellevue, Washington, USA},
 author = {Gerrish, Sean and Blei, David M.},
 booktitle = {Proceedings of the 28th International Conference on Machine Learning (ICML)},
 editor = {Getoor, Lise and Scheffer, Tobias},
 eprint = {https://icml.cc/2011/papers/333_icmlpaper.pdf},
 month = {June},
 note = {<https://icml.cc/2011/papers/333_icmlpaper.pdf>},
 openalex = {W2145767445},
 pages = {489–496},
 publisher = {Omnipress},
 title = {Predicting Legislative Roll Calls from Text},
 year = {2011}
}

@inproceedings{ghavamzadeh2011finitesample,
 address = {Bellevue, Washington, USA},
 author = {Ghavamzadeh, Mohammad and Aless and Lazaric, Ró and Munos, Rémi and Hoffman, Matthew W.},
 booktitle = {Proceedings of the 28th International Conference on Machine Learning (ICML)},
 editor = {Getoor, Lise and Scheffer, Tobias},
 eprint = {https://icml.cc/2011/papers/601_icmlpaper.pdf},
 month = {June},
 note = {<https://icml.cc/2011/papers/601_icmlpaper.pdf>},
 openalex = {W1511421254},
 pages = {1177–1184},
 publisher = {Omnipress},
 title = {Finite-Sample Analysis of Lasso-TD},
 year = {2011}
}

@inproceedings{glorot2011domain,
 address = {Bellevue, Washington, USA},
 author = {Glorot, Xavier and Bordes, Antoine and Bengio, Yoshua},
 booktitle = {Proceedings of the 28th International Conference on Machine Learning (ICML)},
 editor = {Getoor, Lise and Scheffer, Tobias},
 eprint = {https://icml.cc/2011/papers/342_icmlpaper.pdf},
 month = {June},
 note = {<https://icml.cc/2011/papers/342_icmlpaper.pdf>},
 openalex = {W22861983},
 pages = {513–520},
 publisher = {Omnipress},
 title = {Domain Adaptation for Large-Scale Sentiment Classification: A Deep Learning Approach},
 year = {2011}
}

@inproceedings{gomezrodriguez2011uncovering,
 address = {Bellevue, Washington, USA},
 author = {Gomez-Rodriguez, Manuel and Balduzzi, David and Schölkopf, Bernhard},
 booktitle = {Proceedings of the 28th International Conference on Machine Learning (ICML)},
 editor = {Getoor, Lise and Scheffer, Tobias},
 eprint = {https://icml.cc/2011/papers/354_icmlpaper.pdf},
 month = {June},
 note = {<https://icml.cc/2011/papers/354_icmlpaper.pdf>},
 openalex = {W2164900957},
 pages = {561–568},
 publisher = {Omnipress},
 title = {Uncovering the Temporal Dynamics of Diffusion Networks},
 year = {2011}
}

@inproceedings{gould2011maxmargin,
 address = {Bellevue, Washington, USA},
 author = {Gould, Stephen},
 booktitle = {Proceedings of the 28th International Conference on Machine Learning (ICML)},
 editor = {Getoor, Lise and Scheffer, Tobias},
 eprint = {https://icml.cc/2011/papers/171_icmlpaper.pdf},
 month = {June},
 note = {<https://icml.cc/2011/papers/171_icmlpaper.pdf>},
 pages = {193–200},
 publisher = {Omnipress},
 title = {Max-margin Learning for Lower Linear Envelope Potentials in Binary Markov Random Fields},
 year = {2011}
}

@inproceedings{guan2011unified,
 address = {Bellevue, Washington, USA},
 author = {Guan, Yue and Dy, Jennifer G. and Jordan, Michael I.},
 booktitle = {Proceedings of the 28th International Conference on Machine Learning (ICML)},
 editor = {Getoor, Lise and Scheffer, Tobias},
 eprint = {https://icml.cc/2011/papers/546_icmlpaper.pdf},
 month = {June},
 note = {<https://icml.cc/2011/papers/546_icmlpaper.pdf>},
 openalex = {W2246538444},
 pages = {1073–1080},
 publisher = {Omnipress},
 title = {A Unified Probabilistic Model for Global and Local Unsupervised Feature Selection},
 year = {2011}
}

@inproceedings{guillory2011simultaneous,
 address = {Bellevue, Washington, USA},
 author = {Guillory, Andrew and Bilmes, Jeff A.},
 booktitle = {Proceedings of the 28th International Conference on Machine Learning (ICML)},
 editor = {Getoor, Lise and Scheffer, Tobias},
 eprint = {https://icml.cc/2011/papers/261_icmlpaper.pdf},
 month = {June},
 note = {<https://icml.cc/2011/papers/261_icmlpaper.pdf>},
 openalex = {W2200983898},
 pages = {369–376},
 publisher = {Omnipress},
 title = {Simultaneous Learning and Covering with Adversarial Noise},
 year = {2011}
}

@inproceedings{hannah2011approximate,
 address = {Bellevue, Washington, USA},
 author = {Hannah, Lauren and Dunson, David B.},
 booktitle = {Proceedings of the 28th International Conference on Machine Learning (ICML)},
 editor = {Getoor, Lise and Scheffer, Tobias},
 eprint = {https://icml.cc/2011/papers/235_icmlpaper.pdf},
 month = {June},
 note = {<https://icml.cc/2011/papers/235_icmlpaper.pdf>},
 openalex = {W2186159582},
 pages = {337–344},
 publisher = {Omnipress},
 title = {Approximate Dynamic Programming for Storage Problems},
 year = {2011}
}

@inproceedings{harel2011learning,
 address = {Bellevue, Washington, USA},
 author = {Harel, Maayan and Mannor, Shie},
 booktitle = {Proceedings of the 28th International Conference on Machine Learning (ICML)},
 editor = {Getoor, Lise and Scheffer, Tobias},
 eprint = {https://icml.cc/2011/papers/275_icmlpaper.pdf},
 month = {June},
 note = {<https://icml.cc/2011/papers/275_icmlpaper.pdf>},
 openalex = {W2111904075},
 pages = {401–408},
 publisher = {Omnipress},
 title = {Learning from Multiple Outlooks},
 year = {2011}
}

@inproceedings{he2011graphbased,
 address = {Bellevue, Washington, USA},
 author = {He, Jingrui and Lawrence, Rick},
 booktitle = {Proceedings of the 28th International Conference on Machine Learning (ICML)},
 editor = {Getoor, Lise and Scheffer, Tobias},
 eprint = {https://icml.cc/2011/papers/38_icmlpaper.pdf},
 month = {June},
 note = {<https://icml.cc/2011/papers/38_icmlpaper.pdf>},
 pages = {25–32},
 publisher = {Omnipress},
 title = {A Graphbased Framework for Multi-Task Multi-View Learning},
 year = {2011}
}

@inproceedings{helmbold2011on,
 address = {Bellevue, Washington, USA},
 author = {Helmbold, David P. and Long, Philip M.},
 booktitle = {Proceedings of the 28th International Conference on Machine Learning (ICML)},
 editor = {Getoor, Lise and Scheffer, Tobias},
 eprint = {https://icml.cc/2011/papers/216_icmlpaper.pdf},
 month = {June},
 note = {<https://icml.cc/2011/papers/216_icmlpaper.pdf>},
 openalex = {W2616625443},
 pages = {281–288},
 publisher = {Omnipress},
 title = {On the Necessity of Irrelevant Variables},
 year = {2011}
}

@inproceedings{hernandezorallo2011brier,
 address = {Bellevue, Washington, USA},
 author = {Hernández-Orallo, José and Flach, Peter A. and Ramirez, Cèsar Ferri},
 booktitle = {Proceedings of the 28th International Conference on Machine Learning (ICML)},
 editor = {Getoor, Lise and Scheffer, Tobias},
 eprint = {https://icml.cc/2011/papers/366_icmlpaper.pdf},
 month = {June},
 note = {<https://icml.cc/2011/papers/366_icmlpaper.pdf>},
 openalex = {W1937501893},
 pages = {585–592},
 publisher = {Omnipress},
 title = {Brier Curves: a New Cost-Based Visualisation of Classifier Performance},
 year = {2011}
}

@inproceedings{hetun2011approximating,
 address = {Bellevue, Washington, USA},
 author = {Hetun and Kamisetty, An and Xing, Eric P. and Langmead, Christopher James},
 booktitle = {Proceedings of the 28th International Conference on Machine Learning (ICML)},
 editor = {Getoor, Lise and Scheffer, Tobias},
 eprint = {https://icml.cc/2011/papers/594_icmlpaper.pdf},
 month = {June},
 note = {<https://icml.cc/2011/papers/594_icmlpaper.pdf>},
 openalex = {W319806648},
 pages = {1153–1160},
 publisher = {Omnipress},
 title = {Approximating Correlated Equilibria using Relaxations on the Marginal Polytope},
 year = {2011}
}

@inproceedings{hocking2011clusterpath,
 address = {Bellevue, Washington, USA},
 author = {Hocking, Toby and Vert, Jean-Philippe and Bach, Francis R.},
 booktitle = {Proceedings of the 28th International Conference on Machine Learning (ICML)},
 editor = {Getoor, Lise and Scheffer, Tobias},
 eprint = {https://icml.cc/2011/papers/419_icmlpaper.pdf},
 month = {June},
 note = {<https://icml.cc/2011/papers/419_icmlpaper.pdf>},
 pages = {745–752},
 publisher = {Omnipress},
 title = {Clusterpath: an Algorithm for Clustering using Convex Fusion Penalties},
 year = {2011}
}

@inproceedings{hu2011bcdnpkl,
 address = {Bellevue, Washington, USA},
 author = {Hu, Enliang and Wang, Bo and Chen, Songcan},
 booktitle = {Proceedings of the 28th International Conference on Machine Learning (ICML)},
 editor = {Getoor, Lise and Scheffer, Tobias},
 eprint = {https://icml.cc/2011/papers/176_icmlpaper.pdf},
 month = {June},
 note = {<https://icml.cc/2011/papers/176_icmlpaper.pdf>},
 openalex = {W2183379929},
 pages = {209–216},
 publisher = {Omnipress},
 title = {BCDNPKL: Scalable Non-Parametric Kernel Learning Using Block Coordinate Descent},
 year = {2011}
}

@inproceedings{ikonomovska2011speedingup,
 address = {Bellevue, Washington, USA},
 author = {Ikonomovska, Elena and Gama, João and Zenko, Bernard and Dzeroski, Saso},
 booktitle = {Proceedings of the 28th International Conference on Machine Learning (ICML)},
 editor = {Getoor, Lise and Scheffer, Tobias},
 eprint = {https://icml.cc/2011/papers/349_icmlpaper.pdf},
 month = {June},
 note = {<https://icml.cc/2011/papers/349_icmlpaper.pdf>},
 openalex = {W2230553583},
 pages = {537–544},
 publisher = {Omnipress},
 title = {Speeding-Up Hoeffding-Based Regression Trees With Options},
 year = {2011}
}

@inproceedings{jalali2011clustering,
 address = {Bellevue, Washington, USA},
 author = {Jalali, Ali and Chen, Yudong and Sanghavi, Sujay and Xu, Huan},
 booktitle = {Proceedings of the 28th International Conference on Machine Learning (ICML)},
 editor = {Getoor, Lise and Scheffer, Tobias},
 eprint = {https://icml.cc/2011/papers/516_icmlpaper.pdf},
 month = {June},
 note = {<https://icml.cc/2011/papers/516_icmlpaper.pdf>},
 openalex = {W2614891641},
 pages = {1001–1008},
 publisher = {Omnipress},
 title = {Clustering Partially Observed Graphs via Convex Optimization},
 year = {2011}
}

@inproceedings{jawanpuria2011efficient,
 address = {Bellevue, Washington, USA},
 author = {Jawanpuria, Pratik and Nath, Jagarlapudi Saketha and Ramakrishnan, Ganesh},
 booktitle = {Proceedings of the 28th International Conference on Machine Learning (ICML)},
 editor = {Getoor, Lise and Scheffer, Tobias},
 eprint = {https://icml.cc/2011/papers/143_icmlpaper.pdf},
 month = {June},
 note = {<https://icml.cc/2011/papers/143_icmlpaper.pdf>},
 pages = {161–168},
 publisher = {Omnipress},
 title = {Efficient Rule Ensemble Learning using Hierarchical Kernels},
 year = {2011}
}

@inproceedings{jegelka2011approximation,
 address = {Bellevue, Washington, USA},
 author = {Jegelka, Stefanie and Bilmes, Jeff A.},
 booktitle = {Proceedings of the 28th International Conference on Machine Learning (ICML)},
 editor = {Getoor, Lise and Scheffer, Tobias},
 eprint = {https://icml.cc/2011/papers/358_icmlpaper.pdf},
 month = {June},
 note = {<https://icml.cc/2011/papers/358_icmlpaper.pdf>},
 openalex = {W1894718474},
 pages = {577–584},
 publisher = {Omnipress},
 title = {Approximation Bounds for Inference using Cooperative Cuts},
 year = {2011}
}

@inproceedings{jegelka2011online,
 address = {Bellevue, Washington, USA},
 author = {Jegelka, Stefanie and Bilmes, Jeff A.},
 booktitle = {Proceedings of the 28th International Conference on Machine Learning (ICML)},
 editor = {Getoor, Lise and Scheffer, Tobias},
 eprint = {https://icml.cc/2011/papers/237_icmlpaper.pdf},
 month = {June},
 note = {<https://icml.cc/2011/papers/237_icmlpaper.pdf>},
 openalex = {W2147987034},
 pages = {345–352},
 publisher = {Omnipress},
 title = {Online Submodular Minimization for Combinatorial Structures},
 year = {2011}
}

@inproceedings{jetchev2011task,
 address = {Bellevue, Washington, USA},
 author = {Jetchev, Nikolay and Toussaint, Marc},
 booktitle = {Proceedings of the 28th International Conference on Machine Learning (ICML)},
 editor = {Getoor, Lise and Scheffer, Tobias},
 eprint = {https://icml.cc/2011/papers/314_icmlpaper.pdf},
 month = {June},
 note = {<https://icml.cc/2011/papers/314_icmlpaper.pdf>},
 openalex = {W2184441712},
 pages = {449–456},
 publisher = {Omnipress},
 title = {Task Space Retrieval Using Inverse Feedback Control},
 year = {2011}
}

@inproceedings{jiang2011eigenvalue,
 address = {Bellevue, Washington, USA},
 author = {Jiang, Yi and Ren, Jiangtao},
 booktitle = {Proceedings of the 28th International Conference on Machine Learning (ICML)},
 editor = {Getoor, Lise and Scheffer, Tobias},
 eprint = {https://icml.cc/2011/papers/83_icmlpaper.pdf},
 month = {June},
 note = {<https://icml.cc/2011/papers/83_icmlpaper.pdf>},
 openalex = {W2249670697},
 pages = {89–96},
 publisher = {Omnipress},
 title = {Eigenvalue Sensitive Feature Selection},
 year = {2011}
}

@inproceedings{jimenez2011fast,
 address = {Bellevue, Washington, USA},
 author = {Jiménez, Álvaro Barbero and Sra, Suvrit},
 booktitle = {Proceedings of the 28th International Conference on Machine Learning (ICML)},
 editor = {Getoor, Lise and Scheffer, Tobias},
 eprint = {https://icml.cc/2011/papers/226_icmlpaper.pdf},
 month = {June},
 note = {<https://icml.cc/2011/papers/226_icmlpaper.pdf>},
 openalex = {W2206218737},
 pages = {313–320},
 publisher = {Omnipress},
 title = {Fast Newton-type Methods for Total Variation Regularization},
 year = {2011}
}

@inproceedings{kadri2011functional,
 address = {Bellevue, Washington, USA},
 author = {Kadri, Hachem and Rabaoui, Asma and Preux, Philippe and Duflos, Emmanuel and Rakotomamonjy, Alain},
 booktitle = {Proceedings of the 28th International Conference on Machine Learning (ICML)},
 editor = {Getoor, Lise and Scheffer, Tobias},
 eprint = {https://icml.cc/2011/papers/509_icmlpaper.pdf},
 month = {June},
 note = {<https://icml.cc/2011/papers/509_icmlpaper.pdf>},
 openalex = {W1891101548},
 pages = {993–1000},
 publisher = {Omnipress},
 title = {Functional Regularized Least Squares Classification with Operator-valued Kernels},
 year = {2011}
}

@inproceedings{kang2011learning,
 address = {Bellevue, Washington, USA},
 author = {Kang, Zhuoliang and Grauman, Kristen and Sha, Fei},
 booktitle = {Proceedings of the 28th International Conference on Machine Learning (ICML)},
 editor = {Getoor, Lise and Scheffer, Tobias},
 eprint = {https://icml.cc/2011/papers/344_icmlpaper.pdf},
 month = {June},
 note = {<https://icml.cc/2011/papers/344_icmlpaper.pdf>},
 openalex = {W2186054958},
 pages = {521–528},
 publisher = {Omnipress},
 title = {Learning with Whom to Share in Multi-task Feature Learning},
 year = {2011}
}

@inproceedings{karasuyama2011suboptimal,
 address = {Bellevue, Washington, USA},
 author = {Karasuyama, Masayuki and Takeuchi, Ichiro},
 booktitle = {Proceedings of the 28th International Conference on Machine Learning (ICML)},
 editor = {Getoor, Lise and Scheffer, Tobias},
 eprint = {https://icml.cc/2011/papers/326_icmlpaper.pdf},
 month = {June},
 note = {<https://icml.cc/2011/papers/326_icmlpaper.pdf>},
 openalex = {W2119624713},
 pages = {473–480},
 publisher = {Omnipress},
 title = {Suboptimal Solution Path Algorithm for Support Vector Machine},
 year = {2011}
}

@inproceedings{kim2011on,
 address = {Bellevue, Washington, USA},
 author = {Kim, JooSeuk and Scott, Clayton D.},
 booktitle = {Proceedings of the 28th International Conference on Machine Learning (ICML)},
 editor = {Getoor, Lise and Scheffer, Tobias},
 eprint = {https://icml.cc/2011/papers/400_icmlpaper.pdf},
 month = {June},
 note = {<https://icml.cc/2011/papers/400_icmlpaper.pdf>},
 openalex = {W2187650341},
 pages = {697–704},
 publisher = {Omnipress},
 title = {On the Robustness of Kernel Density M-Estimators},
 year = {2011}
}

@inproceedings{knowles2011message,
 address = {Bellevue, Washington, USA},
 author = {Knowles, David A. and Gael, Jurgen Van and Ghahramani, Zoubin},
 booktitle = {Proceedings of the 28th International Conference on Machine Learning (ICML)},
 editor = {Getoor, Lise and Scheffer, Tobias},
 eprint = {https://icml.cc/2011/papers/410_icmlpaper.pdf},
 month = {June},
 note = {<https://icml.cc/2011/papers/410_icmlpaper.pdf>},
 openalex = {W36988065},
 pages = {721–728},
 publisher = {Omnipress},
 title = {Message Passing Algorithms for the Dirichlet Diffusion Tree},
 year = {2011}
}

@inproceedings{kotlowski2011bipartite,
 address = {Bellevue, Washington, USA},
 author = {Kotlowski, Wojciech and Dembczynski, Krzysztof and Hüllermeier, Eyke},
 booktitle = {Proceedings of the 28th International Conference on Machine Learning (ICML)},
 editor = {Getoor, Lise and Scheffer, Tobias},
 eprint = {https://icml.cc/2011/papers/567_icmlpaper.pdf},
 month = {June},
 note = {<https://icml.cc/2011/papers/567_icmlpaper.pdf>},
 openalex = {W2218302223},
 pages = {1113–1120},
 publisher = {Omnipress},
 title = {Bipartite Ranking through Minimization of Univariate Loss},
 year = {2011}
}

@inproceedings{kpotufe2011pruning,
 address = {Bellevue, Washington, USA},
 author = {Kpotufe, Samory and Luxburg, Ulrike von},
 booktitle = {Proceedings of the 28th International Conference on Machine Learning (ICML)},
 editor = {Getoor, Lise and Scheffer, Tobias},
 eprint = {https://icml.cc/2011/papers/195_icmlpaper.pdf},
 month = {June},
 note = {<https://icml.cc/2011/papers/195_icmlpaper.pdf>},
 openalex = {W1656501588},
 pages = {225–232},
 publisher = {Omnipress},
 title = {Pruning nearest neighbor cluster trees},
 year = {2011}
}

@inproceedings{kulesza2011kdpps,
 address = {Bellevue, Washington, USA},
 author = {Kulesza, Alex and Taskar, Ben},
 booktitle = {Proceedings of the 28th International Conference on Machine Learning (ICML)},
 editor = {Getoor, Lise and Scheffer, Tobias},
 eprint = {https://icml.cc/2011/papers/611_icmlpaper.pdf},
 month = {June},
 note = {<https://icml.cc/2011/papers/611_icmlpaper.pdf>},
 openalex = {W2187580259},
 pages = {1193–1200},
 publisher = {Omnipress},
 title = {k-DPPs: Fixed-Size Determinantal Point Processes},
 year = {2011}
}

@inproceedings{kumar2011cotraining,
 address = {Bellevue, Washington, USA},
 author = {Kumar, Abhishek and III, Hal Daumé},
 booktitle = {Proceedings of the 28th International Conference on Machine Learning (ICML)},
 editor = {Getoor, Lise and Scheffer, Tobias},
 eprint = {https://icml.cc/2011/papers/272_icmlpaper.pdf},
 month = {June},
 note = {<https://icml.cc/2011/papers/272_icmlpaper.pdf>},
 openalex = {W2101324110},
 pages = {393–400},
 publisher = {Omnipress},
 title = {A Co-training Approach for Multi-view Spectral Clustering},
 year = {2011}
}

@inproceedings{kuwadekar2011relational,
 address = {Bellevue, Washington, USA},
 author = {Kuwadekar, Ankit and Neville, Jennifer},
 booktitle = {Proceedings of the 28th International Conference on Machine Learning (ICML)},
 editor = {Getoor, Lise and Scheffer, Tobias},
 eprint = {https://icml.cc/2011/papers/264_icmlpaper.pdf},
 month = {June},
 note = {<https://icml.cc/2011/papers/264_icmlpaper.pdf>},
 openalex = {W2185959519},
 pages = {385–392},
 publisher = {Omnipress},
 title = {Relational Active Learning for Joint Collective Classification Models},
 year = {2011}
}

@inproceedings{ladicky2011locally,
 address = {Bellevue, Washington, USA},
 author = {Ladicky, Lubor and Torr, Philip H. S.},
 booktitle = {Proceedings of the 28th International Conference on Machine Learning (ICML)},
 editor = {Getoor, Lise and Scheffer, Tobias},
 eprint = {https://icml.cc/2011/papers/508_icmlpaper.pdf},
 month = {June},
 note = {<https://icml.cc/2011/papers/508_icmlpaper.pdf>},
 openalex = {W2189508540},
 pages = {985–992},
 publisher = {Omnipress},
 title = {Locally Linear Support Vector Machines},
 year = {2011}
}

@inproceedings{lazarogredilla2011variational,
 address = {Bellevue, Washington, USA},
 author = {Lázaro-Gredilla, Miguel and Titsias, Michalis K.},
 booktitle = {Proceedings of the 28th International Conference on Machine Learning (ICML)},
 editor = {Getoor, Lise and Scheffer, Tobias},
 eprint = {https://icml.cc/2011/papers/456_icmlpaper.pdf},
 month = {June},
 note = {<https://icml.cc/2011/papers/456_icmlpaper.pdf>},
 openalex = {W2187471809},
 pages = {841–848},
 publisher = {Omnipress},
 title = {Variational Heteroscedastic Gaussian Process Regression},
 year = {2011}
}

@inproceedings{le2011on,
 address = {Bellevue, Washington, USA},
 author = {Le, Quoc V. and Ngiam, Jiquan and Coates, Adam and Lahiri, Ahbik and Prochnow, Bobby and Ng, Andrew Y.},
 booktitle = {Proceedings of the 28th International Conference on Machine Learning (ICML)},
 editor = {Getoor, Lise and Scheffer, Tobias},
 eprint = {https://icml.cc/2011/papers/210_icmlpaper.pdf},
 month = {June},
 note = {<https://icml.cc/2011/papers/210_icmlpaper.pdf>},
 openalex = {W2102017903},
 pages = {265–272},
 publisher = {Omnipress},
 title = {On optimization methods for deep learning},
 year = {2011}
}

@inproceedings{lee2011manifold,
 address = {Bellevue, Washington, USA},
 author = {Lee, Sangkyun and Wright, Stephen J.},
 booktitle = {Proceedings of the 28th International Conference on Machine Learning (ICML)},
 editor = {Getoor, Lise and Scheffer, Tobias},
 eprint = {https://icml.cc/2011/papers/569_icmlpaper.pdf},
 month = {June},
 note = {<https://icml.cc/2011/papers/569_icmlpaper.pdf>},
 openalex = {W2183575723},
 pages = {1121–1128},
 publisher = {Omnipress},
 title = {Manifold Identification of Dual Averaging Methods for Regularized Stochastic Online Learning},
 year = {2011}
}

@inproceedings{li2011on,
 address = {Bellevue, Washington, USA},
 author = {Li, Lingbo and Zhou, Mingyuan and Sapiro, Guillermo and Carin, Lawrence},
 booktitle = {Proceedings of the 28th International Conference on Machine Learning (ICML)},
 editor = {Getoor, Lise and Scheffer, Tobias},
 eprint = {https://icml.cc/2011/papers/375_icmlpaper.pdf},
 month = {June},
 note = {<https://icml.cc/2011/papers/375_icmlpaper.pdf>},
 openalex = {W2241697430},
 pages = {625–632},
 publisher = {Omnipress},
 title = {On the Integration of Topic Modeling and Dictionary Learning},
 year = {2011}
}

@inproceedings{li2011time,
 address = {Bellevue, Washington, USA},
 author = {Li, Lei and Prakash, B. Aditya},
 booktitle = {Proceedings of the 28th International Conference on Machine Learning (ICML)},
 editor = {Getoor, Lise and Scheffer, Tobias},
 eprint = {https://icml.cc/2011/papers/159_icmlpaper.pdf},
 month = {June},
 note = {<https://icml.cc/2011/papers/159_icmlpaper.pdf>},
 openalex = {W2181643798},
 pages = {185–192},
 publisher = {Omnipress},
 title = {Time Series Clustering: Complex is Simpler!},
 year = {2011}
}

@inproceedings{li2011towards,
 address = {Bellevue, Washington, USA},
 author = {Li, Yufeng and Zhou, Zhi-Hua},
 booktitle = {Proceedings of the 28th International Conference on Machine Learning (ICML)},
 editor = {Getoor, Lise and Scheffer, Tobias},
 eprint = {https://icml.cc/2011/papers/548_icmlpaper.pdf},
 month = {June},
 note = {<https://icml.cc/2011/papers/548_icmlpaper.pdf>},
 openalex = {W2019288156},
 pages = {1081–1088},
 publisher = {Omnipress},
 title = {Towards Making Unlabeled Data Never Hurt},
 year = {2011}
}

@inproceedings{liu2011bounding,
 address = {Bellevue, Washington, USA},
 author = {Liu, Qiang and Alex and Ihler, er},
 booktitle = {Proceedings of the 28th International Conference on Machine Learning (ICML)},
 editor = {Getoor, Lise and Scheffer, Tobias},
 eprint = {https://icml.cc/2011/papers/459_icmlpaper.pdf},
 month = {June},
 note = {<https://icml.cc/2011/papers/459_icmlpaper.pdf>},
 openalex = {W2130467648},
 pages = {849–856},
 publisher = {Omnipress},
 title = {Bounding the Partition Function using Holder's Inequality},
 year = {2011}
}

@inproceedings{liu2011hashing,
 address = {Bellevue, Washington, USA},
 author = {Liu, Wei and Wang, Jun and Kumar, Sanjiv and Chang, Shih-Fu},
 booktitle = {Proceedings of the 28th International Conference on Machine Learning (ICML)},
 editor = {Getoor, Lise and Scheffer, Tobias},
 eprint = {https://icml.cc/2011/papers/6_icmlpaper.pdf},
 month = {June},
 note = {<https://icml.cc/2011/papers/6_icmlpaper.pdf>},
 openalex = {W2251864938},
 pages = {1–8},
 publisher = {Omnipress},
 title = {Hashing with Graphs},
 year = {2011}
}

@inproceedings{liu2011infinite,
 address = {Bellevue, Washington, USA},
 author = {Liu, Miao and Liao, Xuejun and Carin, Lawrence},
 booktitle = {Proceedings of the 28th International Conference on Machine Learning (ICML)},
 editor = {Getoor, Lise and Scheffer, Tobias},
 eprint = {https://icml.cc/2011/papers/427_icmlpaper.pdf},
 month = {June},
 note = {<https://icml.cc/2011/papers/427_icmlpaper.pdf>},
 openalex = {W2210424441},
 pages = {769–776},
 publisher = {Omnipress},
 title = {The Infinite Regionalized Policy Representation},
 year = {2011}
}

@inproceedings{lu2011learning,
 address = {Bellevue, Washington, USA},
 author = {Lu, Tyler and Boutilier, Craig},
 booktitle = {Proceedings of the 28th International Conference on Machine Learning (ICML)},
 editor = {Getoor, Lise and Scheffer, Tobias},
 eprint = {https://icml.cc/2011/papers/135_icmlpaper.pdf},
 month = {June},
 note = {<https://icml.cc/2011/papers/135_icmlpaper.pdf>},
 openalex = {W2186184713},
 pages = {145–152},
 publisher = {Omnipress},
 title = {Learning Mallows Models with Pairwise Preferences},
 year = {2011}
}

@inproceedings{luo2011cauchy,
 address = {Bellevue, Washington, USA},
 author = {Luo, Dijun and Ding, Chris H. Q. and Nie, Feiping and Huang, Heng},
 booktitle = {Proceedings of the 28th International Conference on Machine Learning (ICML)},
 editor = {Getoor, Lise and Scheffer, Tobias},
 eprint = {https://icml.cc/2011/papers/353_icmlpaper.pdf},
 month = {June},
 note = {<https://icml.cc/2011/papers/353_icmlpaper.pdf>},
 pages = {553–560},
 publisher = {Omnipress},
 title = {Cauchy Graph Embedding},
 year = {2011}
}

@inproceedings{maaten2011learning,
 address = {Bellevue, Washington, USA},
 author = {Maaten, Laurens van der},
 booktitle = {Proceedings of the 28th International Conference on Machine Learning (ICML)},
 editor = {Getoor, Lise and Scheffer, Tobias},
 eprint = {https://icml.cc/2011/papers/178_icmlpaper.pdf},
 month = {June},
 note = {<https://icml.cc/2011/papers/178_icmlpaper.pdf>},
 openalex = {W2181967766},
 pages = {217–224},
 publisher = {Omnipress},
 title = {Learning Discriminative Fisher Kernels},
 year = {2011}
}

@inproceedings{machart2011stochastic,
 address = {Bellevue, Washington, USA},
 author = {Machart, Pierre and Peel, Thomas and S and Anthoine, rine and Ralaivola, Liva and Glotin, Hervé},
 booktitle = {Proceedings of the 28th International Conference on Machine Learning (ICML)},
 editor = {Getoor, Lise and Scheffer, Tobias},
 eprint = {https://icml.cc/2011/papers/505_icmlpaper.pdf},
 month = {June},
 note = {<https://icml.cc/2011/papers/505_icmlpaper.pdf>},
 openalex = {W2169603879},
 pages = {969–976},
 publisher = {Omnipress},
 title = {Stochastic Low-Rank Kernel Learning for Regression},
 year = {2011}
}

@inproceedings{mahoney2011implementing,
 address = {Bellevue, Washington, USA},
 author = {Mahoney, Michael W. and Orecchia, Lorenzo},
 booktitle = {Proceedings of the 28th International Conference on Machine Learning (ICML)},
 editor = {Getoor, Lise and Scheffer, Tobias},
 eprint = {https://icml.cc/2011/papers/120_icmlpaper.pdf},
 month = {June},
 note = {<https://icml.cc/2011/papers/120_icmlpaper.pdf>},
 openalex = {W2964331576},
 pages = {121–128},
 publisher = {Omnipress},
 title = {Implementing regularization implicitly via approximate eigenvector computation},
 year = {2011}
}

@inproceedings{mannor2011meanvariance,
 address = {Bellevue, Washington, USA},
 author = {Mannor, Shie and Tsitsiklis, John N.},
 booktitle = {Proceedings of the 28th International Conference on Machine Learning (ICML)},
 editor = {Getoor, Lise and Scheffer, Tobias},
 eprint = {https://icml.cc/2011/papers/156_icmlpaper.pdf},
 month = {June},
 note = {<https://icml.cc/2011/papers/156_icmlpaper.pdf>},
 openalex = {W2952647718},
 pages = {177–184},
 publisher = {Omnipress},
 title = {Mean-Variance Optimization in Markov Decision Processes},
 year = {2011}
}

@inproceedings{marlin2011piecewise,
 address = {Bellevue, Washington, USA},
 author = {Marlin, Benjamin M. and Khan, Mohammad Emtiyaz and Murphy, Kevin P.},
 booktitle = {Proceedings of the 28th International Conference on Machine Learning (ICML)},
 editor = {Getoor, Lise and Scheffer, Tobias},
 eprint = {https://icml.cc/2011/papers/376_icmlpaper.pdf},
 month = {June},
 note = {<https://icml.cc/2011/papers/376_icmlpaper.pdf>},
 openalex = {W759726671},
 pages = {633–640},
 publisher = {Omnipress},
 title = {Piecewise Bounds for Estimating Bernoulli-Logistic Latent Gaussian Models},
 year = {2011}
}

@inproceedings{martens2011learning,
 address = {Bellevue, Washington, USA},
 author = {Martens, James and Sutskever, Ilya},
 booktitle = {Proceedings of the 28th International Conference on Machine Learning (ICML)},
 editor = {Getoor, Lise and Scheffer, Tobias},
 eprint = {https://icml.cc/2011/papers/532_icmlpaper.pdf},
 month = {June},
 note = {<https://icml.cc/2011/papers/532_icmlpaper.pdf>},
 openalex = {W1408639475},
 pages = {1033–1040},
 publisher = {Omnipress},
 title = {Learning Recurrent Neural Networks with Hessian-Free Optimization},
 year = {2011}
}

@inproceedings{martins2011augmented,
 address = {Bellevue, Washington, USA},
 author = {Martins, André F. T. and Figueiredo, Mário A. T. and Aguiar, Pedro M. Q. and Smith, Noah A. and Xing, Eric P.},
 booktitle = {Proceedings of the 28th International Conference on Machine Learning (ICML)},
 editor = {Getoor, Lise and Scheffer, Tobias},
 eprint = {https://icml.cc/2011/papers/150_icmlpaper.pdf},
 month = {June},
 note = {<https://icml.cc/2011/papers/150_icmlpaper.pdf>},
 openalex = {W1606878652},
 pages = {169–176},
 publisher = {Omnipress},
 title = {An Augmented Lagrangian Approach to Constrained MAP Inference},
 year = {2011}
}

@inproceedings{meyer2011linear,
 address = {Bellevue, Washington, USA},
 author = {Meyer, Gilles and Bonnabel, Silvère and Sepulchre, Rodolphe},
 booktitle = {Proceedings of the 28th International Conference on Machine Learning (ICML)},
 editor = {Getoor, Lise and Scheffer, Tobias},
 eprint = {https://icml.cc/2011/papers/350_icmlpaper.pdf},
 month = {June},
 note = {<https://icml.cc/2011/papers/350_icmlpaper.pdf>},
 openalex = {W191817552},
 pages = {545–552},
 publisher = {Omnipress},
 title = {Linear Regression under Fixed-Rank Constraints: A Riemannian Approach},
 year = {2011}
}

@inproceedings{minh2011vectorvalued,
 address = {Bellevue, Washington, USA},
 author = {Minh, Ha Quang and Sindhwani, Vikas},
 booktitle = {Proceedings of the 28th International Conference on Machine Learning (ICML)},
 editor = {Getoor, Lise and Scheffer, Tobias},
 eprint = {https://icml.cc/2011/papers/60_icmlpaper.pdf},
 month = {June},
 note = {<https://icml.cc/2011/papers/60_icmlpaper.pdf>},
 openalex = {W2217027665},
 pages = {57–64},
 publisher = {Omnipress},
 title = {Vector-valued Manifold Regularization},
 year = {2011}
}

@inproceedings{nagano2011sizeconstrained,
 address = {Bellevue, Washington, USA},
 author = {Nagano, Kiyohito and Kawahara, Yoshinobu and Aihara, Kazuyuki},
 booktitle = {Proceedings of the 28th International Conference on Machine Learning (ICML)},
 editor = {Getoor, Lise and Scheffer, Tobias},
 eprint = {https://icml.cc/2011/papers/506_icmlpaper.pdf},
 month = {June},
 note = {<https://icml.cc/2011/papers/506_icmlpaper.pdf>},
 openalex = {W2140529807},
 pages = {977–984},
 publisher = {Omnipress},
 title = {Size-constrained Submodular Minimization through Minimum Norm Base},
 year = {2011}
}

@inproceedings{nakajima2011on,
 address = {Bellevue, Washington, USA},
 author = {Nakajima, Shinichi and Sugiyama, Masashi and Babacan, S. Derin},
 booktitle = {Proceedings of the 28th International Conference on Machine Learning (ICML)},
 editor = {Getoor, Lise and Scheffer, Tobias},
 eprint = {https://icml.cc/2011/papers/337_icmlpaper.pdf},
 month = {June},
 note = {<https://icml.cc/2011/papers/337_icmlpaper.pdf>},
 openalex = {W63320859},
 pages = {497–504},
 publisher = {Omnipress},
 title = {On Bayesian PCA: Automatic Dimensionality Selection and Analytic Solution},
 year = {2011}
}

@inproceedings{neumann2011variational,
 address = {Bellevue, Washington, USA},
 author = {Neumann, Gerhard},
 booktitle = {Proceedings of the 28th International Conference on Machine Learning (ICML)},
 editor = {Getoor, Lise and Scheffer, Tobias},
 eprint = {https://icml.cc/2011/papers/441_icmlpaper.pdf},
 month = {June},
 note = {<https://icml.cc/2011/papers/441_icmlpaper.pdf>},
 openalex = {W2211399972},
 pages = {817–824},
 publisher = {Omnipress},
 title = {Variational Inference for Policy Search in changing situations},
 year = {2011}
}

@inproceedings{ngiam2011learning,
 address = {Bellevue, Washington, USA},
 author = {Ngiam, Jiquan and Chen, Zhenghao and Koh, Pang Wei and Ng, Andrew Y.},
 booktitle = {Proceedings of the 28th International Conference on Machine Learning (ICML)},
 editor = {Getoor, Lise and Scheffer, Tobias},
 eprint = {https://icml.cc/2011/papers/557_icmlpaper.pdf},
 month = {June},
 note = {<https://icml.cc/2011/papers/557_icmlpaper.pdf>},
 openalex = {W2185528074},
 pages = {1105–1112},
 publisher = {Omnipress},
 title = {Learning Deep Energy Models},
 year = {2011}
}

@inproceedings{ngiam2011multimodal,
 address = {Bellevue, Washington, USA},
 author = {Ngiam, Jiquan and Khosla, Aditya and Kim, Mingyu and Nam, Juhan and Lee, Honglak and Ng, Andrew Y.},
 booktitle = {Proceedings of the 28th International Conference on Machine Learning (ICML)},
 editor = {Getoor, Lise and Scheffer, Tobias},
 eprint = {https://icml.cc/2011/papers/399_icmlpaper.pdf},
 month = {June},
 note = {<https://icml.cc/2011/papers/399_icmlpaper.pdf>},
 openalex = {W2184188583},
 pages = {689–696},
 publisher = {Omnipress},
 title = {Multimodal Deep Learning},
 year = {2011}
}

@inproceedings{nickel2011threeway,
 address = {Bellevue, Washington, USA},
 author = {Nickel, Maximilian and Tresp, Volker and Kriegel, Hans-Peter},
 booktitle = {Proceedings of the 28th International Conference on Machine Learning (ICML)},
 editor = {Getoor, Lise and Scheffer, Tobias},
 eprint = {https://icml.cc/2011/papers/438_icmlpaper.pdf},
 month = {June},
 note = {<https://icml.cc/2011/papers/438_icmlpaper.pdf>},
 openalex = {W205829674},
 pages = {809–816},
 publisher = {Omnipress},
 title = {A Three-Way Model for Collective Learning on Multi-Relational Data},
 year = {2011}
}

@inproceedings{nikolenko2011new,
 address = {Bellevue, Washington, USA},
 author = {Nikolenko, Sergey I.},
 booktitle = {Proceedings of the 28th International Conference on Machine Learning (ICML)},
 editor = {Getoor, Lise and Scheffer, Tobias},
 eprint = {https://icml.cc/2011/papers/371_icmlpaper.pdf},
 month = {June},
 note = {<https://icml.cc/2011/papers/371_icmlpaper.pdf>},
 openalex = {W2198757069},
 pages = {601–608},
 publisher = {Omnipress},
 title = {A New Bayesian Rating System for Team Competitions},
 year = {2011}
}

@inproceedings{nock2011on,
 address = {Bellevue, Washington, USA},
 author = {Nock, Richard and Magdalou, Brice and Briys, Eric and Nielsen, Frank},
 booktitle = {Proceedings of the 28th International Conference on Machine Learning (ICML)},
 editor = {Getoor, Lise and Scheffer, Tobias},
 eprint = {https://icml.cc/2011/papers/63_icmlpaper.pdf},
 month = {June},
 note = {<https://icml.cc/2011/papers/63_icmlpaper.pdf>},
 openalex = {W2211113077},
 pages = {73–80},
 publisher = {Omnipress},
 title = {On tracking portfolios with certainty equivalents on a generalization of Markowitz model: the Fool, the Wise and the Adaptive},
 year = {2011}
}

@inproceedings{norouzi2011minimal,
 address = {Bellevue, Washington, USA},
 author = {Norouzi, Mohammad and Fleet, David J.},
 booktitle = {Proceedings of the 28th International Conference on Machine Learning (ICML)},
 editor = {Getoor, Lise and Scheffer, Tobias},
 eprint = {https://icml.cc/2011/papers/246_icmlpaper.pdf},
 month = {June},
 note = {<https://icml.cc/2011/papers/246_icmlpaper.pdf>},
 pages = {353–360},
 publisher = {Omnipress},
 title = {Minimal Loss Hashing for Compact Binary Codes},
 year = {2011}
}

@inproceedings{orabona2011better,
 address = {Bellevue, Washington, USA},
 author = {Orabona, Francesco and Cesa-Bianchi, Nicolò},
 booktitle = {Proceedings of the 28th International Conference on Machine Learning (ICML)},
 editor = {Getoor, Lise and Scheffer, Tobias},
 eprint = {https://icml.cc/2011/papers/306_icmlpaper.pdf},
 month = {June},
 note = {<https://icml.cc/2011/papers/306_icmlpaper.pdf>},
 openalex = {W2118378735},
 pages = {433–440},
 publisher = {Omnipress},
 title = {Better Algorithms for Selective Sampling},
 year = {2011}
}

@inproceedings{orabona2011ultrafast,
 address = {Bellevue, Washington, USA},
 author = {Orabona, Francesco and Luo, Jie},
 booktitle = {Proceedings of the 28th International Conference on Machine Learning (ICML)},
 editor = {Getoor, Lise and Scheffer, Tobias},
 eprint = {https://icml.cc/2011/papers/205_icmlpaper.pdf},
 month = {June},
 note = {<https://icml.cc/2011/papers/205_icmlpaper.pdf>},
 openalex = {W2128035438},
 pages = {249–256},
 publisher = {Omnipress},
 title = {Ultra-Fast Optimization Algorithm for Sparse Multi Kernel Learning},
 year = {2011}
}

@inproceedings{paisley2011variational,
 address = {Bellevue, Washington, USA},
 author = {Paisley, John W. and Carin, Lawrence and Blei, David M.},
 booktitle = {Proceedings of the 28th International Conference on Machine Learning (ICML)},
 editor = {Getoor, Lise and Scheffer, Tobias},
 eprint = {https://icml.cc/2011/papers/475_icmlpaper.pdf},
 month = {June},
 note = {<https://icml.cc/2011/papers/475_icmlpaper.pdf>},
 openalex = {W2219920167},
 pages = {889–896},
 publisher = {Omnipress},
 title = {Variational Inference for Stick-Breaking Beta Process Priors},
 year = {2011}
}

@inproceedings{parikh2011spectral,
 address = {Bellevue, Washington, USA},
 author = {Parikh, Ankur P. and Song, Le and Xing, Eric P.},
 booktitle = {Proceedings of the 28th International Conference on Machine Learning (ICML)},
 editor = {Getoor, Lise and Scheffer, Tobias},
 eprint = {https://icml.cc/2011/papers/545_icmlpaper.pdf},
 month = {June},
 note = {<https://icml.cc/2011/papers/545_icmlpaper.pdf>},
 openalex = {W2103581346},
 pages = {1065–1072},
 publisher = {Omnipress},
 title = {A Spectral Algorithm for Latent Tree Graphical Models},
 year = {2011}
}

@inproceedings{pazis2011generalized,
 address = {Bellevue, Washington, USA},
 author = {Pazis, Jason and Parr, Ronald},
 booktitle = {Proceedings of the 28th International Conference on Machine Learning (ICML)},
 editor = {Getoor, Lise and Scheffer, Tobias},
 eprint = {https://icml.cc/2011/papers/609_icmlpaper.pdf},
 month = {June},
 note = {<https://icml.cc/2011/papers/609_icmlpaper.pdf>},
 pages = {1185–1192},
 publisher = {Omnipress},
 title = {Generalized Value Functions for Large Action Sets},
 year = {2011}
}

@inproceedings{peng2011convex,
 address = {Bellevue, Washington, USA},
 author = {Peng, Jian and Hazan, Tamir and McAllester, David A. and Urtasun, Raquel},
 booktitle = {Proceedings of the 28th International Conference on Machine Learning (ICML)},
 editor = {Getoor, Lise and Scheffer, Tobias},
 eprint = {https://icml.cc/2011/papers/413_icmlpaper.pdf},
 month = {June},
 note = {<https://icml.cc/2011/papers/413_icmlpaper.pdf>},
 openalex = {W2200222883},
 pages = {729–736},
 publisher = {Omnipress},
 title = {Convex Max-Product over Compact Sets for Protein Folding},
 year = {2011}
}

@inproceedings{potetz2011estimating,
 address = {Bellevue, Washington, USA},
 author = {Potetz, Brian},
 booktitle = {Proceedings of the 28th International Conference on Machine Learning (ICML)},
 editor = {Getoor, Lise and Scheffer, Tobias},
 eprint = {https://icml.cc/2011/papers/208_icmlpaper.pdf},
 month = {June},
 note = {<https://icml.cc/2011/papers/208_icmlpaper.pdf>},
 openalex = {W2181302702},
 pages = {257–264},
 publisher = {Omnipress},
 title = {Estimating the Bayes Point Using Linear Knapsack Problems},
 year = {2011}
}

@inproceedings{quadrianto2011learning,
 address = {Bellevue, Washington, USA},
 author = {Quadrianto, Novi and Lampert, Christoph H.},
 booktitle = {Proceedings of the 28th International Conference on Machine Learning (ICML)},
 editor = {Getoor, Lise and Scheffer, Tobias},
 eprint = {https://icml.cc/2011/papers/304_icmlpaper.pdf},
 month = {June},
 note = {<https://icml.cc/2011/papers/304_icmlpaper.pdf>},
 openalex = {W2106890447},
 pages = {425–432},
 publisher = {Omnipress},
 title = {Learning Multi-View Neighborhood Preserving Projections},
 year = {2011}
}

@inproceedings{rai2011beam,
 address = {Bellevue, Washington, USA},
 author = {Rai, Piyush and III, Hal Daumé},
 booktitle = {Proceedings of the 28th International Conference on Machine Learning (ICML)},
 editor = {Getoor, Lise and Scheffer, Tobias},
 eprint = {https://icml.cc/2011/papers/401_icmlpaper.pdf},
 month = {June},
 note = {<https://icml.cc/2011/papers/401_icmlpaper.pdf>},
 openalex = {W2185729516},
 pages = {705–712},
 publisher = {Omnipress},
 title = {Beam Search based MAP Estimates for the Indian Buffet Process},
 year = {2011}
}

@inproceedings{reyzin2011boosting,
 address = {Bellevue, Washington, USA},
 author = {Reyzin, Lev},
 booktitle = {Proceedings of the 28th International Conference on Machine Learning (ICML)},
 editor = {Getoor, Lise and Scheffer, Tobias},
 eprint = {https://icml.cc/2011/papers/348_icmlpaper.pdf},
 month = {June},
 note = {<https://icml.cc/2011/papers/348_icmlpaper.pdf>},
 openalex = {W2216589588},
 pages = {529–536},
 publisher = {Omnipress},
 title = {Boosting on a Budget: Sampling for Feature-Efficient Prediction},
 year = {2011}
}

@inproceedings{rifai2011contractive,
 address = {Bellevue, Washington, USA},
 author = {Rifai, Salah and Vincent, Pascal and Muller, Xavier and Glorot, Xavier and Bengio, Yoshua},
 booktitle = {Proceedings of the 28th International Conference on Machine Learning (ICML)},
 editor = {Getoor, Lise and Scheffer, Tobias},
 eprint = {https://icml.cc/2011/papers/455_icmlpaper.pdf},
 month = {June},
 note = {<https://icml.cc/2011/papers/455_icmlpaper.pdf>},
 openalex = {W2218318129},
 pages = {833–840},
 publisher = {Omnipress},
 title = {Contractive Auto-Encoders: Explicit Invariance During Feature Extraction},
 year = {2011}
}

@inproceedings{robbiano2011minimax,
 address = {Bellevue, Washington, USA},
 author = {Robbiano, Sylvain and Clémençon, Stéphan},
 booktitle = {Proceedings of the 28th International Conference on Machine Learning (ICML)},
 editor = {Getoor, Lise and Scheffer, Tobias},
 eprint = {https://icml.cc/2011/papers/312_icmlpaper.pdf},
 month = {June},
 note = {<https://icml.cc/2011/papers/312_icmlpaper.pdf>},
 openalex = {W1420669289},
 pages = {441–448},
 publisher = {Omnipress},
 title = {Minimax Learning Rates for Bipartite Ranking and Plug-in Rules},
 year = {2011}
}

@inproceedings{scott2011surrogate,
 address = {Bellevue, Washington, USA},
 author = {Scott, Clayton},
 booktitle = {Proceedings of the 28th International Conference on Machine Learning (ICML)},
 editor = {Getoor, Lise and Scheffer, Tobias},
 eprint = {https://icml.cc/2011/papers/138_icmlpaper.pdf},
 month = {June},
 note = {<https://icml.cc/2011/papers/138_icmlpaper.pdf>},
 openalex = {W1596136574},
 pages = {153–160},
 publisher = {Omnipress},
 title = {Surrogate losses and regret bounds for cost-sensitive classification with example-dependent costs},
 year = {2011}
}

@inproceedings{shalevshwartz2011largescale,
 address = {Bellevue, Washington, USA},
 author = {Shalev-Shwartz, Shai and Gonen, Alon and Shamir, Ohad},
 booktitle = {Proceedings of the 28th International Conference on Machine Learning (ICML)},
 editor = {Getoor, Lise and Scheffer, Tobias},
 eprint = {https://icml.cc/2011/papers/232_icmlpaper.pdf},
 month = {June},
 note = {<https://icml.cc/2011/papers/232_icmlpaper.pdf>},
 openalex = {W2103325283},
 pages = {329–336},
 publisher = {Omnipress},
 title = {Large-Scale Convex Minimization with a Low-Rank Constraint},
 year = {2011}
}

@inproceedings{shieh2011tree,
 address = {Bellevue, Washington, USA},
 author = {Shieh, Albert and Hashimoto, Tatsunori B. and Airoldi, Edoardo M.},
 booktitle = {Proceedings of the 28th International Conference on Machine Learning (ICML)},
 editor = {Getoor, Lise and Scheffer, Tobias},
 eprint = {https://icml.cc/2011/papers/421_icmlpaper.pdf},
 month = {June},
 note = {<https://icml.cc/2011/papers/421_icmlpaper.pdf>},
 openalex = {W2049240645},
 pages = {753–760},
 publisher = {Omnipress},
 title = {Tree preserving embedding},
 year = {2011}
}

@inproceedings{shin2011mapping,
 address = {Bellevue, Washington, USA},
 author = {Shin, Kilho and Cuturi, Marco and Kuboyama, Tetsuji},
 booktitle = {Proceedings of the 28th International Conference on Machine Learning (ICML)},
 editor = {Getoor, Lise and Scheffer, Tobias},
 eprint = {https://icml.cc/2011/papers/503_icmlpaper.pdf},
 month = {June},
 note = {<https://icml.cc/2011/papers/503_icmlpaper.pdf>},
 openalex = {W2218737236},
 pages = {961–968},
 publisher = {Omnipress},
 title = {Mapping kernels for trees},
 year = {2011}
}

@inproceedings{small2011constrained,
 address = {Bellevue, Washington, USA},
 author = {Small, Kevin and Wallace, Byron C. and Brodley, Carla E. and Trikalinos, Thomas A.},
 booktitle = {Proceedings of the 28th International Conference on Machine Learning (ICML)},
 editor = {Getoor, Lise and Scheffer, Tobias},
 eprint = {https://icml.cc/2011/papers/465_icmlpaper.pdf},
 month = {June},
 note = {<https://icml.cc/2011/papers/465_icmlpaper.pdf>},
 openalex = {W2196543907},
 pages = {865–872},
 publisher = {Omnipress},
 title = {The Constrained Weight Space SVM: Learning with Ranked Features},
 year = {2011}
}

@inproceedings{socher2011parsing,
 address = {Bellevue, Washington, USA},
 author = {Socher, Richard and Lin, Cliff Chiung-Yu and Ng, Andrew Y. and Manning, Christopher D.},
 booktitle = {Proceedings of the 28th International Conference on Machine Learning (ICML)},
 editor = {Getoor, Lise and Scheffer, Tobias},
 eprint = {https://icml.cc/2011/papers/125_icmlpaper.pdf},
 month = {June},
 note = {<https://icml.cc/2011/papers/125_icmlpaper.pdf>},
 openalex = {W1423339008},
 pages = {129–136},
 publisher = {Omnipress},
 title = {Parsing Natural Scenes and Natural Language with Recursive Neural Networks},
 year = {2011}
}

@inproceedings{sohldickstein2011minimum,
 address = {Bellevue, Washington, USA},
 author = {Sohl-Dickstein, Jascha and Battaglino, Peter and DeWeese, Michael Robert},
 booktitle = {Proceedings of the 28th International Conference on Machine Learning (ICML)},
 editor = {Getoor, Lise and Scheffer, Tobias},
 eprint = {https://icml.cc/2011/papers/480_icmlpaper.pdf},
 month = {June},
 note = {<https://icml.cc/2011/papers/480_icmlpaper.pdf>},
 pages = {905–912},
 publisher = {Omnipress},
 title = {Minimum Probability Flow Learning},
 year = {2011}
}

@inproceedings{su2011large,
 address = {Bellevue, Washington, USA},
 author = {Su, Jiang and Shirab, Jelber Sayyad and Matwin, Stan},
 booktitle = {Proceedings of the 28th International Conference on Machine Learning (ICML)},
 editor = {Getoor, Lise and Scheffer, Tobias},
 eprint = {https://icml.cc/2011/papers/93_icmlpaper.pdf},
 month = {June},
 note = {<https://icml.cc/2011/papers/93_icmlpaper.pdf>},
 pages = {97–104},
 publisher = {Omnipress},
 title = {Large Scale Text Classification using Semisupervised Multinomial Naive Bayes},
 year = {2011}
}

@inproceedings{sugiyama2011on,
 address = {Bellevue, Washington, USA},
 author = {Sugiyama, Masashi and Yamada, Makoto and Kimura, Manabu and Hachiya, Hirotaka},
 booktitle = {Proceedings of the 28th International Conference on Machine Learning (ICML)},
 editor = {Getoor, Lise and Scheffer, Tobias},
 eprint = {https://icml.cc/2011/papers/61_icmlpaper.pdf},
 month = {June},
 note = {<https://icml.cc/2011/papers/61_icmlpaper.pdf>},
 openalex = {W2168255372},
 pages = {65–72},
 publisher = {Omnipress},
 title = {On Information-Maximization Clustering: Tuning Parameter Selection and Analytic Solution},
 year = {2011}
}

@inproceedings{sujeeth2011optiml,
 address = {Bellevue, Washington, USA},
 author = {Sujeeth, Arvind K. and Lee, HyoukJoong and Brown, Kevin J. and Rompf, Tiark and Chafi, Hassan and Wu, Michael and Atreya, R. and Odersky, Martin and Olukotun, Kunle},
 booktitle = {Proceedings of the 28th International Conference on Machine Learning (ICML)},
 editor = {Getoor, Lise and Scheffer, Tobias},
 eprint = {https://icml.cc/2011/papers/373_icmlpaper.pdf},
 month = {June},
 note = {<https://icml.cc/2011/papers/373_icmlpaper.pdf>},
 openalex = {W2240938131},
 pages = {609–616},
 publisher = {Omnipress},
 title = {OptiML: An Implicitly Parallel Domain-Specific Language for Machine Learning},
 year = {2011}
}

@inproceedings{sun2011incremental,
 address = {Bellevue, Washington, USA},
 author = {Sun, Yi and Gomez, Faustino J. and Ring, Mark B. and Schmidhuber, Jürgen},
 booktitle = {Proceedings of the 28th International Conference on Machine Learning (ICML)},
 editor = {Getoor, Lise and Scheffer, Tobias},
 eprint = {https://icml.cc/2011/papers/330_icmlpaper.pdf},
 month = {June},
 note = {<https://icml.cc/2011/papers/330_icmlpaper.pdf>},
 pages = {481–488},
 publisher = {Omnipress},
 title = {Incremental Basis Construction from Temporal Difference Error},
 year = {2011}
}

@inproceedings{sutskever2011generating,
 address = {Bellevue, Washington, USA},
 author = {Sutskever, Ilya and Martens, James and Hinton, Geoffrey E.},
 booktitle = {Proceedings of the 28th International Conference on Machine Learning (ICML)},
 editor = {Getoor, Lise and Scheffer, Tobias},
 eprint = {https://icml.cc/2011/papers/524_icmlpaper.pdf},
 month = {June},
 note = {<https://icml.cc/2011/papers/524_icmlpaper.pdf>},
 openalex = {W196214544},
 pages = {1017–1024},
 publisher = {Omnipress},
 title = {Generating Text with Recurrent Neural Networks},
 year = {2011}
}

@inproceedings{swersky2011on,
 address = {Bellevue, Washington, USA},
 author = {Swersky, Kevin and Ranzato, Marc'Aurelio and Buchman, David and Marlin, Benjamin M. and Freitas, O de},
 booktitle = {Proceedings of the 28th International Conference on Machine Learning (ICML)},
 editor = {Getoor, Lise and Scheffer, Tobias},
 eprint = {https://icml.cc/2011/papers/622_icmlpaper.pdf},
 month = {June},
 note = {<https://icml.cc/2011/papers/622_icmlpaper.pdf>},
 openalex = {W2191540403},
 pages = {1201–1208},
 publisher = {Omnipress},
 title = {On Autoencoders and Score Matching for Energy Based Models},
 year = {2011}
}

@inproceedings{tamar2011integrating,
 address = {Bellevue, Washington, USA},
 author = {Tamar, Aviv and Castro, Dotan Di and Meir, Ron},
 booktitle = {Proceedings of the 28th International Conference on Machine Learning (ICML)},
 editor = {Getoor, Lise and Scheffer, Tobias},
 eprint = {https://icml.cc/2011/papers/222_icmlpaper.pdf},
 month = {June},
 note = {<https://icml.cc/2011/papers/222_icmlpaper.pdf>},
 openalex = {W2221828264},
 pages = {305–312},
 publisher = {Omnipress},
 title = {Integrating Partial Model Knowledge in Model Free RL Algorithms},
 year = {2011}
}

@inproceedings{tamuz2011adaptively,
 address = {Bellevue, Washington, USA},
 author = {Tamuz, Omer and Liu, Ce and Belongie, Serge J. and Shamir, Ohad and Kalai, Adam},
 booktitle = {Proceedings of the 28th International Conference on Machine Learning (ICML)},
 editor = {Getoor, Lise and Scheffer, Tobias},
 eprint = {https://icml.cc/2011/papers/395_icmlpaper.pdf},
 month = {June},
 note = {<https://icml.cc/2011/papers/395_icmlpaper.pdf>},
 openalex = {W2951342632},
 pages = {673–680},
 publisher = {Omnipress},
 title = {Adaptively Learning the Crowd Kernel},
 year = {2011}
}

@inproceedings{tarlow2011dynamic,
 address = {Bellevue, Washington, USA},
 author = {Tarlow, Daniel and Batra, Dhruv and Kohli, Pushmeet and Kolmogorov, Vladimir},
 booktitle = {Proceedings of the 28th International Conference on Machine Learning (ICML)},
 editor = {Getoor, Lise and Scheffer, Tobias},
 eprint = {https://icml.cc/2011/papers/108_icmlpaper.pdf},
 month = {June},
 note = {<https://icml.cc/2011/papers/108_icmlpaper.pdf>},
 openalex = {W2183751109},
 pages = {113–120},
 publisher = {Omnipress},
 title = {Dynamic Tree Block Coordinate Ascent},
 year = {2011}
}

@inproceedings{thomas2011conjugate,
 address = {Bellevue, Washington, USA},
 author = {Thomas, Philip S. and Barto, Andrew G.},
 booktitle = {Proceedings of the 28th International Conference on Machine Learning (ICML)},
 editor = {Getoor, Lise and Scheffer, Tobias},
 eprint = {https://icml.cc/2011/papers/134_icmlpaper.pdf},
 month = {June},
 note = {<https://icml.cc/2011/papers/134_icmlpaper.pdf>},
 openalex = {W2186389117},
 pages = {137–144},
 publisher = {Omnipress},
 title = {Conjugate Markov Decision Processes},
 year = {2011}
}

@inproceedings{urner2011access,
 address = {Bellevue, Washington, USA},
 author = {Urner, Ruth and Shalev-Shwartz, Shai and Ben-David, Shai},
 booktitle = {Proceedings of the 28th International Conference on Machine Learning (ICML)},
 editor = {Getoor, Lise and Scheffer, Tobias},
 eprint = {https://icml.cc/2011/papers/378_icmlpaper.pdf},
 month = {June},
 note = {<https://icml.cc/2011/papers/378_icmlpaper.pdf>},
 openalex = {W2232010405},
 pages = {641–648},
 publisher = {Omnipress},
 title = {Access to Unlabeled Data can Speed up Prediction Time},
 year = {2011}
}

@inproceedings{vainsencher2011bundle,
 address = {Bellevue, Washington, USA},
 author = {Vainsencher, Daniel and Dekel, Ofer and Mannor, Shie},
 booktitle = {Proceedings of the 28th International Conference on Machine Learning (ICML)},
 editor = {Getoor, Lise and Scheffer, Tobias},
 eprint = {https://icml.cc/2011/papers/582_icmlpaper.pdf},
 month = {June},
 note = {<https://icml.cc/2011/papers/582_icmlpaper.pdf>},
 openalex = {W2186718186},
 pages = {1137–1144},
 publisher = {Omnipress},
 title = {Bundle Selling by Online Estimation of Valuation Functions},
 year = {2011}
}

@inproceedings{vattani2011preserving,
 address = {Bellevue, Washington, USA},
 author = {Vattani, Andrea and Chakrabarti, Deepayan and Gurevich, Maxim},
 booktitle = {Proceedings of the 28th International Conference on Machine Learning (ICML)},
 editor = {Getoor, Lise and Scheffer, Tobias},
 eprint = {https://icml.cc/2011/papers/434_icmlpaper.pdf},
 month = {June},
 note = {<https://icml.cc/2011/papers/434_icmlpaper.pdf>},
 openalex = {W2187247985},
 pages = {793–800},
 publisher = {Omnipress},
 title = {Preserving Personalized Pagerank in Subgraphs},
 year = {2011}
}

@inproceedings{virtanen2011bayesian,
 address = {Bellevue, Washington, USA},
 author = {Virtanen, Seppo and Klami, Arto and Kaski, Samuel},
 booktitle = {Proceedings of the 28th International Conference on Machine Learning (ICML)},
 editor = {Getoor, Lise and Scheffer, Tobias},
 eprint = {https://icml.cc/2011/papers/318_icmlpaper.pdf},
 month = {June},
 note = {<https://icml.cc/2011/papers/318_icmlpaper.pdf>},
 openalex = {W1532737361},
 pages = {457–464},
 publisher = {Omnipress},
 title = {Bayesian CCA via Group Sparsity},
 year = {2011}
}

@inproceedings{vu2011dynamic,
 address = {Bellevue, Washington, USA},
 author = {Vu, Duy Quang and Asuncion, Arthur U. and Hunter, David R. and Smyth, Padhraic},
 booktitle = {Proceedings of the 28th International Conference on Machine Learning (ICML)},
 editor = {Getoor, Lise and Scheffer, Tobias},
 eprint = {https://icml.cc/2011/papers/464_icmlpaper.pdf},
 month = {June},
 note = {<https://icml.cc/2011/papers/464_icmlpaper.pdf>},
 openalex = {W2184407187},
 pages = {857–864},
 publisher = {Omnipress},
 title = {Dynamic Egocentric Models for Citation Networks},
 year = {2011}
}

@inproceedings{waugh2011computational,
 address = {Bellevue, Washington, USA},
 author = {Waugh, Kevin and Ziebart, Brian D. and Bagnell, Drew},
 booktitle = {Proceedings of the 28th International Conference on Machine Learning (ICML)},
 editor = {Getoor, Lise and Scheffer, Tobias},
 eprint = {https://icml.cc/2011/papers/599_icmlpaper.pdf},
 month = {June},
 note = {<https://icml.cc/2011/papers/599_icmlpaper.pdf>},
 openalex = {W2963584844},
 pages = {1169–1176},
 publisher = {Omnipress},
 title = {Computational Rationalization: The Inverse Equilibrium Problem},
 year = {2011}
}

@inproceedings{welling2011bayesian,
 address = {Bellevue, Washington, USA},
 author = {Welling, Max and Teh, Yee Whye},
 booktitle = {Proceedings of the 28th International Conference on Machine Learning (ICML)},
 editor = {Getoor, Lise and Scheffer, Tobias},
 eprint = {https://icml.cc/2011/papers/398_icmlpaper.pdf},
 month = {June},
 note = {<https://icml.cc/2011/papers/398_icmlpaper.pdf>},
 openalex = {W2167433878},
 pages = {681–688},
 publisher = {Omnipress},
 title = {Bayesian Learning via Stochastic Gradient Langevin Dynamics},
 year = {2011}
}

@inproceedings{wick2011samplerank,
 address = {Bellevue, Washington, USA},
 author = {Wick, Michael L. and Rohanimanesh, Khashayar and Bellare, Kedar and Culotta, Aron and McCallum, Andrew},
 booktitle = {Proceedings of the 28th International Conference on Machine Learning (ICML)},
 editor = {Getoor, Lise and Scheffer, Tobias},
 eprint = {https://icml.cc/2011/papers/428_icmlpaper.pdf},
 month = {June},
 note = {<https://icml.cc/2011/papers/428_icmlpaper.pdf>},
 openalex = {W225641137},
 pages = {777–784},
 publisher = {Omnipress},
 title = {SampleRank: Training Factor Graphs with Atomic Gradients},
 year = {2011}
}

@inproceedings{xiao2011hierarchical,
 address = {Bellevue, Washington, USA},
 author = {Xiao, Lin and Zhou, Dengyong and Wu, Mingrui},
 booktitle = {Proceedings of the 28th International Conference on Machine Learning (ICML)},
 editor = {Getoor, Lise and Scheffer, Tobias},
 eprint = {https://icml.cc/2011/papers/437_icmlpaper.pdf},
 month = {June},
 note = {<https://icml.cc/2011/papers/437_icmlpaper.pdf>},
 openalex = {W2162657744},
 pages = {801–808},
 publisher = {Omnipress},
 title = {Hierarchical Classification via Orthogonal Transfer},
 year = {2011}
}

@inproceedings{yan2011active,
 address = {Bellevue, Washington, USA},
 author = {Yan, Yan and Rosales, Rómer and Fung, Glenn and Dy, Jennifer G.},
 booktitle = {Proceedings of the 28th International Conference on Machine Learning (ICML)},
 editor = {Getoor, Lise and Scheffer, Tobias},
 eprint = {https://icml.cc/2011/papers/596_icmlpaper.pdf},
 month = {June},
 note = {<https://icml.cc/2011/papers/596_icmlpaper.pdf>},
 openalex = {W2181558882},
 pages = {1161–1168},
 publisher = {Omnipress},
 title = {Active Learning from Crowds},
 year = {2011}
}

@inproceedings{yang2011on,
 address = {Bellevue, Washington, USA},
 author = {Yang, Eunho and Ravikumar, Pradeep},
 booktitle = {Proceedings of the 28th International Conference on Machine Learning (ICML)},
 editor = {Getoor, Lise and Scheffer, Tobias},
 eprint = {https://icml.cc/2011/papers/518_icmlpaper.pdf},
 month = {June},
 note = {<https://icml.cc/2011/papers/518_icmlpaper.pdf>},
 openalex = {W2106741190},
 pages = {1009–1016},
 publisher = {Omnipress},
 title = {On the Use of Variational Inference for Learning Discrete Graphical Model},
 year = {2011}
}

@inproceedings{yu2011unimodal,
 address = {Bellevue, Washington, USA},
 author = {Yu, Jia Yuan and Mannor, Shie},
 booktitle = {Proceedings of the 28th International Conference on Machine Learning (ICML)},
 editor = {Getoor, Lise and Scheffer, Tobias},
 eprint = {https://icml.cc/2011/papers/50_icmlpaper.pdf},
 month = {June},
 note = {<https://icml.cc/2011/papers/50_icmlpaper.pdf>},
 openalex = {W2295471379},
 pages = {41–48},
 publisher = {Omnipress},
 title = {Unimodal Bandits},
 year = {2011}
}

@inproceedings{yue2011beat,
 address = {Bellevue, Washington, USA},
 author = {Yue, Yisong and Joachims, Thorsten},
 booktitle = {Proceedings of the 28th International Conference on Machine Learning (ICML)},
 editor = {Getoor, Lise and Scheffer, Tobias},
 eprint = {https://icml.cc/2011/papers/200_icmlpaper.pdf},
 month = {June},
 note = {<https://icml.cc/2011/papers/200_icmlpaper.pdf>},
 openalex = {W2249408652},
 pages = {241–248},
 publisher = {Omnipress},
 title = {Beat the Mean Bandit},
 year = {2011}
}

@inproceedings{zhang2011treestructured,
 address = {Bellevue, Washington, USA},
 author = {Zhang, XianXing and Dunson, David B. and Carin, Lawrence},
 booktitle = {Proceedings of the 28th International Conference on Machine Learning (ICML)},
 editor = {Getoor, Lise and Scheffer, Tobias},
 eprint = {https://icml.cc/2011/papers/432_icmlpaper.pdf},
 month = {June},
 note = {<https://icml.cc/2011/papers/432_icmlpaper.pdf>},
 openalex = {W2166290507},
 pages = {785–792},
 publisher = {Omnipress},
 title = {Tree-Structured Infinite Sparse Factor Model},
 year = {2011}
}

@inproceedings{zhao2011online,
 address = {Bellevue, Washington, USA},
 author = {Zhao, Peilin and Hoi, Steven C. H. and Jin, Rong and Yang, Tianbao},
 booktitle = {Proceedings of the 28th International Conference on Machine Learning (ICML)},
 editor = {Getoor, Lise and Scheffer, Tobias},
 eprint = {https://icml.cc/2011/papers/198_icmlpaper.pdf},
 month = {June},
 note = {<https://icml.cc/2011/papers/198_icmlpaper.pdf>},
 openalex = {W2121038136},
 pages = {233–240},
 publisher = {Omnipress},
 title = {Online AUC Maximization},
 year = {2011}
}

@inproceedings{zhong2011efficient,
 address = {Bellevue, Washington, USA},
 author = {Zhong, Wenliang and Kwok, James T.},
 booktitle = {Proceedings of the 28th International Conference on Machine Learning (ICML)},
 editor = {Getoor, Lise and Scheffer, Tobias},
 eprint = {https://icml.cc/2011/papers/9_icmlpaper.pdf},
 month = {June},
 note = {<https://icml.cc/2011/papers/9_icmlpaper.pdf>},
 openalex = {W2082074261},
 pages = {9–16},
 publisher = {Omnipress},
 title = {Efficient Sparse Modeling with Automatic Feature Grouping},
 year = {2011}
}

@inproceedings{zhou2011godec,
 address = {Bellevue, Washington, USA},
 author = {Zhou, Tianyi and Tao, Dacheng},
 booktitle = {Proceedings of the 28th International Conference on Machine Learning (ICML)},
 editor = {Getoor, Lise and Scheffer, Tobias},
 eprint = {https://icml.cc/2011/papers/41_icmlpaper.pdf},
 month = {June},
 note = {<https://icml.cc/2011/papers/41_icmlpaper.pdf>},
 pages = {33–40},
 publisher = {Omnipress},
 title = {GoDec: Randomized Lowrank Sparse Matrix Decomposition in Noisy Case},
 year = {2011}
}

@inproceedings{zhu2011infinite,
 address = {Bellevue, Washington, USA},
 author = {Zhu, Jun and Chen, Ning and Xing, Eric P.},
 booktitle = {Proceedings of the 28th International Conference on Machine Learning (ICML)},
 editor = {Getoor, Lise and Scheffer, Tobias},
 eprint = {https://icml.cc/2011/papers/374_icmlpaper.pdf},
 month = {June},
 note = {<https://icml.cc/2011/papers/374_icmlpaper.pdf>},
 openalex = {W2170567396},
 pages = {617–624},
 publisher = {Omnipress},
 title = {Infinite SVM: a Dirichlet Process Mixture of Large-margin Kernel Machines},
 year = {2011}
}
