@inproceedings{ahn2012bayesian,
 address = {Edinburgh, Scotland, UK},
 author = {Ahn, Sungjin and Balan, Anoop Korattikara and Welling, Max},
 booktitle = {Proceedings of the 29th International Conference on Machine Learning (ICML)},
 month = {June},
 note = {\url{http://icml.cc/2012/papers/782.pdf}},
 publisher = {icml.cc / Omnipress},
 title = {Bayesian Posterior Sampling via Stochastic Gradient Fisher Scoring},
 year = {2012}
}

@inproceedings{alamgir2012shortest,
 address = {Edinburgh, Scotland, UK},
 author = {Alamgir, Morteza and Luxburg, Ulrike von},
 booktitle = {Proceedings of the 29th International Conference on Machine Learning (ICML)},
 month = {June},
 note = {\url{http://icml.cc/2012/papers/545.pdf}},
 publisher = {Omnipress},
 title = {Shortest path distance in random k-nearest neighbor graphs},
 year = {2012}
}

@inproceedings{alex2012efficient,
 address = {Edinburgh, Scotland, UK},
 author = {Alex and Schwing, Er G. and Hazan, Tamir and Pollefeys, Marc and Urtasun, Raquel},
 booktitle = {Proceedings of the 29th International Conference on Machine Learning (ICML)},
 month = {June},
 note = {\url{http://icml.cc/2012/papers/507.pdf}},
 publisher = {icml.cc / Omnipress},
 title = {Efficient Structured Prediction with Latent Variables for General Graphical Models},
 year = {2012}
}

@inproceedings{alex2012flexible,
 address = {Edinburgh, Scotland, UK},
 author = {Alex and Passos, Re and Rai, Piyush and Wainer, Jacques and Daumé III, Hal},
 booktitle = {Proceedings of the 29th International Conference on Machine Learning (ICML)},
 month = {June},
 note = {\url{http://icml.cc/2012/papers/573.pdf}},
 publisher = {icml.cc / Omnipress},
 title = {Flexible Modeling of Latent Task Structures in Multitask Learning},
 year = {2012}
}

@inproceedings{alex2012learning,
 address = {Edinburgh, Scotland, UK},
 author = {Alex and Bronstein, er M. and Sprechmann, Pablo and Sapiro, Guillermo},
 booktitle = {Proceedings of the 29th International Conference on Machine Learning (ICML)},
 month = {June},
 note = {\url{http://icml.cc/2012/papers/332.pdf}},
 publisher = {Omnipress},
 title = {Learning Efficient Structured Sparse Models},
 year = {2012}
}

@inproceedings{alex2012making,
 address = {Edinburgh, Scotland, UK},
 author = {Alex and Rakhlin, Er and Shamir, Ohad and Sridharan, Karthik},
 booktitle = {Proceedings of the 29th International Conference on Machine Learning (ICML)},
 month = {June},
 note = {\url{http://icml.cc/2012/papers/261.pdf}},
 publisher = {icml.cc / Omnipress},
 title = {Making Gradient Descent Optimal for Strongly Convex Stochastic Optimization},
 year = {2012}
}

@inproceedings{araya2012nearoptimal,
 address = {Edinburgh, Scotland, UK},
 author = {Araya-López, Mauricio and Buffet, Olivier and Thomas, Vincent},
 booktitle = {Proceedings of the 29th International Conference on Machine Learning (ICML)},
 month = {June},
 note = {\url{http://icml.cc/2012/papers/76.pdf}},
 publisher = {icml.cc / Omnipress},
 title = {Near-Optimal BRL using Optimistic Local Transitions},
 year = {2012}
}

@inproceedings{arm2012convex,
 address = {Edinburgh, Scotland, UK},
 author = {Arm and Joulin and Bach, Francis R.},
 booktitle = {Proceedings of the 29th International Conference on Machine Learning (ICML)},
 month = {June},
 note = {\url{http://icml.cc/2012/papers/641.pdf}},
 publisher = {icml.cc / Omnipress},
 title = {A Convex Relaxation for Weakly Supervised Classifiers},
 year = {2012}
}

@inproceedings{avner2012decoupling,
 address = {Edinburgh, Scotland, UK},
 author = {Avner, Orly and Mannor, Shie and Shamir, Ohad},
 booktitle = {Proceedings of the 29th International Conference on Machine Learning (ICML)},
 month = {June},
 note = {\url{http://icml.cc/2012/papers/230.pdf}},
 publisher = {Omnipress},
 title = {Decoupling Exploration and Exploitation in Multi-Armed Bandits},
 year = {2012}
}

@inproceedings{avron2012efficient,
 address = {Edinburgh, Scotland, UK},
 author = {Avron, Haim and Kale, Satyen and Kasiviswanathan, Shiva Prasad and Sindhwani, Vikas},
 booktitle = {Proceedings of the 29th International Conference on Machine Learning (ICML)},
 month = {June},
 note = {\url{http://icml.cc/2012/papers/617.pdf}},
 publisher = {Omnipress},
 title = {Efficient and Practical Stochastic Subgradient Descent for Nuclear Norm Regularization},
 year = {2012}
}

@inproceedings{azar2012on,
 address = {Edinburgh, Scotland, UK},
 author = {Azar, Mohammad Gheshlaghi and Munos, Rémi and Kappen, Bert},
 booktitle = {Proceedings of the 29th International Conference on Machine Learning (ICML)},
 month = {June},
 note = {\url{http://icml.cc/2012/papers/638.pdf}},
 publisher = {icml.cc / Omnipress},
 title = {On the Sample Complexity of Reinforcement Learning with a Generative Model},
 year = {2012}
}

@inproceedings{azimi2012batch,
 address = {Edinburgh, Scotland, UK},
 author = {Azimi, Javad and Fern, Alan and Fern, Xiaoli Zhang and Borradaile, Glencora and Heeringa, Brent},
 booktitle = {Proceedings of the 29th International Conference on Machine Learning (ICML)},
 month = {June},
 note = {\url{http://icml.cc/2012/papers/607.pdf}},
 publisher = {Omnipress},
 title = {Batch Active Learning via Coordinated Matching},
 year = {2012}
}

@inproceedings{azimi2012hybrid,
 address = {Edinburgh, Scotland, UK},
 author = {Azimi, Javad and Jalali, Ali and Fern, Xiaoli Zhang},
 booktitle = {Proceedings of the 29th International Conference on Machine Learning (ICML)},
 month = {June},
 note = {\url{http://icml.cc/2012/papers/614.pdf}},
 publisher = {Omnipress},
 title = {Hybrid Batch Bayesian Optimization},
 year = {2012}
}

@inproceedings{bach2012on,
 address = {Edinburgh, Scotland, UK},
 author = {Bach, Francis R. and Lacoste-Julien, Simon and Obozinski, Guillaume},
 booktitle = {Proceedings of the 29th International Conference on Machine Learning (ICML)},
 month = {June},
 note = {\url{http://icml.cc/2012/papers/683.pdf}},
 publisher = {icml.cc / Omnipress},
 title = {On the Equivalence between Herding and Conditional Gradient Algorithms},
 year = {2012}
}

@inproceedings{bachrach2012to,
 address = {Edinburgh, Scotland, UK},
 author = {Bachrach, Yoram and Graepel, Thore and Minka, Tom and Guiver, John},
 booktitle = {Proceedings of the 29th International Conference on Machine Learning (ICML)},
 month = {June},
 note = {\url{http://icml.cc/2012/papers/597.pdf}},
 publisher = {icml.cc / Omnipress},
 title = {How to Grade a Test Without Knowing the Answers - A Bayesian Graphical Model for Adaptive Crowdsourcing and Aptitude Testing},
 year = {2012}
}

@inproceedings{balakrishnan2012sparse,
 address = {Edinburgh, Scotland, UK},
 author = {Balakrishnan, Sivaraman and Puniyani, Kriti and Lafferty, John D.},
 booktitle = {Proceedings of the 29th International Conference on Machine Learning (ICML)},
 month = {June},
 note = {\url{http://icml.cc/2012/papers/478.pdf}},
 publisher = {icml.cc / Omnipress},
 title = {Sparse Additive Functional and Kernel CCA},
 year = {2012}
}

@inproceedings{balasubramanian2012landmark,
 address = {Edinburgh, Scotland, UK},
 author = {Balasubramanian, Krishnakumar and Lebanon, Guy},
 booktitle = {Proceedings of the 29th International Conference on Machine Learning (ICML)},
 month = {June},
 note = {\url{http://icml.cc/2012/papers/525.pdf}},
 publisher = {Omnipress},
 title = {The Landmark Selection Method for Multiple Output Prediction},
 year = {2012}
}

@inproceedings{balle2012local,
 address = {Edinburgh, Scotland, UK},
 author = {Balle, Borja and Quattoni, Ariadna and Carreras, Xavier},
 booktitle = {Proceedings of the 29th International Conference on Machine Learning (ICML)},
 month = {June},
 note = {\url{http://icml.cc/2012/papers/922.pdf}},
 publisher = {icml.cc / Omnipress},
 title = {Local Loss Optimization in Operator Models: A New Insight into Spectral Learning},
 year = {2012}
}

@inproceedings{bartok2012adaptive,
 address = {Edinburgh, Scotland, UK},
 author = {Bartók, Gábor and Zolghadr, Navid and Szepesvári, Csaba},
 booktitle = {Proceedings of the 29th International Conference on Machine Learning (ICML)},
 month = {June},
 note = {\url{http://icml.cc/2012/papers/846.pdf}},
 publisher = {icml.cc / Omnipress},
 title = {An adaptive algorithm for finite stochastic partial monitoring},
 year = {2012}
}

@inproceedings{bellet2012similarity,
 address = {Edinburgh, Scotland, UK},
 author = {Bellet, Aurélien and Habrard, Amaury and Sebban, Marc},
 booktitle = {Proceedings of the 29th International Conference on Machine Learning (ICML)},
 month = {June},
 note = {\url{http://icml.cc/2012/papers/919.pdf}},
 publisher = {icml.cc / Omnipress},
 title = {Similarity Learning for Provably Accurate Sparse Linear Classification},
 year = {2012}
}

@inproceedings{bendavid2012minimizing,
 address = {Edinburgh, Scotland, UK},
 author = {Ben-David, Shai and Loker, David and Srebro, Nathan and Sridharan, Karthik},
 booktitle = {Proceedings of the 29th International Conference on Machine Learning (ICML)},
 month = {June},
 note = {\url{http://icml.cc/2012/papers/917.pdf}},
 publisher = {Omnipress},
 title = {Minimizing The Misclassification Error Rate Using a Surrogate Convex Loss},
 year = {2012}
}

@inproceedings{biessmann2012canonical,
 address = {Edinburgh, Scotland, UK},
 author = {Bießmann, Felix and Papaioannou, Jens-Michalis and Braun, Mikio L. and Harth, Andreas},
 booktitle = {Proceedings of the 29th International Conference on Machine Learning (ICML)},
 month = {June},
 note = {\url{http://icml.cc/2012/papers/623.pdf}},
 publisher = {icml.cc / Omnipress},
 title = {Canonical Trends: Detecting Trend Setters in Web Data},
 year = {2012}
}

@inproceedings{biggio2012poisoning,
 address = {Edinburgh, Scotland, UK},
 author = {Biggio, Battista and Nelson, Blaine and Laskov, Pavel},
 booktitle = {Proceedings of the 29th International Conference on Machine Learning (ICML)},
 month = {June},
 note = {\url{http://icml.cc/2012/papers/880.pdf}},
 publisher = {icml.cc / Omnipress},
 title = {Poisoning Attacks against Support Vector Machines},
 year = {2012}
}

@inproceedings{bischof2012capturing,
 address = {Edinburgh, Scotland, UK},
 author = {Bischof, Jonathan and Airoldi, Edoardo M.},
 booktitle = {Proceedings of the 29th International Conference on Machine Learning (ICML)},
 month = {June},
 note = {\url{http://icml.cc/2012/papers/113.pdf}},
 publisher = {Omnipress},
 title = {Capturing Topical Content with Frequency and Exclusivity},
 year = {2012}
}

@inproceedings{bonilla2012discriminative,
 address = {Edinburgh, Scotland, UK},
 author = {Bonilla, Edwin V. and Robles-Kelly, Antonio},
 booktitle = {Proceedings of the 29th International Conference on Machine Learning (ICML)},
 month = {June},
 note = {\url{http://icml.cc/2012/papers/389.pdf}},
 publisher = {Omnipress},
 title = {Discriminative Probabilistic Prototype Learning},
 year = {2012}
}

@inproceedings{boots2012two,
 address = {Edinburgh, Scotland, UK},
 author = {Boots, Byron and Gordon, Geoffrey J.},
 booktitle = {Proceedings of the 29th International Conference on Machine Learning (ICML)},
 month = {June},
 note = {\url{http://icml.cc/2012/papers/338.pdf}},
 publisher = {Omnipress},
 title = {Two Manifold Problems with Applications to Nonlinear System Identification},
 year = {2012}
}

@inproceedings{borboudakis2012incorporating,
 address = {Edinburgh, Scotland, UK},
 author = {Borboudakis, Giorgos and Tsamardinos, Ioannis},
 booktitle = {Proceedings of the 29th International Conference on Machine Learning (ICML)},
 month = {June},
 note = {\url{http://icml.cc/2012/papers/875.pdf}},
 publisher = {icml.cc / Omnipress},
 title = {Incorporating Causal Prior Knowledge as Path-Constraints in Bayesian Networks and Maximal Ancestral Graphs},
 year = {2012}
}

@inproceedings{boukouvalas2012gaussian,
 address = {Edinburgh, Scotland, UK},
 author = {Boukouvalas, Alexis and Barillec, Remi Louis and Cornford, Dan},
 booktitle = {Proceedings of the 29th International Conference on Machine Learning (ICML)},
 month = {June},
 note = {\url{http://icml.cc/2012/papers/830.pdf}},
 publisher = {Omnipress},
 title = {Gaussian Process Quantile Regression using Expectation Propagation},
 year = {2012}
}

@inproceedings{boulangerlew2012modeling,
 address = {Edinburgh, Scotland, UK},
 author = {Boulanger-Lew, Nicolas and owski, and Bengio, Yoshua and Vincent, Pascal},
 booktitle = {Proceedings of the 29th International Conference on Machine Learning (ICML)},
 month = {June},
 note = {\url{http://icml.cc/2012/papers/590.pdf}},
 publisher = {icml.cc / Omnipress},
 title = {Modeling Temporal Dependencies in High-Dimensional Sequences: Application to Polyphonic Music Generation and Transcription},
 year = {2012}
}

@inproceedings{bowling2012onlocalregret,
 address = {Edinburgh, Scotland, UK},
 author = {Bowling, Michael and Zinkevich, Martin},
 booktitle = {Proceedings of the 29th International Conference on Machine Learning (ICML)},
 month = {June},
 note = {\url{http://icml.cc/2012/papers/803.pdf}},
 publisher = {icml.cc / Omnipress},
 title = {On Local Regret},
 year = {2012}
}

@inproceedings{boyd2012unachievable,
 address = {Edinburgh, Scotland, UK},
 author = {Boyd, Kendrick and Davis, Jesse and Page, David and Costa, Vítor Santos},
 booktitle = {Proceedings of the 29th International Conference on Machine Learning (ICML)},
 month = {June},
 note = {\url{http://icml.cc/2012/papers/349.pdf}},
 publisher = {icml.cc / Omnipress},
 title = {Unachievable Region in Precision-Recall Space and Its Effect on Empirical Evaluation},
 year = {2012}
}

@inproceedings{bracegirdle2012bayesian,
 address = {Edinburgh, Scotland, UK},
 author = {Bracegirdle, Chris and Barber, David},
 booktitle = {Proceedings of the 29th International Conference on Machine Learning (ICML)},
 month = {June},
 note = {\url{http://icml.cc/2012/papers/570.pdf}},
 publisher = {icml.cc / Omnipress},
 title = {Bayesian Conditional Cointegration},
 year = {2012}
}

@inproceedings{busa2012fast,
 address = {Edinburgh, Scotland, UK},
 author = {Busa-Fekete, Róbert and Benbouzid, Djalel and Kégl, Balázs},
 booktitle = {Proceedings of the 29th International Conference on Machine Learning (ICML)},
 month = {June},
 note = {\url{http://icml.cc/2012/papers/501.pdf}},
 publisher = {icml.cc / Omnipress},
 title = {Fast Classification Using Sparse Decision DAGs},
 year = {2012}
}

@inproceedings{castro2012policy,
 address = {Edinburgh, Scotland, UK},
 author = {Castro, Dotan Di and Tamar, Aviv and Mannor, Shie},
 booktitle = {Proceedings of the 29th International Conference on Machine Learning (ICML)},
 month = {June},
 note = {\url{http://icml.cc/2012/papers/489.pdf}},
 publisher = {icml.cc / Omnipress},
 title = {Policy Gradients with Variance Related Risk Criteria},
 year = {2012}
}

@inproceedings{chambers2012learning,
 address = {Edinburgh, Scotland, UK},
 author = {Chambers, Nathanael and Jurafsky, Dan},
 booktitle = {Proceedings of the 29th International Conference on Machine Learning (ICML)},
 month = {June},
 note = {\url{http://icml.cc/2012/papers/945.pdf}},
 publisher = {Omnipress},
 title = {Learning the Central Events and Participants in Unlabeled Text},
 year = {2012}
}

@inproceedings{charlin2012active,
 address = {Edinburgh, Scotland, UK},
 author = {Charlin, Laurent and Zemel, Richard S. and Boutilier, Craig},
 booktitle = {Proceedings of the 29th International Conference on Machine Learning (ICML)},
 month = {June},
 note = {\url{http://icml.cc/2012/papers/197.pdf}},
 publisher = {Omnipress},
 title = {Active Learning for Matching Problems},
 year = {2012}
}

@inproceedings{chaudhuri2012convergence,
 address = {Edinburgh, Scotland, UK},
 author = {Chaudhuri, Kamalika and Hsu, Daniel J.},
 booktitle = {Proceedings of the 29th International Conference on Machine Learning (ICML)},
 month = {June},
 note = {\url{http://icml.cc/2012/papers/663.pdf}},
 publisher = {icml.cc / Omnipress},
 title = {Convergence Rates for Differentially Private Statistical Estimation},
 year = {2012}
}

@inproceedings{chen2012communications,
 address = {Edinburgh, Scotland, UK},
 author = {Chen, Minhua and Carson, William R. and Rodrigues, Miguel R. D. and Carin, Lawrence and Calderbank, A. Robert},
 booktitle = {Proceedings of the 29th International Conference on Machine Learning (ICML)},
 month = {June},
 note = {\url{http://icml.cc/2012/papers/482.pdf}},
 publisher = {icml.cc / Omnipress},
 title = {Communications Inspired Linear Discriminant Analysis},
 year = {2012}
}

@inproceedings{chen2012dependent,
 address = {Edinburgh, Scotland, UK},
 author = {Chen, Changyou and Ding, Nan and Buntine, Wray L.},
 booktitle = {Proceedings of the 29th International Conference on Machine Learning (ICML)},
 month = {June},
 note = {\url{http://icml.cc/2012/papers/476.pdf}},
 publisher = {icml.cc / Omnipress},
 title = {Dependent Hierarchical Normalized Random Measures for Dynamic Topic Modeling},
 year = {2012}
}

@inproceedings{chen2012joint,
 address = {Edinburgh, Scotland, UK},
 author = {Chen, Bo and Castro, Rui M. and Krause, Andreas},
 booktitle = {Proceedings of the 29th International Conference on Machine Learning (ICML)},
 month = {June},
 note = {\url{http://icml.cc/2012/papers/714.pdf}},
 publisher = {icml.cc / Omnipress},
 title = {Joint Optimization and Variable Selection of High-dimensional Gaussian Processes},
 year = {2012}
}

@inproceedings{chen2012marginalized,
 address = {Edinburgh, Scotland, UK},
 author = {Chen, Minmin and Xu, Zhixiang Eddie and Weinberger, Kilian Q. and Sha, Fei},
 booktitle = {Proceedings of the 29th International Conference on Machine Learning (ICML)},
 month = {June},
 note = {\url{http://icml.cc/2012/papers/416.pdf}},
 publisher = {icml.cc / Omnipress},
 title = {Marginalized Denoising Autoencoders for Domain Adaptation},
 year = {2012}
}

@inproceedings{chen2012online,
 address = {Edinburgh, Scotland, UK},
 author = {Chen, Shang-Tse and Lin, Hsuan-Tien and Lu, Chi-Jen},
 booktitle = {Proceedings of the 29th International Conference on Machine Learning (ICML)},
 month = {June},
 note = {\url{http://icml.cc/2012/papers/538.pdf}},
 publisher = {icml.cc / Omnipress},
 title = {An Online Boosting Algorithm with Theoretical Justifications},
 year = {2012}
}

@inproceedings{cotter2012kernelized,
 address = {Edinburgh, Scotland, UK},
 author = {Cotter, Andrew and Shalev-Shwartz, Shai and Srebro, Nathan},
 booktitle = {Proceedings of the 29th International Conference on Machine Learning (ICML)},
 month = {June},
 note = {\url{http://icml.cc/2012/papers/493.pdf}},
 publisher = {icml.cc / Omnipress},
 title = {The Kernelized Stochastic Batch Perceptron},
 year = {2012}
}

@inproceedings{crammer2012adaptive,
 address = {Edinburgh, Scotland, UK},
 author = {Crammer, Koby and Chechik, Gal},
 booktitle = {Proceedings of the 29th International Conference on Machine Learning (ICML)},
 month = {June},
 note = {\url{http://icml.cc/2012/papers/245.pdf}},
 publisher = {Omnipress},
 title = {Adaptive Regularization for Similarity Measures},
 year = {2012}
}

@inproceedings{dahl2012training,
 address = {Edinburgh, Scotland, UK},
 author = {Dahl, George E. and Adams, Ryan Prescott and Larochelle, Hugo},
 booktitle = {Proceedings of the 29th International Conference on Machine Learning (ICML)},
 month = {June},
 note = {\url{http://icml.cc/2012/papers/364.pdf}},
 publisher = {Omnipress},
 title = {Training Restricted Boltzmann Machines on Word Observations},
 year = {2012}
}

@inproceedings{damianou2012manifold,
 address = {Edinburgh, Scotland, UK},
 author = {Damianou, Andreas C. and Ek, Carl Henrik and Titsias, Michalis K. and Lawrence, Neil D.},
 booktitle = {Proceedings of the 29th International Conference on Machine Learning (ICML)},
 month = {June},
 note = {\url{http://icml.cc/2012/papers/94.pdf}},
 publisher = {icml.cc / Omnipress},
 title = {Manifold Relevance Determination},
 year = {2012}
}

@inproceedings{danyluk2012feature,
 address = {Edinburgh, Scotland, UK},
 author = {Danyluk, Andrea Pohoreckyj and Arnosti, Nicholas},
 booktitle = {Proceedings of the 29th International Conference on Machine Learning (ICML)},
 month = {June},
 note = {\url{http://icml.cc/2012/papers/868.pdf}},
 publisher = {Omnipress},
 title = {Feature Selection via Probabilistic Outputs},
 year = {2012}
}

@inproceedings{davis2012demanddriven,
 address = {Edinburgh, Scotland, UK},
 author = {Davis, Jesse and Costa, Vítor Santos and Berg, Elizabeth and Page, David and Peissig, Peggy L. and Caldwell, Michael},
 booktitle = {Proceedings of the 29th International Conference on Machine Learning (ICML)},
 month = {June},
 note = {\url{http://icml.cc/2012/papers/644.pdf}},
 publisher = {icml.cc / Omnipress},
 title = {Demand-Driven Clustering in Relational Domains for Predicting Adverse Drug Events},
 year = {2012}
}

@inproceedings{defazio2012graphical,
 address = {Edinburgh, Scotland, UK},
 author = {Defazio, Aaron and Caetano, Tibério S.},
 booktitle = {Proceedings of the 29th International Conference on Machine Learning (ICML)},
 month = {June},
 note = {\url{http://icml.cc/2012/papers/158.pdf}},
 publisher = {icml.cc / Omnipress},
 title = {A Graphical Model Formulation of Collaborative Filtering Neighbourhood Methods with Fast Maximum Entropy Training},
 year = {2012}
}

@inproceedings{degris2012linear,
 address = {Edinburgh, Scotland, UK},
 author = {Degris, Thomas and White, Martha and Sutton, Richard S.},
 booktitle = {Proceedings of the 29th International Conference on Machine Learning (ICML)},
 month = {June},
 note = {\url{http://icml.cc/2012/papers/268.pdf}},
 publisher = {Omnipress},
 title = {Linear Off-Policy Actor-Critic},
 year = {2012}
}

@inproceedings{dekel2012online,
 address = {Edinburgh, Scotland, UK},
 author = {Dekel, Ofer and Tewari, Ambuj and Arora, Raman},
 booktitle = {Proceedings of the 29th International Conference on Machine Learning (ICML)},
 month = {June},
 note = {\url{http://icml.cc/2012/papers/749.pdf}},
 publisher = {icml.cc / Omnipress},
 title = {Online Bandit Learning against an Adaptive Adversary: from Regret to Policy Regret},
 year = {2012}
}

@inproceedings{dembczynski2012consistent,
 address = {Edinburgh, Scotland, UK},
 author = {Dembczynski, Krzysztof and Kotlowski, Wojciech and Hüllermeier, Eyke},
 booktitle = {Proceedings of the 29th International Conference on Machine Learning (ICML)},
 month = {June},
 note = {\url{http://icml.cc/2012/papers/661.pdf}},
 publisher = {icml.cc / Omnipress},
 title = {Consistent Multilabel Ranking through Univariate Losses},
 year = {2012}
}

@inproceedings{denchev2012robust,
 address = {Edinburgh, Scotland, UK},
 author = {Denchev, Vasil S. and Ding, Nan and Vishwanathan, S. V. N. and Neven, Hartmut},
 booktitle = {Proceedings of the 29th International Conference on Machine Learning (ICML)},
 month = {June},
 note = {\url{http://icml.cc/2012/papers/461.pdf}},
 publisher = {Omnipress},
 title = {Robust Classification with Adiabatic Quantum Optimization},
 year = {2012}
}

@inproceedings{desautels2012parallelizing,
 address = {Edinburgh, Scotland, UK},
 author = {Desautels, Thomas and Krause, Andreas and Burdick, Joel W.},
 booktitle = {Proceedings of the 29th International Conference on Machine Learning (ICML)},
 month = {June},
 note = {\url{http://icml.cc/2012/papers/602.pdf}},
 publisher = {Omnipress},
 title = {Parallelizing Exploration-Exploitation Tradeoffs with Gaussian Process Bandit Optimization},
 year = {2012}
}

@inproceedings{dhillon2012using,
 address = {Edinburgh, Scotland, UK},
 author = {Dhillon, Paramveer S. and Rodu, Jordan and Foster, Dean P. and Ungar, Lyle H.},
 booktitle = {Proceedings of the 29th International Conference on Machine Learning (ICML)},
 month = {June},
 note = {\url{http://icml.cc/2012/papers/763.pdf}},
 publisher = {Omnipress},
 title = {Using CCA to Improve CCA: A New Spectral Method for Estimating Vector Models of Words},
 year = {2012}
}

@inproceedings{doppa2012output,
 address = {Edinburgh, Scotland, UK},
 author = {Doppa, Janardhan Rao and Fern, Alan and Tadepalli, Prasad},
 booktitle = {Proceedings of the 29th International Conference on Machine Learning (ICML)},
 month = {June},
 note = {\url{http://icml.cc/2012/papers/587.pdf}},
 publisher = {icml.cc / Omnipress},
 title = {Output Space Search for Structured Prediction},
 year = {2012}
}

@inproceedings{duan2012learning,
 address = {Edinburgh, Scotland, UK},
 author = {Duan, Lixin and Xu, Dong and Tsang, Ivor W.},
 booktitle = {Proceedings of the 29th International Conference on Machine Learning (ICML)},
 month = {June},
 note = {\url{http://icml.cc/2012/papers/373.pdf}},
 publisher = {icml.cc / Omnipress},
 title = {Learning with Augmented Features for Heterogeneous Domain Adaptation},
 year = {2012}
}

@inproceedings{dundar2012bayesian,
 address = {Edinburgh, Scotland, UK},
 author = {Dundar, Murat and Akova, Ferit and Qi, Yuan (Alan) and Rajwa, Bartek},
 booktitle = {Proceedings of the 29th International Conference on Machine Learning (ICML)},
 month = {June},
 note = {\url{http://icml.cc/2012/papers/81.pdf}},
 publisher = {Omnipress},
 title = {Bayesian Nonexhaustive Learning for Online Discovery and Modeling of Emerging Classes},
 year = {2012}
}

@inproceedings{eban2012learning,
 address = {Edinburgh, Scotland, UK},
 author = {Eban, Elad and Birnbaum, Aharon and Shalev-Shwartz, Shai and Globerson, Amir},
 booktitle = {Proceedings of the 29th International Conference on Machine Learning (ICML)},
 month = {June},
 note = {\url{http://icml.cc/2012/papers/471.pdf}},
 publisher = {Omnipress},
 title = {Learning the Experts for Online Sequence Prediction},
 year = {2012}
}

@inproceedings{farabet2012scene,
 address = {Edinburgh, Scotland, UK},
 author = {Farabet, Clément and Couprie, Camille and Najman, Laurent and LeCun, Yann},
 booktitle = {Proceedings of the 29th International Conference on Machine Learning (ICML)},
 month = {June},
 note = {\url{http://icml.cc/2012/papers/319.pdf}},
 publisher = {icml.cc / Omnipress},
 title = {Scene parsing with Multiscale Feature Learning, Purity Trees, and Optimal Covers},
 year = {2012}
}

@inproceedings{fedorova2012plugin,
 address = {Edinburgh, Scotland, UK},
 author = {Fedorova, Valentina and Gammerman, Alex and Nouretdinov, Ilia and Vovk, Volodya},
 booktitle = {Proceedings of the 29th International Conference on Machine Learning (ICML)},
 month = {June},
 note = {\url{http://icml.cc/2012/papers/808.pdf}},
 publisher = {Omnipress},
 title = {Plug-in martingales for testing exchangeability on-line},
 year = {2012}
}

@inproceedings{feng2012robust,
 address = {Edinburgh, Scotland, UK},
 author = {Feng, Jiashi and Xu, Huan and Yan, Shuicheng},
 booktitle = {Proceedings of the 29th International Conference on Machine Learning (ICML)},
 month = {June},
 note = {\url{http://icml.cc/2012/papers/136.pdf}},
 publisher = {icml.cc / Omnipress},
 title = {Robust PCA in High-dimension: A Deterministic Approach},
 year = {2012}
}

@inproceedings{fox2012bounded,
 address = {Edinburgh, Scotland, UK},
 author = {Fox, Roy and Tishby, Naftali},
 booktitle = {Proceedings of the 29th International Conference on Machine Learning (ICML)},
 month = {June},
 note = {\url{http://icml.cc/2012/papers/864.pdf}},
 publisher = {Omnipress},
 title = {Bounded Planning in Passive POMDPs},
 year = {2012}
}

@inproceedings{fujimaki2012factorized,
 address = {Edinburgh, Scotland, UK},
 author = {Fujimaki, Ryohei and Hayashi, Kohei},
 booktitle = {Proceedings of the 29th International Conference on Machine Learning (ICML)},
 month = {June},
 note = {\url{http://icml.cc/2012/papers/426.pdf}},
 publisher = {Omnipress},
 title = {Factorized Asymptotic Bayesian Hidden Markov Models},
 year = {2012}
}

@inproceedings{garnett2012bayesian,
 address = {Edinburgh, Scotland, UK},
 author = {Garnett, Roman and Krishnamurthy, Yamuna and Xiong, Xuehan and Schneider, Jeff G. and Mann, Richard P.},
 booktitle = {Proceedings of the 29th International Conference on Machine Learning (ICML)},
 month = {June},
 note = {\url{http://icml.cc/2012/papers/618.pdf}},
 publisher = {Omnipress},
 title = {Bayesian Optimal Active Search and Surveying},
 year = {2012}
}

@inproceedings{geist2012dantzig,
 address = {Edinburgh, Scotland, UK},
 author = {Geist, Matthieu and Scherrer, Bruno and Aless and Lazaric, ro and Ghavamzadeh, Mohammad},
 booktitle = {Proceedings of the 29th International Conference on Machine Learning (ICML)},
 month = {June},
 note = {\url{http://icml.cc/2012/papers/703.pdf}},
 publisher = {Omnipress},
 title = {A Dantzig Selector Approach to Temporal Difference Learning},
 year = {2012}
}

@inproceedings{gershman2012nonparametric,
 address = {Edinburgh, Scotland, UK},
 author = {Gershman, Samuel and Hoffman, Matthew D. and Blei, David M.},
 booktitle = {Proceedings of the 29th International Conference on Machine Learning (ICML)},
 month = {June},
 note = {\url{http://icml.cc/2012/papers/360.pdf}},
 publisher = {Omnipress},
 title = {Nonparametric Variational Inference},
 year = {2012}
}

@inproceedings{gomezrodriguez2012influence,
 address = {Edinburgh, Scotland, UK},
 author = {Gomez-Rodriguez, Manuel and Schölkopf, Bernhard},
 booktitle = {Proceedings of the 29th International Conference on Machine Learning (ICML)},
 month = {June},
 note = {\url{http://icml.cc/2012/papers/189.pdf}},
 publisher = {icml.cc / Omnipress},
 title = {Influence Maximization in Continuous Time Diffusion Networks},
 year = {2012}
}

@inproceedings{gomezrodriguez2012submodular,
 address = {Edinburgh, Scotland, UK},
 author = {Gomez-Rodriguez, Manuel and Schölkopf, Bernhard},
 booktitle = {Proceedings of the 29th International Conference on Machine Learning (ICML)},
 month = {June},
 note = {\url{http://icml.cc/2012/papers/281.pdf}},
 publisher = {icml.cc / Omnipress},
 title = {Submodular Inference of Diffusion Networks from Multiple Trees},
 year = {2012}
}

@inproceedings{gong2012robust,
 address = {Edinburgh, Scotland, UK},
 author = {Gong, Dian and Zhao, Xuemei and Medioni, Gérard G.},
 booktitle = {Proceedings of the 29th International Conference on Machine Learning (ICML)},
 month = {June},
 note = {\url{http://icml.cc/2012/papers/191.pdf}},
 publisher = {Omnipress},
 title = {Robust Multiple Manifold Structure Learning},
 year = {2012}
}

@inproceedings{goodfellow2012largescale,
 address = {Edinburgh, Scotland, UK},
 author = {Goodfellow, Ian J. and Courville, Aaron C. and Bengio, Yoshua},
 booktitle = {Proceedings of the 29th International Conference on Machine Learning (ICML)},
 month = {June},
 note = {\url{http://icml.cc/2012/papers/718.pdf}},
 publisher = {icml.cc / Omnipress},
 title = {Large-Scale Feature Learning With Spike-and-Slab Sparse Coding},
 year = {2012}
}

@inproceedings{grunewalder2012conditional,
 address = {Edinburgh, Scotland, UK},
 author = {Grünewalder, Steffen and Lever, Guy and Gretton, Arthur and Baldassarre, Luca and Patterson, Sam and Pontil, Massimiliano},
 booktitle = {Proceedings of the 29th International Conference on Machine Learning (ICML)},
 month = {June},
 note = {\url{http://icml.cc/2012/papers/898.pdf}},
 publisher = {icml.cc / Omnipress},
 title = {Conditional mean embeddings as regressors},
 year = {2012}
}

@inproceedings{grunewalder2012modelling,
 address = {Edinburgh, Scotland, UK},
 author = {Grünewälder, Steffen and Lever, Guy and Baldassarre, Luca and Pontil, Massimiliano and Gretton, Arthur},
 booktitle = {Proceedings of the 29th International Conference on Machine Learning (ICML)},
 month = {June},
 note = {\url{http://icml.cc/2012/papers/301.pdf}},
 publisher = {icml.cc / Omnipress},
 title = {Modelling Transition Dynamics in MDPs with RKHS Embeddings},
 year = {2012}
}

@inproceedings{gu2012sequential,
 address = {Edinburgh, Scotland, UK},
 author = {Gu, Haijie and Lafferty, John D.},
 booktitle = {Proceedings of the 29th International Conference on Machine Learning (ICML)},
 month = {June},
 note = {\url{http://icml.cc/2012/papers/781.pdf}},
 publisher = {Omnipress},
 title = {Sequential Nonparametric Regression},
 year = {2012}
}

@inproceedings{guo2012cross,
 address = {Edinburgh, Scotland, UK},
 author = {Guo, Yuhong and Xiao, Min},
 booktitle = {Proceedings of the 29th International Conference on Machine Learning (ICML)},
 month = {June},
 note = {\url{http://icml.cc/2012/papers/789.pdf}},
 publisher = {Omnipress},
 title = {Cross Language Text Classification via Subspace Co-regularized Multi-view Learning},
 year = {2012}
}

@inproceedings{gönen2012bayesian,
 address = {Edinburgh, Scotland, UK},
 author = {Gönen, Mehmet},
 booktitle = {Proceedings of the 29th International Conference on Machine Learning (ICML)},
 month = {June},
 note = {\url{http://icml.cc/2012/papers/5.pdf}},
 publisher = {Omnipress},
 title = {Bayesian Efficient Multiple Kernel Learning},
 year = {2012}
}

@inproceedings{haider2012finding,
 address = {Edinburgh, Scotland, UK},
 author = {Haider, Peter and Scheffer, Tobias},
 booktitle = {Proceedings of the 29th International Conference on Machine Learning (ICML)},
 month = {June},
 note = {\url{http://icml.cc/2012/papers/451.pdf}},
 publisher = {Omnipress},
 title = {Finding Botnets Using Minimal Graph Clusterings},
 year = {2012}
}

@inproceedings{han2012crossdomain,
 address = {Edinburgh, Scotland, UK},
 author = {Han, Shaobo and Liao, Xuejun and Carin, Lawrence},
 booktitle = {Proceedings of the 29th International Conference on Machine Learning (ICML)},
 month = {June},
 note = {\url{http://icml.cc/2012/papers/727.pdf}},
 publisher = {Omnipress},
 title = {Cross-Domain Multitask Learning with Latent Probit Models},
 year = {2012}
}

@inproceedings{hannah2012ensemble,
 address = {Edinburgh, Scotland, UK},
 author = {Hannah, Lauren and Dunson, David B.},
 booktitle = {Proceedings of the 29th International Conference on Machine Learning (ICML)},
 month = {June},
 note = {\url{http://icml.cc/2012/papers/210.pdf}},
 publisher = {Omnipress},
 title = {Ensemble Methods for Convex Regression with Applications to Geometric Programming Based Circuit Design},
 year = {2012}
}

@inproceedings{hartikainen2012state,
 address = {Edinburgh, Scotland, UK},
 author = {Hartikainen, Jouni and Seppänen, Mari and Särkkä, Simo},
 booktitle = {Proceedings of the 29th International Conference on Machine Learning (ICML)},
 month = {June},
 note = {\url{http://icml.cc/2012/papers/477.pdf}},
 publisher = {icml.cc / Omnipress},
 title = {State-Space Inference for Non-Linear Latent Force Models with Application to Satellite Orbit Prediction},
 year = {2012}
}

@inproceedings{hazan2012linear,
 address = {Edinburgh, Scotland, UK},
 author = {Hazan, Elad and Koren, Tomer},
 booktitle = {Proceedings of the 29th International Conference on Machine Learning (ICML)},
 month = {June},
 note = {\url{http://icml.cc/2012/papers/433.pdf}},
 publisher = {icml.cc / Omnipress},
 title = {Linear Regression with Limited Observation},
 year = {2012}
}

@inproceedings{hazan2012on,
 address = {Edinburgh, Scotland, UK},
 author = {Hazan, Tamir and Jaakkola, Tommi S.},
 booktitle = {Proceedings of the 29th International Conference on Machine Learning (ICML)},
 month = {June},
 note = {\url{http://icml.cc/2012/papers/528.pdf}},
 publisher = {icml.cc / Omnipress},
 title = {On the Partition Function and Random Maximum A-Posteriori Perturbations},
 year = {2012}
}

@inproceedings{hazan2012projectionfree,
 address = {Edinburgh, Scotland, UK},
 author = {Hazan, Elad and Kale, Satyen},
 booktitle = {Proceedings of the 29th International Conference on Machine Learning (ICML)},
 month = {June},
 note = {\url{http://icml.cc/2012/papers/292.pdf}},
 publisher = {icml.cc / Omnipress},
 title = {Projection-free Online Learning},
 year = {2012}
}

@inproceedings{he2012on,
 address = {Edinburgh, Scotland, UK},
 author = {He, Junfeng and Kumar, Sanjiv and Chang, Shih-Fu},
 booktitle = {Proceedings of the 29th International Conference on Machine Learning (ICML)},
 month = {June},
 note = {\url{http://icml.cc/2012/papers/580.pdf}},
 publisher = {Omnipress},
 title = {On the Difficulty of Nearest Neighbor Search},
 year = {2012}
}

@inproceedings{hennig2012quasinewton,
 address = {Edinburgh, Scotland, UK},
 author = {Hennig, Philipp and Kiefel, Martin},
 booktitle = {Proceedings of the 29th International Conference on Machine Learning (ICML)},
 month = {June},
 note = {\url{http://icml.cc/2012/papers/25.pdf}},
 publisher = {Omnipress},
 title = {Quasi-Newton Methods: A New Direction},
 year = {2012}
}

@inproceedings{hoi2012exact,
 address = {Edinburgh, Scotland, UK},
 author = {Hoi, Steven C. H. and Wang, Jialei and Zhao, Peilin},
 booktitle = {Proceedings of the 29th International Conference on Machine Learning (ICML)},
 month = {June},
 note = {\url{http://icml.cc/2012/papers/86.pdf}},
 publisher = {Omnipress},
 title = {Exact Soft Confidence-Weighted Learning},
 year = {2012}
}

@inproceedings{hoi2012fast,
 address = {Edinburgh, Scotland, UK},
 author = {Hoi, Steven C. H. and Wang, Jialei and Zhao, Peilin and Jin, Rong and Wu, Pengcheng},
 booktitle = {Proceedings of the 29th International Conference on Machine Learning (ICML)},
 month = {June},
 note = {\url{http://icml.cc/2012/papers/108.pdf}},
 publisher = {Omnipress},
 title = {Fast Bounded Online Gradient Descent Algorithms for Scalable Kernel-Based Online Learning},
 year = {2012}
}

@inproceedings{honorio2012convergence,
 address = {Edinburgh, Scotland, UK},
 author = {Honorio, Jean},
 booktitle = {Proceedings of the 29th International Conference on Machine Learning (ICML)},
 month = {June},
 note = {\url{http://icml.cc/2012/papers/154.pdf}},
 publisher = {Omnipress},
 title = {Convergence Rates of Biased Stochastic Optimization for Learning Sparse Ising Models},
 year = {2012}
}

@inproceedings{jalali2012clustering,
 address = {Edinburgh, Scotland, UK},
 author = {Jalali, Ali and Srebro, Nathan},
 booktitle = {Proceedings of the 29th International Conference on Machine Learning (ICML)},
 month = {June},
 note = {\url{http://icml.cc/2012/papers/278.pdf}},
 publisher = {icml.cc / Omnipress},
 title = {Clustering using Max-norm Constrained Optimization},
 year = {2012}
}

@inproceedings{jalali2012learning,
 address = {Edinburgh, Scotland, UK},
 author = {Jalali, Ali and Sanghavi, Sujay},
 booktitle = {Proceedings of the 29th International Conference on Machine Learning (ICML)},
 month = {June},
 note = {\url{http://icml.cc/2012/papers/277.pdf}},
 publisher = {icml.cc / Omnipress},
 title = {Learning the Dependence Graph of Time Series with Latent Factors},
 year = {2012}
}

@inproceedings{janzamin2012highdimensional,
 address = {Edinburgh, Scotland, UK},
 author = {Janzamin, Majid and An, Animashree},
 booktitle = {Proceedings of the 29th International Conference on Machine Learning (ICML)},
 month = {June},
 note = {\url{http://icml.cc/2012/papers/902.pdf}},
 publisher = {icml.cc / Omnipress},
 title = {High-Dimensional Covariance Decomposition into Sparse Markov and Independence Domains},
 year = {2012}
}

@inproceedings{jawanpuria2012convex,
 address = {Edinburgh, Scotland, UK},
 author = {Jawanpuria, Pratik and Nath, J. Saketha},
 booktitle = {Proceedings of the 29th International Conference on Machine Learning (ICML)},
 month = {June},
 note = {\url{http://icml.cc/2012/papers/90.pdf}},
 publisher = {icml.cc / Omnipress},
 title = {A Convex Feature Learning Formulation for Latent Task Structure Discovery},
 year = {2012}
}

@inproceedings{ji2012simple,
 address = {Edinburgh, Scotland, UK},
 author = {Ji, Ming and Yang, Tianbao and Lin, Binbin and Jin, Rong and Han, Jiawei},
 booktitle = {Proceedings of the 29th International Conference on Machine Learning (ICML)},
 month = {June},
 note = {\url{http://icml.cc/2012/papers/616.pdf}},
 publisher = {Omnipress},
 title = {A Simple Algorithm for Semi-supervised Learning with Improved Generalization Error Bound},
 year = {2012}
}

@inproceedings{jiang2012learning,
 address = {Edinburgh, Scotland, UK},
 author = {Jiang, Yun and Lim, Marcus and Saxena, Ashutosh},
 booktitle = {Proceedings of the 29th International Conference on Machine Learning (ICML)},
 month = {June},
 note = {\url{http://icml.cc/2012/papers/760.pdf}},
 publisher = {Omnipress},
 title = {Learning Object Arrangements in 3D Scenes using Human Context},
 year = {2012}
}

@inproceedings{kalaitzis2012residual,
 address = {Edinburgh, Scotland, UK},
 author = {Kalaitzis, Alfredo A. and Lawrence, Neil D.},
 booktitle = {Proceedings of the 29th International Conference on Machine Learning (ICML)},
 month = {June},
 note = {\url{http://icml.cc/2012/papers/114.pdf}},
 publisher = {icml.cc / Omnipress},
 title = {Residual Components Analysis},
 year = {2012}
}

@inproceedings{kalakrishnan2012learning,
 address = {Edinburgh, Scotland, UK},
 author = {Kalakrishnan, Mrinal and Righetti, Ludovic and Pastor, Peter and Schaal, Stefan},
 booktitle = {Proceedings of the 29th International Conference on Machine Learning (ICML)},
 month = {June},
 note = {\url{http://icml.cc/2012/papers/642.pdf}},
 publisher = {Omnipress},
 title = {Learning Force Control Policies for Compliant Robotic Manipulation},
 year = {2012}
}

@inproceedings{kalyanakrishnan2012pac,
 address = {Edinburgh, Scotland, UK},
 author = {Kalyanakrishnan, Shivaram and Tewari, Ambuj and Auer, Peter and Stone, Peter},
 booktitle = {Proceedings of the 29th International Conference on Machine Learning (ICML)},
 month = {June},
 note = {\url{http://icml.cc/2012/papers/359.pdf}},
 publisher = {Omnipress},
 title = {PAC Subset Selection in Stochastic Multi-armed Bandits},
 year = {2012}
}

@inproceedings{karbasi2012comparisonbased,
 address = {Edinburgh, Scotland, UK},
 author = {Karbasi, Amin and Ioannidis, Stratis and Massoulié, Laurent},
 booktitle = {Proceedings of the 29th International Conference on Machine Learning (ICML)},
 month = {June},
 note = {\url{http://icml.cc/2012/papers/455.pdf}},
 publisher = {Omnipress},
 title = {Comparison-Based Learning with Rank Nets},
 year = {2012}
}

@inproceedings{kim2012dirichlet,
 address = {Edinburgh, Scotland, UK},
 author = {Kim, Dongwoo and Kim, Suin and Oh, Alice},
 booktitle = {Proceedings of the 29th International Conference on Machine Learning (ICML)},
 month = {June},
 note = {\url{http://icml.cc/2012/papers/387.pdf}},
 publisher = {icml.cc / Omnipress},
 title = {Dirichlet Process with Mixed Random Measures: A Nonparametric Topic Model for Labeled Data},
 year = {2012}
}

@inproceedings{kim2012latent,
 address = {Edinburgh, Scotland, UK},
 author = {Kim, Myunghwan and Leskovec, Jure},
 booktitle = {Proceedings of the 29th International Conference on Machine Learning (ICML)},
 month = {June},
 note = {\url{http://icml.cc/2012/papers/839.pdf}},
 publisher = {Omnipress},
 title = {Latent Multi-group Membership Graph Model},
 year = {2012}
}

@inproceedings{kim2012nonparametric,
 address = {Edinburgh, Scotland, UK},
 author = {Kim, Dae Il and Hughes, Michael C. and Sudderth, Erik B.},
 booktitle = {Proceedings of the 29th International Conference on Machine Learning (ICML)},
 month = {June},
 note = {\url{http://icml.cc/2012/papers/771.pdf}},
 publisher = {icml.cc / Omnipress},
 title = {The Nonparametric Metadata Dependent Relational Model},
 year = {2012}
}

@inproceedings{kimura2012fast,
 address = {Edinburgh, Scotland, UK},
 author = {Kimura, Daisuke and Kashima, Hisashi},
 booktitle = {Proceedings of the 29th International Conference on Machine Learning (ICML)},
 month = {June},
 note = {\url{http://icml.cc/2012/papers/217.pdf}},
 publisher = {icml.cc / Omnipress},
 title = {Fast Computation of Subpath Kernel for Trees},
 year = {2012}
}

@inproceedings{kiraly2012combinatorial,
 address = {Edinburgh, Scotland, UK},
 author = {Király, Franz J. and Tomioka, Ryota},
 booktitle = {Proceedings of the 29th International Conference on Machine Learning (ICML)},
 month = {June},
 note = {\url{http://icml.cc/2012/papers/510.pdf}},
 publisher = {icml.cc / Omnipress},
 title = {A Combinatorial Algebraic Approach for the Identifiability of Low-Rank Matrix Completion},
 year = {2012}
}

@inproceedings{kleiner2012big,
 address = {Edinburgh, Scotland, UK},
 author = {Kleiner, Ariel and Talwalkar, Ameet and Sarkar, Purnamrita and Jordan, Michael I.},
 booktitle = {Proceedings of the 29th International Conference on Machine Learning (ICML)},
 month = {June},
 note = {\url{http://icml.cc/2012/papers/861.pdf}},
 publisher = {icml.cc / Omnipress},
 title = {The Big Data Bootstrap},
 year = {2012}
}

@inproceedings{ko2012large,
 address = {Edinburgh, Scotland, UK},
 author = {Ko, Young-Jun and Seeger, Matthias W.},
 booktitle = {Proceedings of the 29th International Conference on Machine Learning (ICML)},
 month = {June},
 note = {\url{http://icml.cc/2012/papers/773.pdf}},
 publisher = {icml.cc / Omnipress},
 title = {Large Scale Variational Bayesian Inference for Structured Scale Mixture Models},
 year = {2012}
}

@inproceedings{koepke2012fast,
 address = {Edinburgh, Scotland, UK},
 author = {Koepke, Hoyt A. and Bilenko, Mikhail},
 booktitle = {Proceedings of the 29th International Conference on Machine Learning (ICML)},
 month = {June},
 note = {\url{http://icml.cc/2012/papers/425.pdf}},
 publisher = {Omnipress},
 title = {Fast Prediction of New Feature Utility},
 year = {2012}
}

@inproceedings{kolar2012consistent,
 address = {Edinburgh, Scotland, UK},
 author = {Kolar, Mladen and Xing, Eric P.},
 booktitle = {Proceedings of the 29th International Conference on Machine Learning (ICML)},
 month = {June},
 note = {\url{http://icml.cc/2012/papers/313.pdf}},
 publisher = {icml.cc / Omnipress},
 title = {Consistent Covariance Selection From Data With Missing Values},
 year = {2012}
}

@inproceedings{kolar2012variance,
 address = {Edinburgh, Scotland, UK},
 author = {Kolar, Mladen and Sharpnack, James},
 booktitle = {Proceedings of the 29th International Conference on Machine Learning (ICML)},
 month = {June},
 note = {\url{http://icml.cc/2012/papers/722.pdf}},
 publisher = {Omnipress},
 title = {Variance Function Estimation in High-dimensions},
 year = {2012}
}

@inproceedings{kong2012iterative,
 address = {Edinburgh, Scotland, UK},
 author = {Kong, Deguang and Ding, Chris H. Q. and Huang, Heng and Nie, Feiping},
 booktitle = {Proceedings of the 29th International Conference on Machine Learning (ICML)},
 month = {June},
 note = {\url{http://icml.cc/2012/papers/811.pdf}},
 publisher = {Omnipress},
 title = {An Iterative Locally Linear Embedding Algorithm},
 year = {2012}
}

@inproceedings{kriege2012subgraph,
 address = {Edinburgh, Scotland, UK},
 author = {Kriege, Nils M. and Mutzel, Petra},
 booktitle = {Proceedings of the 29th International Conference on Machine Learning (ICML)},
 month = {June},
 note = {\url{http://icml.cc/2012/papers/542.pdf}},
 publisher = {Omnipress},
 title = {Subgraph Matching Kernels for Attributed Graphs},
 year = {2012}
}

@inproceedings{krishnamurthy2012efficient,
 address = {Edinburgh, Scotland, UK},
 author = {Krishnamurthy, Akshay and Balakrishnan, Sivaraman and Xu, Min and Singh, Aarti},
 booktitle = {Proceedings of the 29th International Conference on Machine Learning (ICML)},
 month = {June},
 note = {\url{http://icml.cc/2012/papers/473.pdf}},
 publisher = {Omnipress},
 title = {Efficient Active Algorithms for Hierarchical Clustering},
 year = {2012}
}

@inproceedings{kulis2012revisiting,
 address = {Edinburgh, Scotland, UK},
 author = {Kulis, Brian and Jordan, Michael I.},
 booktitle = {Proceedings of the 29th International Conference on Machine Learning (ICML)},
 month = {June},
 note = {\url{http://icml.cc/2012/papers/291.pdf}},
 publisher = {Omnipress},
 title = {Revisiting k-means: New Algorithms via Bayesian Nonparametrics},
 year = {2012}
}

@inproceedings{kumar2012binary,
 address = {Edinburgh, Scotland, UK},
 author = {Kumar, Abhishek and Alex and Niculescu-Mizil, Ru and Kavukcuoglu, Koray and Daumé III, Hal},
 booktitle = {Proceedings of the 29th International Conference on Machine Learning (ICML)},
 month = {June},
 note = {\url{http://icml.cc/2012/papers/645.pdf}},
 publisher = {icml.cc / Omnipress},
 title = {A Binary Classification Framework for Two-Stage Multiple Kernel Learning},
 year = {2012}
}

@inproceedings{kumar2012datadriven,
 address = {Edinburgh, Scotland, UK},
 author = {Kumar, Ranjitha and Talton, Jerry O. and Ahmad, Salman and Klemmer, Scott R.},
 booktitle = {Proceedings of the 29th International Conference on Machine Learning (ICML)},
 month = {June},
 note = {\url{http://icml.cc/2012/papers/944.pdf}},
 publisher = {Omnipress},
 title = {Data-driven Web Design},
 year = {2012}
}

@inproceedings{kumar2012learning,
 address = {Edinburgh, Scotland, UK},
 author = {Kumar, Abhishek and III, Hal Daumé},
 booktitle = {Proceedings of the 29th International Conference on Machine Learning (ICML)},
 month = {June},
 note = {\url{http://icml.cc/2012/papers/690.pdf}},
 publisher = {icml.cc / Omnipress},
 title = {Learning Task Grouping and Overlap in Multi-task Learning},
 year = {2012}
}

@inproceedings{kumar2012modeling,
 address = {Edinburgh, Scotland, UK},
 author = {Kumar, M. Pawan and Packer, Benjamin and Koller, Daphne},
 booktitle = {Proceedings of the 29th International Conference on Machine Learning (ICML)},
 month = {June},
 note = {\url{http://icml.cc/2012/papers/274.pdf}},
 publisher = {Omnipress},
 title = {Modeling Latent Variable Uncertainty for Loss-based Learning},
 year = {2012}
}

@inproceedings{lanctot2012noregret,
 address = {Edinburgh, Scotland, UK},
 author = {Lanctot, Marc and Gibson, Richard G. and Burch, Neil and Bowling, Michael},
 booktitle = {Proceedings of the 29th International Conference on Machine Learning (ICML)},
 month = {June},
 note = {\url{http://icml.cc/2012/papers/58.pdf}},
 publisher = {Omnipress},
 title = {No-Regret Learning in Extensive-Form Games with Imperfect Recall},
 year = {2012}
}

@inproceedings{laue2012hybrid,
 address = {Edinburgh, Scotland, UK},
 author = {Laue, Sören},
 booktitle = {Proceedings of the 29th International Conference on Machine Learning (ICML)},
 month = {June},
 note = {\url{http://icml.cc/2012/papers/109.pdf}},
 publisher = {Omnipress},
 title = {A Hybrid Algorithm for Convex Semidefinite Optimization},
 year = {2012}
}

@inproceedings{le2012building,
 address = {Edinburgh, Scotland, UK},
 author = {Le, Quoc V. and Ranzato, Marc'Aurelio and Monga, Rajat and Devin, Matthieu and Corrado, Greg and Chen, Kai and Dean, Jeffrey and Ng, Andrew Y.},
 booktitle = {Proceedings of the 29th International Conference on Machine Learning (ICML)},
 month = {June},
 note = {\url{http://icml.cc/2012/papers/73.pdf}},
 publisher = {icml.cc / Omnipress},
 title = {Building High-Level Features Using Large Scale Unsupervised Learning},
 year = {2012}
}

@inproceedings{levine2012continuous,
 address = {Edinburgh, Scotland, UK},
 author = {Levine, Sergey and Koltun, Vladlen},
 booktitle = {Proceedings of the 29th International Conference on Machine Learning (ICML)},
 month = {June},
 note = {\url{http://icml.cc/2012/papers/43.pdf}},
 publisher = {icml.cc / Omnipress},
 title = {Continuous Inverse Optimal Control with Locally Optimal Examples},
 year = {2012}
}

@inproceedings{li2012groupwise,
 address = {Edinburgh, Scotland, UK},
 author = {Li, Ruijiang and Li, Bin and Jin, Cheng and Xue, Xiangyang},
 booktitle = {Proceedings of the 29th International Conference on Machine Learning (ICML)},
 month = {June},
 note = {\url{http://icml.cc/2012/papers/214.pdf}},
 publisher = {Omnipress},
 title = {Groupwise Constrained Reconstruction for Subspace Clustering},
 year = {2012}
}

@inproceedings{li2012online,
 address = {Edinburgh, Scotland, UK},
 author = {Li, Bin and Hoi, Steven C. H.},
 booktitle = {Proceedings of the 29th International Conference on Machine Learning (ICML)},
 month = {June},
 note = {\url{http://icml.cc/2012/papers/168.pdf}},
 publisher = {icml.cc / Omnipress},
 title = {On-Line Portfolio Selection with Moving Average Reversion},
 year = {2012}
}

@inproceedings{lin2012total,
 address = {Edinburgh, Scotland, UK},
 author = {Lin, Tong and Xue, Hanlin and Wang, Ling and Zha, Hongbin},
 booktitle = {Proceedings of the 29th International Conference on Machine Learning (ICML)},
 month = {June},
 note = {\url{http://icml.cc/2012/papers/229.pdf}},
 publisher = {icml.cc / Omnipress},
 title = {Total Variation and Euler's Elastica for Supervised Learning},
 year = {2012}
}

@inproceedings{liu2012compact,
 address = {Edinburgh, Scotland, UK},
 author = {Liu, Wei and Wang, Jun and Mu, Yadong and Kumar, Sanjiv and Chang, Shih-Fu},
 booktitle = {Proceedings of the 29th International Conference on Machine Learning (ICML)},
 month = {June},
 note = {\url{http://icml.cc/2012/papers/16.pdf}},
 publisher = {icml.cc / Omnipress},
 title = {Compact Hyperplane Hashing with Bilinear Functions},
 year = {2012}
}

@inproceedings{liu2012distributed,
 address = {Edinburgh, Scotland, UK},
 author = {Liu, Qiang and Alex and Ihler, Er},
 booktitle = {Proceedings of the 29th International Conference on Machine Learning (ICML)},
 month = {June},
 note = {\url{http://icml.cc/2012/papers/742.pdf}},
 publisher = {icml.cc / Omnipress},
 title = {Distributed Parameter Estimation via Pseudo-likelihood},
 year = {2012}
}

@inproceedings{liu2012high,
 address = {Edinburgh, Scotland, UK},
 author = {Liu, Han and Han, Fang and Yuan, Ming and Lafferty, John D. and Wasserman, Larry A.},
 booktitle = {Proceedings of the 29th International Conference on Machine Learning (ICML)},
 month = {June},
 note = {\url{http://icml.cc/2012/papers/707.pdf}},
 publisher = {icml.cc / Omnipress},
 title = {High Dimensional Semiparametric Gaussian Copula Graphical Models},
 year = {2012}
}

@inproceedings{liu2012sparsegev,
 address = {Edinburgh, Scotland, UK},
 author = {Liu, Yan and Bahadori, Mohammad Taha and Li, Hongfei},
 booktitle = {Proceedings of the 29th International Conference on Machine Learning (ICML)},
 month = {June},
 note = {\url{http://icml.cc/2012/papers/404.pdf}},
 publisher = {Omnipress},
 title = {Sparse-GEV: Sparse Latent Space Model for Multivariate Extreme Value Time Serie Modeling},
 year = {2012}
}

@inproceedings{liu2012truelabel,
 address = {Edinburgh, Scotland, UK},
 author = {Liu, Chao and Wang, Yi-Min},
 booktitle = {Proceedings of the 29th International Conference on Machine Learning (ICML)},
 month = {June},
 note = {\url{http://icml.cc/2012/papers/123.pdf}},
 publisher = {Omnipress},
 title = {TrueLabel + Confusions: A Spectrum of Probabilistic Models in Analyzing Multiple Ratings},
 year = {2012}
}

@inproceedings{lou2012structured,
 address = {Edinburgh, Scotland, UK},
 author = {Lou, Xinghua and Hamprecht, Fred A.},
 booktitle = {Proceedings of the 29th International Conference on Machine Learning (ICML)},
 month = {June},
 note = {\url{http://icml.cc/2012/papers/753.pdf}},
 publisher = {Omnipress},
 title = {Structured Learning from Partial Annotations},
 year = {2012}
}

@inproceedings{lozano2012multi,
 address = {Edinburgh, Scotland, UK},
 author = {Lozano, Aurélie C. and Swirszcz, Grzegorz},
 booktitle = {Proceedings of the 29th International Conference on Machine Learning (ICML)},
 month = {June},
 note = {\url{http://icml.cc/2012/papers/207.pdf}},
 publisher = {icml.cc / Omnipress},
 title = {Multi-Level Lasso for Sparse Multi-Task Regression},
 year = {2012}
}

@inproceedings{mahoney2012fast,
 address = {Edinburgh, Scotland, UK},
 author = {Mahoney, Michael W. and Drineas, Petros and Magdon-Ismail, Malik and Woodruff, David P.},
 booktitle = {Proceedings of the 29th International Conference on Machine Learning (ICML)},
 month = {June},
 note = {\url{http://icml.cc/2012/papers/80.pdf}},
 publisher = {Omnipress},
 title = {Fast approximation of matrix coherence and statistical leverage},
 year = {2012}
}

@inproceedings{mairal2012complexity,
 address = {Edinburgh, Scotland, UK},
 author = {Mairal, Julien and Yu, Bin},
 booktitle = {Proceedings of the 29th International Conference on Machine Learning (ICML)},
 month = {June},
 note = {\url{http://icml.cc/2012/papers/202.pdf}},
 publisher = {icml.cc / Omnipress},
 title = {Complexity Analysis of the Lasso Regularization Path},
 year = {2012}
}

@inproceedings{makino2012apprenticeship,
 address = {Edinburgh, Scotland, UK},
 author = {Makino, Takaki and Takeuchi, Johane},
 booktitle = {Proceedings of the 29th International Conference on Machine Learning (ICML)},
 month = {June},
 note = {\url{http://icml.cc/2012/papers/747.pdf}},
 publisher = {Omnipress},
 title = {Apprenticeship Learning for Model Parameters of Partially Observable Environments},
 year = {2012}
}

@inproceedings{malisiewicz2012exemplarsvms,
 address = {Edinburgh, Scotland, UK},
 author = {Malisiewicz, Tomasz and Shrivastava, Abhinav and Gupta, Abhinav and Efros, Alexei A.},
 booktitle = {Proceedings of the 29th International Conference on Machine Learning (ICML)},
 month = {June},
 note = {\url{http://icml.cc/2012/papers/946.pdf}},
 publisher = {Omnipress},
 title = {Exemplar-SVMs for Visual Object Detection, Label Transfer and Image Retrieval},
 year = {2012}
}

@inproceedings{mannor2012lightning,
 address = {Edinburgh, Scotland, UK},
 author = {Mannor, Shie and Mebel, Ofir and Xu, Huan},
 booktitle = {Proceedings of the 29th International Conference on Machine Learning (ICML)},
 month = {June},
 note = {\url{http://icml.cc/2012/papers/215.pdf}},
 publisher = {icml.cc / Omnipress},
 title = {Lightning Does Not Strike Twice: Robust MDPs with Coupled Uncertainty},
 year = {2012}
}

@inproceedings{martens2012estimating,
 address = {Edinburgh, Scotland, UK},
 author = {Martens, James and Sutskever, Ilya and Swersky, Kevin},
 booktitle = {Proceedings of the 29th International Conference on Machine Learning (ICML)},
 month = {June},
 note = {\url{http://icml.cc/2012/papers/866.pdf}},
 publisher = {Omnipress},
 title = {Estimating the Hessian by Back-propagating Curvature},
 year = {2012}
}

@inproceedings{matuszek2012joint,
 address = {Edinburgh, Scotland, UK},
 author = {Matuszek, Cynthia and FitzGerald, Nicholas and Zettlemoyer, Luke and Bo, Liefeng and Fox, Dieter},
 booktitle = {Proceedings of the 29th International Conference on Machine Learning (ICML)},
 month = {June},
 note = {\url{http://icml.cc/2012/papers/822.pdf}},
 publisher = {icml.cc / Omnipress},
 title = {A Joint Model of Language and Perception for Grounded Attribute Learning},
 year = {2012}
}

@inproceedings{maua2012anytime,
 address = {Edinburgh, Scotland, UK},
 author = {Maua, Denis Deratani and Campos, Cassio Polpo de},
 booktitle = {Proceedings of the 29th International Conference on Machine Learning (ICML)},
 month = {June},
 note = {\url{http://icml.cc/2012/papers/728.pdf}},
 publisher = {icml.cc / Omnipress},
 title = {Anytime Marginal MAP Inference},
 year = {2012}
}

@inproceedings{mcafee2012utilizing,
 address = {Edinburgh, Scotland, UK},
 author = {McAfee, Lawrence C. and Olukotun, Kunle},
 booktitle = {Proceedings of the 29th International Conference on Machine Learning (ICML)},
 month = {June},
 note = {\url{http://icml.cc/2012/papers/903.pdf}},
 publisher = {icml.cc / Omnipress},
 title = {Utilizing Static Analysis and Code Generation to Accelerate Neural Networks},
 year = {2012}
}

@inproceedings{mccartinlim2012approximate,
 address = {Edinburgh, Scotland, UK},
 author = {McCartin-Lim, Mark and McGregor, Andrew and Wang, Rui},
 booktitle = {Proceedings of the 29th International Conference on Machine Learning (ICML)},
 month = {June},
 note = {\url{http://icml.cc/2012/papers/348.pdf}},
 publisher = {icml.cc / Omnipress},
 title = {Approximate Principal Direction Trees},
 year = {2012}
}

@inproceedings{mcdowell2012semisupervised,
 address = {Edinburgh, Scotland, UK},
 author = {McDowell, Luke K. and Aha, David W.},
 booktitle = {Proceedings of the 29th International Conference on Machine Learning (ICML)},
 month = {June},
 note = {\url{http://icml.cc/2012/papers/513.pdf}},
 publisher = {Omnipress},
 title = {Semi-Supervised Collective Classification via Hybrid Label Regularization},
 year = {2012}
}

@inproceedings{menon2012predicting,
 address = {Edinburgh, Scotland, UK},
 author = {Menon, Aditya Krishna and Jiang, Xiaoqian and Vembu, Shankar and Elkan, Charles and Ohno-Machado, Lucila},
 booktitle = {Proceedings of the 29th International Conference on Machine Learning (ICML)},
 month = {June},
 note = {\url{http://icml.cc/2012/papers/372.pdf}},
 publisher = {icml.cc / Omnipress},
 title = {Predicting Accurate Probabilities with a Ranking Loss},
 year = {2012}
}

@inproceedings{merchante2012efficient,
 address = {Edinburgh, Scotland, UK},
 author = {Merchante, Luis Francisco Sánchez and Gr, Yves and Valet and Govaert, Gérard},
 booktitle = {Proceedings of the 29th International Conference on Machine Learning (ICML)},
 month = {June},
 note = {\url{http://icml.cc/2012/papers/591.pdf}},
 publisher = {icml.cc / Omnipress},
 title = {An Efficient Approach to Sparse Linear Discriminant Analysis},
 year = {2012}
}

@inproceedings{mimno2012sparse,
 address = {Edinburgh, Scotland, UK},
 author = {Mimno, David M. and Hoffman, Matthew D. and Blei, David M.},
 booktitle = {Proceedings of the 29th International Conference on Machine Learning (ICML)},
 month = {June},
 note = {\url{http://icml.cc/2012/papers/784.pdf}},
 publisher = {icml.cc / Omnipress},
 title = {Sparse Stochastic Inference for Latent Dirichlet Allocation},
 year = {2012}
}

@inproceedings{mnih2012fast,
 address = {Edinburgh, Scotland, UK},
 author = {Mnih, Andriy and Teh, Yee Whye},
 booktitle = {Proceedings of the 29th International Conference on Machine Learning (ICML)},
 month = {June},
 note = {\url{http://icml.cc/2012/papers/855.pdf}},
 publisher = {icml.cc / Omnipress},
 title = {A Fast and Simple Algorithm for Training Neural Probabilistic Language Models},
 year = {2012}
}

@inproceedings{mnih2012learning,
 address = {Edinburgh, Scotland, UK},
 author = {Mnih, Volodymyr and Hinton, Geoffrey E.},
 booktitle = {Proceedings of the 29th International Conference on Machine Learning (ICML)},
 month = {June},
 note = {\url{http://icml.cc/2012/papers/318.pdf}},
 publisher = {Omnipress},
 title = {Learning to Label Aerial Images from Noisy Data},
 year = {2012}
}

@inproceedings{mohamed2012evaluating,
 address = {Edinburgh, Scotland, UK},
 author = {Mohamed, Shakir and Heller, Katherine A. and Ghahramani, Zoubin},
 booktitle = {Proceedings of the 29th International Conference on Machine Learning (ICML)},
 month = {June},
 note = {\url{http://icml.cc/2012/papers/405.pdf}},
 publisher = {icml.cc / Omnipress},
 title = {Evaluating Bayesian and L1 Approaches for Sparse Unsupervised Learning},
 year = {2012}
}

@inproceedings{moldovan2012safe,
 address = {Edinburgh, Scotland, UK},
 author = {Moldovan, Teodor Mihai and Abbeel, Pieter},
 booktitle = {Proceedings of the 29th International Conference on Machine Learning (ICML)},
 month = {June},
 note = {\url{http://icml.cc/2012/papers/838.pdf}},
 publisher = {icml.cc / Omnipress},
 title = {Safe Exploration in Markov Decision Processes},
 year = {2012}
}

@inproceedings{morvant2012pacbayesian,
 address = {Edinburgh, Scotland, UK},
 author = {Morvant, Emilie and Koço, Sokol and Ralaivola, Liva},
 booktitle = {Proceedings of the 29th International Conference on Machine Learning (ICML)},
 month = {June},
 note = {\url{http://icml.cc/2012/papers/434.pdf}},
 publisher = {Omnipress},
 title = {PAC-Bayesian Generalization Bound on Confusion Matrix for Multi-Class Classification},
 year = {2012}
}

@inproceedings{mysore2012variational,
 address = {Edinburgh, Scotland, UK},
 author = {Mysore, Gautham J. and Sahani, Maneesh},
 booktitle = {Proceedings of the 29th International Conference on Machine Learning (ICML)},
 month = {June},
 note = {\url{http://icml.cc/2012/papers/924.pdf}},
 publisher = {icml.cc / Omnipress},
 title = {Variational Inference in Non-negative Factorial Hidden Markov Models for Efficient Audio Source Separation},
 year = {2012}
}

@inproceedings{n2012exponential,
 address = {Edinburgh, Scotland, UK},
 author = {N,  and Freitas, o de and Alex,  and Smola, er J. and Zoghi, Masrour},
 booktitle = {Proceedings of the 29th International Conference on Machine Learning (ICML)},
 month = {June},
 note = {\url{http://icml.cc/2012/papers/853.pdf}},
 publisher = {Omnipress},
 title = {Exponential Regret Bounds for Gaussian Process Bandits with Deterministic Observations},
 year = {2012}
}

@inproceedings{naim2012convergence,
 address = {Edinburgh, Scotland, UK},
 author = {Naim, Iftekhar and Gildea, Daniel},
 booktitle = {Proceedings of the 29th International Conference on Machine Learning (ICML)},
 month = {June},
 note = {\url{http://icml.cc/2012/papers/814.pdf}},
 publisher = {icml.cc / Omnipress},
 title = {Convergence of the EM Algorithm for Gaussian Mixtures with Unbalanced Mixing Coefficients},
 year = {2012}
}

@inproceedings{neufeld2012regularizers,
 address = {Edinburgh, Scotland, UK},
 author = {Neufeld, James and Yu, Yaoliang and Zhang, Xinhua and Kiros, Ryan and Schuurmans, Dale},
 booktitle = {Proceedings of the 29th International Conference on Machine Learning (ICML)},
 month = {June},
 note = {\url{http://icml.cc/2012/papers/899.pdf}},
 publisher = {icml.cc / Omnipress},
 title = {Regularizers versus Losses for Nonlinear Dimensionality Reduction: A Factored View with New Convex Relaxations},
 year = {2012}
}

@inproceedings{niu2012informationtheoretic,
 address = {Edinburgh, Scotland, UK},
 author = {Niu, Gang and Dai, Bo and Yamada, Makoto and Sugiyama, Masashi},
 booktitle = {Proceedings of the 29th International Conference on Machine Learning (ICML)},
 month = {June},
 note = {\url{http://icml.cc/2012/papers/74.pdf}},
 publisher = {Omnipress},
 title = {Information-theoretic Semi-supervised Metric Learning via Entropy Regularization},
 year = {2012}
}

@inproceedings{nowozin2012improved,
 address = {Edinburgh, Scotland, UK},
 author = {Nowozin, Sebastian},
 booktitle = {Proceedings of the 29th International Conference on Machine Learning (ICML)},
 month = {June},
 note = {\url{http://icml.cc/2012/papers/177.pdf}},
 publisher = {icml.cc / Omnipress},
 title = {Improved Information Gain Estimates for Decision Tree Induction},
 year = {2012}
}

@inproceedings{ouyang2012stochastic,
 address = {Edinburgh, Scotland, UK},
 author = {Ouyang, Hua and Alex and Gray, Er G.},
 booktitle = {Proceedings of the 29th International Conference on Machine Learning (ICML)},
 month = {June},
 note = {\url{http://icml.cc/2012/papers/30.pdf}},
 publisher = {icml.cc / Omnipress},
 title = {Stochastic Smoothing for Nonsmooth Minimizations: Accelerating SGD by Exploiting Structure},
 year = {2012}
}

@inproceedings{pachauri2012incorporating,
 address = {Edinburgh, Scotland, UK},
 author = {Pachauri, Deepti and Collins, Maxwell D. and Singh, Vikas},
 booktitle = {Proceedings of the 29th International Conference on Machine Learning (ICML)},
 month = {June},
 note = {\url{http://icml.cc/2012/papers/639.pdf}},
 publisher = {Omnipress},
 title = {Incorporating Domain Knowledge in Matching Problems via Harmonic Analysis},
 year = {2012}
}

@inproceedings{painterwakefield2012greedy,
 address = {Edinburgh, Scotland, UK},
 author = {Painter-Wakefield, Christopher and Parr, Ronald},
 booktitle = {Proceedings of the 29th International Conference on Machine Learning (ICML)},
 month = {June},
 note = {\url{http://icml.cc/2012/papers/701.pdf}},
 publisher = {Omnipress},
 title = {Greedy Algorithms for Sparse Reinforcement Learning},
 year = {2012}
}

@inproceedings{paisley2012variational,
 address = {Edinburgh, Scotland, UK},
 author = {Paisley, John W. and Blei, David M. and Jordan, Michael I.},
 booktitle = {Proceedings of the 29th International Conference on Machine Learning (ICML)},
 month = {June},
 note = {\url{http://icml.cc/2012/papers/687.pdf}},
 publisher = {icml.cc / Omnipress},
 title = {Variational Bayesian Inference with Stochastic Search},
 year = {2012}
}

@inproceedings{palla2012infinite,
 address = {Edinburgh, Scotland, UK},
 author = {Palla, Konstantina and Knowles, David A. and Ghahramani, Zoubin},
 booktitle = {Proceedings of the 29th International Conference on Machine Learning (ICML)},
 month = {June},
 note = {\url{http://icml.cc/2012/papers/785.pdf}},
 publisher = {Omnipress},
 title = {An Infinite Latent Attribute Model for Network Data},
 year = {2012}
}

@inproceedings{parrish2012dimensionality,
 address = {Edinburgh, Scotland, UK},
 author = {Parrish, Nathan and Gupta, Maya R.},
 booktitle = {Proceedings of the 29th International Conference on Machine Learning (ICML)},
 month = {June},
 note = {\url{http://icml.cc/2012/papers/317.pdf}},
 publisher = {Omnipress},
 title = {Dimensionality Reduction by Local Discriminative Gaussians},
 year = {2012}
}

@inproceedings{peharz2012exact,
 address = {Edinburgh, Scotland, UK},
 author = {Peharz, Robert and Pernkopf, Franz},
 booktitle = {Proceedings of the 29th International Conference on Machine Learning (ICML)},
 month = {June},
 note = {\url{http://icml.cc/2012/papers/558.pdf}},
 publisher = {icml.cc / Omnipress},
 title = {Exact Maximum Margin Structure Learning of Bayesian Networks},
 year = {2012}
}

@inproceedings{petrik2012approximate,
 address = {Edinburgh, Scotland, UK},
 author = {Petrik, Marek},
 booktitle = {Proceedings of the 29th International Conference on Machine Learning (ICML)},
 month = {June},
 note = {\url{http://icml.cc/2012/papers/283.pdf}},
 publisher = {icml.cc / Omnipress},
 title = {Approximate Dynamic Programming By Minimizing Distributionally Robust Bounds},
 year = {2012}
}

@inproceedings{pires2012statistical,
 address = {Edinburgh, Scotland, UK},
 author = {Pires, Bernardo Ávila and Szepesvári, Csaba},
 booktitle = {Proceedings of the 29th International Conference on Machine Learning (ICML)},
 month = {June},
 note = {\url{http://icml.cc/2012/papers/759.pdf}},
 publisher = {icml.cc / Omnipress},
 title = {Statistical linear estimation with penalized estimators: an application to reinforcement learning},
 year = {2012}
}

@inproceedings{plessis2012semisupervised,
 address = {Edinburgh, Scotland, UK},
 author = {Plessis, Marthinus Christoffel du and Sugiyama, Masashi},
 booktitle = {Proceedings of the 29th International Conference on Machine Learning (ICML)},
 month = {June},
 note = {\url{http://icml.cc/2012/papers/437.pdf}},
 publisher = {Omnipress},
 title = {Semi-Supervised Learning of Class Balance under Class-Prior Change by Distribution Matching},
 year = {2012}
}

@inproceedings{pletscher2012lpqp,
 address = {Edinburgh, Scotland, UK},
 author = {Pletscher, Patrick and Wulff, Sharon},
 booktitle = {Proceedings of the 29th International Conference on Machine Learning (ICML)},
 month = {June},
 note = {\url{http://icml.cc/2012/papers/418.pdf}},
 publisher = {icml.cc / Omnipress},
 title = {LPQP for MAP: Putting LP Solvers to Better Use},
 year = {2012}
}

@inproceedings{pocz2012coupula,
 address = {Edinburgh, Scotland, UK},
 author = {Póczos, Barnabás and Ghahramani, Zoubin and Schneider, Jeff G.},
 booktitle = {Proceedings of the 29th International Conference on Machine Learning (ICML)},
 month = {June},
 note = {\url{http://icml.cc/2012/papers/417.pdf}},
 publisher = {icml.cc / Omnipress},
 title = {Copula-based Kernel Dependency Measures},
 year = {2012}
}

@inproceedings{prasse2012learning,
 address = {Edinburgh, Scotland, UK},
 author = {Prasse, Paul and Sawade, Christoph and L, Niels and Wehr,  and Scheffer, Tobias},
 booktitle = {Proceedings of the 29th International Conference on Machine Learning (ICML)},
 month = {June},
 note = {\url{http://icml.cc/2012/papers/252.pdf}},
 publisher = {Omnipress},
 title = {Learning to Identify Regular Expressions that Describe Email Campaigns},
 year = {2012}
}

@inproceedings{precup2012improved,
 address = {Edinburgh, Scotland, UK},
 author = {Precup, Doina and Bachman, Philip},
 booktitle = {Proceedings of the 29th International Conference on Machine Learning (ICML)},
 month = {June},
 note = {\url{http://icml.cc/2012/papers/850.pdf}},
 publisher = {icml.cc / Omnipress},
 title = {Improved Estimation in Time Varying Models},
 year = {2012}
}

@inproceedings{purushotham2012collaborative,
 address = {Edinburgh, Scotland, UK},
 author = {Purushotham, Sanjay and Liu, Yan},
 booktitle = {Proceedings of the 29th International Conference on Machine Learning (ICML)},
 month = {June},
 note = {\url{http://icml.cc/2012/papers/407.pdf}},
 publisher = {icml.cc / Omnipress},
 title = {Collaborative Topic Regression with Social Matrix Factorization for Recommendation Systems},
 year = {2012}
}

@inproceedings{quadrianto2012most,
 address = {Edinburgh, Scotland, UK},
 author = {Quadrianto, Novi and Chen, Chao and Lampert, Christoph H.},
 booktitle = {Proceedings of the 29th International Conference on Machine Learning (ICML)},
 month = {June},
 note = {\url{http://icml.cc/2012/papers/323.pdf}},
 publisher = {Omnipress},
 title = {The Most Persistent Soft-Clique in a Set of Sampled Graphs},
 year = {2012}
}

@inproceedings{rakotomamonjy2012sparse,
 address = {Edinburgh, Scotland, UK},
 author = {Rakotomamonjy, Alain},
 booktitle = {Proceedings of the 29th International Conference on Machine Learning (ICML)},
 month = {June},
 note = {\url{http://icml.cc/2012/papers/664.pdf}},
 publisher = {Omnipress},
 title = {Sparse Support Vector Infinite Push},
 year = {2012}
}

@inproceedings{ravanbakhsh2012generalized,
 address = {Edinburgh, Scotland, UK},
 author = {Ravanbakhsh, Siamak and Yu, Chun-Nam and Greiner, Russell},
 booktitle = {Proceedings of the 29th International Conference on Machine Learning (ICML)},
 month = {June},
 note = {\url{http://icml.cc/2012/papers/304.pdf}},
 publisher = {icml.cc / Omnipress},
 title = {A Generalized Loop Correction Method for Approximate Inference in Graphical Models},
 year = {2012}
}

@inproceedings{reid2012convexity,
 address = {Edinburgh, Scotland, UK},
 author = {Reid, Mark D. and Williamson, Robert C. and Sun, Peng},
 booktitle = {Proceedings of the 29th International Conference on Machine Learning (ICML)},
 month = {June},
 note = {\url{http://icml.cc/2012/papers/367.pdf}},
 publisher = {Omnipress},
 title = {The Convexity and Design of Composite Multiclass Losses},
 year = {2012}
}

@inproceedings{rey2012copula,
 address = {Edinburgh, Scotland, UK},
 author = {Rey, Mélanie and Roth, Volker},
 booktitle = {Proceedings of the 29th International Conference on Machine Learning (ICML)},
 month = {June},
 note = {\url{http://icml.cc/2012/papers/486.pdf}},
 publisher = {Omnipress},
 title = {Copula Mixture Model for Dependency-seeking Clustering},
 year = {2012}
}

@inproceedings{rifai2012generative,
 address = {Edinburgh, Scotland, UK},
 author = {Rifai, Salah and Dauphin, Yann N. and Vincent, Pascal and Bengio, Yoshua},
 booktitle = {Proceedings of the 29th International Conference on Machine Learning (ICML)},
 month = {June},
 note = {\url{http://icml.cc/2012/papers/910.pdf}},
 publisher = {icml.cc / Omnipress},
 title = {A Generative Process for Contractive Auto-Encoders},
 year = {2012}
}

@inproceedings{rol2012on,
 address = {Edinburgh, Scotland, UK},
 author = {Rol,  and Memisevic, },
 booktitle = {Proceedings of the 29th International Conference on Machine Learning (ICML)},
 month = {June},
 note = {\url{http://icml.cc/2012/papers/105.pdf}},
 publisher = {Omnipress},
 title = {On multi-view feature learning},
 year = {2012}
}

@inproceedings{ross2012agnostic,
 address = {Edinburgh, Scotland, UK},
 author = {Ross, Stéphane and Bagnell, Drew},
 booktitle = {Proceedings of the 29th International Conference on Machine Learning (ICML)},
 month = {June},
 note = {\url{http://icml.cc/2012/papers/833.pdf}},
 publisher = {icml.cc / Omnipress},
 title = {Agnostic System Identification for Model-Based Reinforcement Learning},
 year = {2012}
}

@inproceedings{ruderman2012tighter,
 address = {Edinburgh, Scotland, UK},
 author = {Ruderman, Avraham and Reid, Mark D. and García-García, Dario and Petterson, James},
 booktitle = {Proceedings of the 29th International Conference on Machine Learning (ICML)},
 month = {June},
 note = {\url{http://icml.cc/2012/papers/361.pdf}},
 publisher = {Omnipress},
 title = {Tighter Variational Representations of f-Divergences via Restriction to Probability Measures},
 year = {2012}
}

@inproceedings{salazar2012inferring,
 address = {Edinburgh, Scotland, UK},
 author = {Salazar, Esther and Carin, Lawrence},
 booktitle = {Proceedings of the 29th International Conference on Machine Learning (ICML)},
 month = {June},
 note = {\url{http://icml.cc/2012/papers/554.pdf}},
 publisher = {icml.cc / Omnipress},
 title = {Inferring Latent Structure From Mixed Real and Categorical Relational Data},
 year = {2012}
}

@inproceedings{samdani2012efficient,
 address = {Edinburgh, Scotland, UK},
 author = {Samdani, Rajhans and Roth, Dan},
 booktitle = {Proceedings of the 29th International Conference on Machine Learning (ICML)},
 month = {June},
 note = {\url{http://icml.cc/2012/papers/122.pdf}},
 publisher = {icml.cc / Omnipress},
 title = {Efficient Decomposed Learning for Structured Prediction},
 year = {2012}
}

@inproceedings{sarkar2012nonparametric,
 address = {Edinburgh, Scotland, UK},
 author = {Sarkar, Purnamrita and Chakrabarti, Deepayan and Jordan, Michael I.},
 booktitle = {Proceedings of the 29th International Conference on Machine Learning (ICML)},
 month = {June},
 note = {\url{http://icml.cc/2012/papers/828.pdf}},
 publisher = {icml.cc / Omnipress},
 title = {Nonparametric Link Prediction in Dynamic Networks},
 year = {2012}
}

@inproceedings{sato2012rethinking,
 address = {Edinburgh, Scotland, UK},
 author = {Sato, Issei and Nakagawa, Hiroshi},
 booktitle = {Proceedings of the 29th International Conference on Machine Learning (ICML)},
 month = {June},
 note = {\url{http://icml.cc/2012/papers/530.pdf}},
 publisher = {icml.cc / Omnipress},
 title = {Rethinking Collapsed Variational Bayes Inference for LDA},
 year = {2012}
}

@inproceedings{savalle2012estimation,
 address = {Edinburgh, Scotland, UK},
 author = {Savalle, Pierre-André and Richard, Emile and Vayatis, Nicolas},
 booktitle = {Proceedings of the 29th International Conference on Machine Learning (ICML)},
 month = {June},
 note = {\url{http://icml.cc/2012/papers/674.pdf}},
 publisher = {Omnipress},
 title = {Estimation of Simultaneously Sparse and Low Rank Matrices},
 year = {2012}
}

@inproceedings{scherrer2012approximate,
 address = {Edinburgh, Scotland, UK},
 author = {Scherrer, Bruno and Gabillon, Victor and Ghavamzadeh, Mohammad and Geist, Matthieu},
 booktitle = {Proceedings of the 29th International Conference on Machine Learning (ICML)},
 month = {June},
 note = {\url{http://icml.cc/2012/papers/608.pdf}},
 publisher = {icml.cc / Omnipress},
 title = {Approximate Modified Policy Iteration},
 year = {2012}
}

@inproceedings{scherrer2012scaling,
 address = {Edinburgh, Scotland, UK},
 author = {Scherrer, Chad and Halappanavar, Mahantesh and Tewari, Ambuj and Haglin, David},
 booktitle = {Proceedings of the 29th International Conference on Machine Learning (ICML)},
 month = {June},
 note = {\url{http://icml.cc/2012/papers/705.pdf}},
 publisher = {Omnipress},
 title = {Scaling Up Coordinate Descent Algorithms for Large 𝓁_1 Regularization Problems},
 year = {2012}
}

@inproceedings{scholkopf2012on,
 address = {Edinburgh, Scotland, UK},
 author = {Schölkopf, Bernhard and Janzing, Dominik and Peters, Jonas and Sgouritsa, Eleni and Zhang, Kun and Mooij, Joris M.},
 booktitle = {Proceedings of the 29th International Conference on Machine Learning (ICML)},
 month = {June},
 note = {\url{http://icml.cc/2012/papers/625.pdf}},
 publisher = {icml.cc / Omnipress},
 title = {On Causal and Anticausal Learning},
 year = {2012}
}

@inproceedings{sejdinovic2012hypothesis,
 address = {Edinburgh, Scotland, UK},
 author = {Sejdinovic, Dino and Gretton, Arthur and Sriperumbudur, Bharath K. and Fukumizu, Kenji},
 booktitle = {Proceedings of the 29th International Conference on Machine Learning (ICML)},
 month = {June},
 note = {\url{http://icml.cc/2012/papers/575.pdf}},
 publisher = {icml.cc / Omnipress},
 title = {Hypothesis Testing Using Pairwise Distances and Associated Kernels},
 year = {2012}
}

@inproceedings{shan2012gap,
 address = {Edinburgh, Scotland, UK},
 author = {Shan, Hanhuai and Kattge, Jens and Reich, Peter B. and Banerjee, Arindam and Schrodt, Franziska and Reichstein, Markus},
 booktitle = {Proceedings of the 29th International Conference on Machine Learning (ICML)},
 month = {June},
 note = {\url{http://icml.cc/2012/papers/652.pdf}},
 publisher = {Omnipress},
 title = {Gap Filling in the Plant Kingdom - Trait Prediction Using Hierarchical Probabilistic Matrix Factorization},
 year = {2012}
}

@inproceedings{sheffet2012predicting,
 address = {Edinburgh, Scotland, UK},
 author = {Sheffet, Or and Mishra, Nina and Ieong, Samuel},
 booktitle = {Proceedings of the 29th International Conference on Machine Learning (ICML)},
 month = {June},
 note = {\url{http://icml.cc/2012/papers/863.pdf}},
 publisher = {icml.cc / Omnipress},
 title = {Predicting Consumer Behavior in Commerce Search},
 year = {2012}
}

@inproceedings{shi2012informationtheoretical,
 address = {Edinburgh, Scotland, UK},
 author = {Shi, Yuan and Sha, Fei},
 booktitle = {Proceedings of the 29th International Conference on Machine Learning (ICML)},
 month = {June},
 note = {\url{http://icml.cc/2012/papers/566.pdf}},
 publisher = {icml.cc / Omnipress},
 title = {Information-Theoretical Learning of Discriminative Clusters for Unsupervised Domain Adaptation},
 year = {2012}
}

@inproceedings{shi2012margin,
 address = {Edinburgh, Scotland, UK},
 author = {Shi, Qinfeng and Shen, Chunhua and Hill, Rhys and Hengel, Anton van den},
 booktitle = {Proceedings of the 29th International Conference on Machine Learning (ICML)},
 month = {June},
 note = {\url{http://icml.cc/2012/papers/327.pdf}},
 publisher = {icml.cc / Omnipress},
 title = {Is Margin Preserved After Random Projection?},
 year = {2012}
}

@inproceedings{shivaswamy2012online,
 address = {Edinburgh, Scotland, UK},
 author = {Shivaswamy, Pannaga and Joachims, Thorsten},
 booktitle = {Proceedings of the 29th International Conference on Machine Learning (ICML)},
 month = {June},
 note = {\url{http://icml.cc/2012/papers/717.pdf}},
 publisher = {Omnipress},
 title = {Online Structured Prediction via Coactive Learning},
 year = {2012}
}

@inproceedings{shterev2012bayesian,
 address = {Edinburgh, Scotland, UK},
 author = {Shterev, Ivo and Dunson, David B.},
 booktitle = {Proceedings of the 29th International Conference on Machine Learning (ICML)},
 month = {June},
 note = {\url{http://icml.cc/2012/papers/371.pdf}},
 publisher = {Omnipress},
 title = {Bayesian Watermark Attacks},
 year = {2012}
}

@inproceedings{silva2012learning,
 address = {Edinburgh, Scotland, UK},
 author = {Silva, Bruno Castro da and Konidaris, George Dimitri and Barto, Andrew G.},
 booktitle = {Proceedings of the 29th International Conference on Machine Learning (ICML)},
 month = {June},
 note = {\url{http://icml.cc/2012/papers/826.pdf}},
 publisher = {icml.cc / Omnipress},
 title = {Learning Parameterized Skills},
 year = {2012}
}

@inproceedings{silver2012compositional,
 address = {Edinburgh, Scotland, UK},
 author = {Silver, David and Ciosek, Kamil},
 booktitle = {Proceedings of the 29th International Conference on Machine Learning (ICML)},
 month = {June},
 note = {\url{http://icml.cc/2012/papers/564.pdf}},
 publisher = {icml.cc / Omnipress},
 title = {Compositional Planning Using Optimal Option Models},
 year = {2012}
}

@inproceedings{sohn2012learning,
 address = {Edinburgh, Scotland, UK},
 author = {Sohn, Kihyuk and Lee, Honglak},
 booktitle = {Proceedings of the 29th International Conference on Machine Learning (ICML)},
 month = {June},
 note = {\url{http://icml.cc/2012/papers/659.pdf}},
 publisher = {icml.cc / Omnipress},
 title = {Learning Invariant Representations with Local Transformations},
 year = {2012}
}

@inproceedings{spiliopoulou2012topic,
 address = {Edinburgh, Scotland, UK},
 author = {Spiliopoulou, Athina and Storkey, Amos J.},
 booktitle = {Proceedings of the 29th International Conference on Machine Learning (ICML)},
 month = {June},
 note = {\url{http://icml.cc/2012/papers/585.pdf}},
 publisher = {icml.cc / Omnipress},
 title = {A Topic Model for Melodic Sequences},
 year = {2012}
}

@inproceedings{storkey2012isoelastic,
 address = {Edinburgh, Scotland, UK},
 author = {Storkey, Amos J. and Millin, Jono and Geras, Krzysztof J.},
 booktitle = {Proceedings of the 29th International Conference on Machine Learning (ICML)},
 month = {June},
 note = {\url{http://icml.cc/2012/papers/886.pdf}},
 publisher = {Omnipress},
 title = {Isoelastic Agents and Wealth Updates in Machine Learning Markets},
 year = {2012}
}

@inproceedings{stulp2012path,
 address = {Edinburgh, Scotland, UK},
 author = {Stulp, Freek and Sigaud, Olivier},
 booktitle = {Proceedings of the 29th International Conference on Machine Learning (ICML)},
 month = {June},
 note = {\url{http://icml.cc/2012/papers/171.pdf}},
 publisher = {icml.cc / Omnipress},
 title = {Path Integral Policy Improvement with Covariance Matrix Adaptation},
 year = {2012}
}

@inproceedings{sun2012aoso,
 address = {Edinburgh, Scotland, UK},
 author = {Sun, Peng and Reid, Mark D. and Zhou, Jie},
 booktitle = {Proceedings of the 29th International Conference on Machine Learning (ICML)},
 month = {June},
 note = {\url{http://icml.cc/2012/papers/569.pdf}},
 publisher = {icml.cc / Omnipress},
 title = {AOSO-LogitBoost: Adaptive One-Vs-One LogitBoost for Multi-Class Problem},
 year = {2012}
}

@inproceedings{sun2012size,
 address = {Edinburgh, Scotland, UK},
 author = {Sun, Yi and Gomez, Faustino J. and Schmidhuber, Jürgen},
 booktitle = {Proceedings of the 29th International Conference on Machine Learning (ICML)},
 month = {June},
 note = {\url{http://icml.cc/2012/papers/194.pdf}},
 publisher = {icml.cc / Omnipress},
 title = {On the Size of the Online Kernel Sparsification Dictionary},
 year = {2012}
}

@inproceedings{takeda2012unified,
 address = {Edinburgh, Scotland, UK},
 author = {Takeda, Akiko and Mitsugi, Hiroyuki and Kanamori, Takafumi},
 booktitle = {Proceedings of the 29th International Conference on Machine Learning (ICML)},
 month = {June},
 note = {\url{http://icml.cc/2012/papers/87.pdf}},
 publisher = {icml.cc / Omnipress},
 title = {A Unified Robust Classification Model},
 year = {2012}
}

@inproceedings{tang2012deepa,
 address = {Edinburgh, Scotland, UK},
 author = {Tang, Yichuan and Salakhutdinov, Ruslan and Hinton, Geoffrey E.},
 booktitle = {Proceedings of the 29th International Conference on Machine Learning (ICML)},
 month = {June},
 note = {\url{http://icml.cc/2012/papers/284.pdf}},
 publisher = {Omnipress},
 title = {Deep Mixtures of Factor Analysers},
 year = {2012}
}

@inproceedings{tang2012deepb,
 address = {Edinburgh, Scotland, UK},
 author = {Tang, Yichuan and Salakhutdinov, Ruslan and Hinton, Geoffrey E.},
 booktitle = {Proceedings of the 29th International Conference on Machine Learning (ICML)},
 month = {June},
 note = {\url{http://icml.cc/2012/papers/791.pdf}},
 publisher = {icml.cc / Omnipress},
 title = {Deep Lambertian Networks},
 year = {2012}
}

@inproceedings{telgarsky2012agglomerative,
 address = {Edinburgh, Scotland, UK},
 author = {Telgarsky, Matus and Dasgupta, Sanjoy},
 booktitle = {Proceedings of the 29th International Conference on Machine Learning (ICML)},
 month = {June},
 note = {\url{http://icml.cc/2012/papers/758.pdf}},
 publisher = {Omnipress},
 title = {Agglomerative Bregman Clustering},
 year = {2012}
}

@inproceedings{varoquaux2012smallsample,
 address = {Edinburgh, Scotland, UK},
 author = {Varoquaux, Gaël and Alex and Gramfort, Re and Bertr and Thirion},
 booktitle = {Proceedings of the 29th International Conference on Machine Learning (ICML)},
 month = {June},
 note = {\url{http://icml.cc/2012/papers/688.pdf}},
 publisher = {icml.cc / Omnipress},
 title = {Small-sample brain mapping: Sparse recovery on spatially correlated designs with randomization and clustering},
 year = {2012}
}

@inproceedings{vladymyrov2012fast,
 address = {Edinburgh, Scotland, UK},
 author = {Vladymyrov, Max and Carreira-Perpiñán, Miguel Á},
 booktitle = {Proceedings of the 29th International Conference on Machine Learning (ICML)},
 month = {June},
 note = {\url{http://icml.cc/2012/papers/199.pdf}},
 publisher = {Omnipress},
 title = {Fast Training of Nonlinear Embedding Algorithms},
 year = {2012}
}

@inproceedings{vogt2012complete,
 address = {Edinburgh, Scotland, UK},
 author = {Vogt, Julia E. and Roth, Volker},
 booktitle = {Proceedings of the 29th International Conference on Machine Learning (ICML)},
 month = {June},
 note = {\url{http://icml.cc/2012/papers/110.pdf}},
 publisher = {Omnipress},
 title = {A Complete Analysis of the l_1, p Group-Lasso},
 year = {2012}
}

@inproceedings{wagstaff2012machine,
 address = {Edinburgh, Scotland, UK},
 author = {Wagstaff, Kiri},
 booktitle = {Proceedings of the 29th International Conference on Machine Learning (ICML)},
 month = {June},
 note = {\url{http://icml.cc/2012/papers/298.pdf}},
 publisher = {icml.cc / Omnipress},
 title = {Machine Learning that Matters},
 year = {2012}
}

@inproceedings{wang2012clustering,
 address = {Edinburgh, Scotland, UK},
 author = {Wang, Jiabing and Chen, Jiaye},
 booktitle = {Proceedings of the 29th International Conference on Machine Learning (ICML)},
 month = {June},
 note = {\url{http://icml.cc/2012/papers/130.pdf}},
 publisher = {icml.cc / Omnipress},
 title = {Clustering to Maximize the Ratio of Split to Diameter},
 year = {2012}
}

@inproceedings{wang2012levy,
 address = {Edinburgh, Scotland, UK},
 author = {Wang, Yingjian and Carin, Lawrence},
 booktitle = {Proceedings of the 29th International Conference on Machine Learning (ICML)},
 month = {June},
 note = {\url{http://icml.cc/2012/papers/69.pdf}},
 publisher = {icml.cc / Omnipress},
 title = {Levy Measure Decompositions for the Beta and Gamma Processes},
 year = {2012}
}

@inproceedings{wang2012monte,
 address = {Edinburgh, Scotland, UK},
 author = {Wang, Yi and Won, Kok Sung and Hsu, David and Lee, Wee Sun},
 booktitle = {Proceedings of the 29th International Conference on Machine Learning (ICML)},
 month = {June},
 note = {\url{http://icml.cc/2012/papers/582.pdf}},
 publisher = {icml.cc / Omnipress},
 title = {Monte Carlo Bayesian Reinforcement Learning},
 year = {2012}
}

@inproceedings{wang2012online,
 address = {Edinburgh, Scotland, UK},
 author = {Wang, Huahua and Banerjee, Arindam},
 booktitle = {Proceedings of the 29th International Conference on Machine Learning (ICML)},
 month = {June},
 note = {\url{http://icml.cc/2012/papers/577.pdf}},
 publisher = {icml.cc / Omnipress},
 title = {Online Alternating Direction Method},
 year = {2012}
}

@inproceedings{wang2012stability,
 address = {Edinburgh, Scotland, UK},
 author = {Wang, Yu-Xiang and Xu, Huan},
 booktitle = {Proceedings of the 29th International Conference on Machine Learning (ICML)},
 month = {June},
 note = {\url{http://icml.cc/2012/papers/233.pdf}},
 publisher = {Omnipress},
 title = {Stability of Matrix Factorization for Collaborative Filtering},
 year = {2012}
}

@inproceedings{weston2012latent,
 address = {Edinburgh, Scotland, UK},
 author = {Weston, Jason and Wang, Chong and Weiss, Ron J. and Berenzweig, Adam},
 booktitle = {Proceedings of the 29th International Conference on Machine Learning (ICML)},
 month = {June},
 note = {\url{http://icml.cc/2012/papers/12.pdf}},
 publisher = {icml.cc / Omnipress},
 title = {Latent Collaborative Retrieval},
 year = {2012}
}

@inproceedings{wilson2012gaussian,
 address = {Edinburgh, Scotland, UK},
 author = {Wilson, Andrew Gordon and Knowles, David A. and Ghahramani, Zoubin},
 booktitle = {Proceedings of the 29th International Conference on Machine Learning (ICML)},
 month = {June},
 note = {\url{http://icml.cc/2012/papers/329.pdf}},
 publisher = {Omnipress},
 title = {Gaussian Process Regression Networks},
 year = {2012}
}

@inproceedings{wulsin2012hierarchical,
 address = {Edinburgh, Scotland, UK},
 author = {Wulsin, Drausin and Jensen, Shane and Litt, Brian},
 booktitle = {Proceedings of the 29th International Conference on Machine Learning (ICML)},
 month = {June},
 note = {\url{http://icml.cc/2012/papers/49.pdf}},
 publisher = {icml.cc / Omnipress},
 title = {A Hierarchical Dirichlet Process Model with Multiple Levels of Clustering for Human EEG Seizure Modeling},
 year = {2012}
}

@inproceedings{xiang2012splitmerge,
 address = {Edinburgh, Scotland, UK},
 author = {Xiang, Qiaoliang and Mao, Qi and Chai, Kian Ming Adam and Chieu, Hai Leong and Tsang, Ivor W. and Zhao, Zhendong},
 booktitle = {Proceedings of the 29th International Conference on Machine Learning (ICML)},
 month = {June},
 note = {\url{http://icml.cc/2012/papers/559.pdf}},
 publisher = {icml.cc / Omnipress},
 title = {A Split-Merge Framework for Comparing Clusterings},
 year = {2012}
}

@inproceedings{xiao2012proximalgradient,
 address = {Edinburgh, Scotland, UK},
 author = {Xiao, Lin and Zhang, Tong},
 booktitle = {Proceedings of the 29th International Conference on Machine Learning (ICML)},
 month = {June},
 note = {\url{http://icml.cc/2012/papers/447.pdf}},
 publisher = {Omnipress},
 title = {A Proximal-Gradient Homotopy Method for the L1-Regularized Least-Squares Problem},
 year = {2012}
}

@inproceedings{xie2012artist,
 address = {Edinburgh, Scotland, UK},
 author = {Xie, Ning and Hachiya, Hirotaka and Sugiyama, Masashi},
 booktitle = {Proceedings of the 29th International Conference on Machine Learning (ICML)},
 month = {June},
 note = {\url{http://icml.cc/2012/papers/101.pdf}},
 publisher = {Omnipress},
 title = {Artist Agent: A Reinforcement Learning Approach to Automatic Stroke Generation in Oriental Ink Painting},
 year = {2012}
}

@inproceedings{xu2012conditional,
 address = {Edinburgh, Scotland, UK},
 author = {Xu, Min and Lafferty, John D.},
 booktitle = {Proceedings of the 29th International Conference on Machine Learning (ICML)},
 month = {June},
 note = {\url{http://icml.cc/2012/papers/738.pdf}},
 publisher = {Omnipress},
 title = {Conditional Sparse Coding and Grouped Multivariate Regression},
 year = {2012}
}

@inproceedings{xu2012greedy,
 address = {Edinburgh, Scotland, UK},
 author = {Xu, Zhixiang Eddie and Weinberger, Kilian Q. and Chapelle, Olivier},
 booktitle = {Proceedings of the 29th International Conference on Machine Learning (ICML)},
 month = {June},
 note = {\url{http://icml.cc/2012/papers/592.pdf}},
 publisher = {icml.cc / Omnipress},
 title = {The Greedy Miser: Learning under Test-time Budgets},
 year = {2012}
}

@inproceedings{xu2012infinite,
 address = {Edinburgh, Scotland, UK},
 author = {Xu, Zenglin and Yan, Feng and Qi, Yuan (Alan)},
 booktitle = {Proceedings of the 29th International Conference on Machine Learning (ICML)},
 month = {June},
 note = {\url{http://icml.cc/2012/papers/543.pdf}},
 publisher = {icml.cc / Omnipress},
 title = {Infinite Tucker Decomposition: Nonparametric Bayesian Models for Multiway Data Analysis},
 year = {2012}
}

@inproceedings{yackley2012smoothness,
 address = {Edinburgh, Scotland, UK},
 author = {Yackley, Benjamin and Lane, Terran},
 booktitle = {Proceedings of the 29th International Conference on Machine Learning (ICML)},
 month = {June},
 note = {\url{http://icml.cc/2012/papers/819.pdf}},
 publisher = {icml.cc / Omnipress},
 title = {Smoothness and Structure Learning by Proxy},
 year = {2012}
}

@inproceedings{yang2012clustering,
 address = {Edinburgh, Scotland, UK},
 author = {Yang, Zhirong and Oja, Erkki},
 booktitle = {Proceedings of the 29th International Conference on Machine Learning (ICML)},
 month = {June},
 note = {\url{http://icml.cc/2012/papers/445.pdf}},
 publisher = {icml.cc / Omnipress},
 title = {Clustering by Low-Rank Doubly Stochastic Matrix Decomposition},
 year = {2012}
}

@inproceedings{yang2012multiple,
 address = {Edinburgh, Scotland, UK},
 author = {Yang, Tianbao and Mahdavi, Mehrdad and Jin, Rong and Zhang, Lijun and Zhou, Yang},
 booktitle = {Proceedings of the 29th International Conference on Machine Learning (ICML)},
 month = {June},
 note = {\url{http://icml.cc/2012/papers/127.pdf}},
 publisher = {Omnipress},
 title = {Multiple Kernel Learning from Noisy Labels by Stochastic Programming},
 year = {2012}
}

@inproceedings{ye2012optimizing,
 address = {Edinburgh, Scotland, UK},
 author = {Ye, Nan and Chai, Kian Ming Adam and Lee, Wee Sun and Chieu, Hai Leong},
 booktitle = {Proceedings of the 29th International Conference on Machine Learning (ICML)},
 month = {June},
 note = {\url{http://icml.cc/2012/papers/175.pdf}},
 publisher = {icml.cc / Omnipress},
 title = {Optimizing F-measure: A Tale of Two Approaches},
 year = {2012}
}

@inproceedings{yger2012adaptive,
 address = {Edinburgh, Scotland, UK},
 author = {Yger, Florian and Berar, Maxime and Gasso, Gilles and Rakotomamonjy, Alain},
 booktitle = {Proceedings of the 29th International Conference on Machine Learning (ICML)},
 month = {June},
 note = {\url{http://icml.cc/2012/papers/565.pdf}},
 publisher = {Omnipress},
 title = {Adaptive Canonical Correlation Analysis Based On Matrix Manifolds},
 year = {2012}
}

@inproceedings{yin2012groups,
 address = {Edinburgh, Scotland, UK},
 author = {Yin, Junming and Chen, Xi and Xing, Eric P.},
 booktitle = {Proceedings of the 29th International Conference on Machine Learning (ICML)},
 month = {June},
 note = {\url{http://icml.cc/2012/papers/463.pdf}},
 publisher = {icml.cc / Omnipress},
 title = {Group Sparse Additive Models},
 year = {2012}
}

@inproceedings{yu2012analysis,
 address = {Edinburgh, Scotland, UK},
 author = {Yu, Yaoliang and Szepesvári, Csaba},
 booktitle = {Proceedings of the 29th International Conference on Machine Learning (ICML)},
 month = {June},
 note = {\url{http://icml.cc/2012/papers/330.pdf}},
 publisher = {Omnipress},
 title = {Analysis of Kernel Mean Matching under Covariate Shift},
 year = {2012}
}

@inproceedings{yu2012conversational,
 address = {Edinburgh, Scotland, UK},
 author = {Yu, Dong and Seide, Frank and Li, Gang},
 booktitle = {Proceedings of the 29th International Conference on Machine Learning (ICML)},
 month = {June},
 note = {\url{http://icml.cc/2012/papers/943.pdf}},
 publisher = {Omnipress},
 title = {Conversational Speech Transcription Using Context-Dependent Deep Neural Networks},
 year = {2012}
}

@inproceedings{yu2012efficient,
 address = {Edinburgh, Scotland, UK},
 author = {Yu, Adams Wei and Su, Hao and Fei-Fei, Li},
 booktitle = {Proceedings of the 29th International Conference on Machine Learning (ICML)},
 month = {June},
 note = {\url{http://icml.cc/2012/papers/250.pdf}},
 publisher = {icml.cc / Omnipress},
 title = {Efficient Euclidean Projections onto the Intersection of Norm Balls},
 year = {2012}
}

@inproceedings{yue2012hierarchical,
 address = {Edinburgh, Scotland, UK},
 author = {Yue, Yisong and Hong, Sue Ann and Guestrin, Carlos},
 booktitle = {Proceedings of the 29th International Conference on Machine Learning (ICML)},
 month = {June},
 note = {\url{http://icml.cc/2012/papers/933.pdf}},
 publisher = {Omnipress},
 title = {Hierarchical Exploration for Accelerating Contextual Bandits},
 year = {2012}
}

@inproceedings{zanzotto2012distributed,
 address = {Edinburgh, Scotland, UK},
 author = {Zanzotto, Fabio Massimo and Dell'Arciprete, Lorenzo},
 booktitle = {Proceedings of the 29th International Conference on Machine Learning (ICML)},
 month = {June},
 note = {\url{http://icml.cc/2012/papers/111.pdf}},
 publisher = {Omnipress},
 title = {Distributed Tree Kernels},
 year = {2012}
}

@inproceedings{zhai2012discovering,
 address = {Edinburgh, Scotland, UK},
 author = {Zhai, Yiteng and Tan, Mingkui and Tsang, Ivor W. and Ong, Yew-Soon},
 booktitle = {Proceedings of the 29th International Conference on Machine Learning (ICML)},
 month = {June},
 note = {\url{http://icml.cc/2012/papers/726.pdf}},
 publisher = {icml.cc / Omnipress},
 title = {Discovering Support and Affiliated Features from Very High Dimensions},
 year = {2012}
}

@inproceedings{zhai2012modeling,
 address = {Edinburgh, Scotland, UK},
 author = {Zhai, Ke and Hu, Yuening and Boyd-Graber, Jordan L. and Williamson, Sinead},
 booktitle = {Proceedings of the 29th International Conference on Machine Learning (ICML)},
 month = {June},
 note = {\url{http://icml.cc/2012/papers/750.pdf}},
 publisher = {Omnipress},
 title = {Modeling Images using Transformed Indian Buffet Processes},
 year = {2012}
}

@inproceedings{zhang2012improved,
 address = {Edinburgh, Scotland, UK},
 author = {Zhang, Kai and Lan, Liang and Liu, Jun and Rauber, Andreas},
 booktitle = {Proceedings of the 29th International Conference on Machine Learning (ICML)},
 month = {June},
 note = {\url{http://icml.cc/2012/papers/188.pdf}},
 publisher = {Omnipress},
 title = {Improved Nystrom Low-rank Decomposition with Priors},
 year = {2012}
}

@inproceedings{zhang2012maximum,
 address = {Edinburgh, Scotland, UK},
 author = {Zhang, Yi and Schneider, Jeff G.},
 booktitle = {Proceedings of the 29th International Conference on Machine Learning (ICML)},
 month = {June},
 note = {\url{http://icml.cc/2012/papers/778.pdf}},
 publisher = {Omnipress},
 title = {Maximum Margin Output Coding},
 year = {2012}
}

@inproceedings{zhong2012bayesian,
 address = {Edinburgh, Scotland, UK},
 author = {Zhong, Mingjun and Girolami, Mark A.},
 booktitle = {Proceedings of the 29th International Conference on Machine Learning (ICML)},
 month = {June},
 note = {\url{http://icml.cc/2012/papers/357.pdf}},
 publisher = {icml.cc / Omnipress},
 title = {A Bayesian Approach to Approximate Joint Diagonalization of Square Matrices},
 year = {2012}
}

@inproceedings{zhong2012convex,
 address = {Edinburgh, Scotland, UK},
 author = {Zhong, Wenliang and Kwok, James Tin-Yau},
 booktitle = {Proceedings of the 29th International Conference on Machine Learning (ICML)},
 month = {June},
 note = {\url{http://icml.cc/2012/papers/45.pdf}},
 publisher = {icml.cc / Omnipress},
 title = {Convex Multitask Learning with Flexible Task Clusters},
 year = {2012}
}

@inproceedings{zhou2012lognormal,
 address = {Edinburgh, Scotland, UK},
 author = {Zhou, Mingyuan and Li, Lingbo and Dunson, David B. and Carin, Lawrence},
 booktitle = {Proceedings of the 29th International Conference on Machine Learning (ICML)},
 month = {June},
 note = {\url{http://icml.cc/2012/papers/665.pdf}},
 publisher = {Omnipress},
 title = {Lognormal and Gamma Mixed Negative Binomial Regression},
 year = {2012}
}

@inproceedings{zhu2012maxmargin,
 address = {Edinburgh, Scotland, UK},
 author = {Zhu, Jun},
 booktitle = {Proceedings of the 29th International Conference on Machine Learning (ICML)},
 month = {June},
 note = {\url{http://icml.cc/2012/papers/374.pdf}},
 publisher = {Omnipress},
 title = {Max-Margin Nonparametric Latent Feature Models for Link Prediction},
 year = {2012}
}
