@comment{

@inproceedings{app

el2013quickly,
  author = {Appel, Ron and Fuchs, Thomas J. and Dollár, Piotr and Perona, Pietro},
  title = {Quickly Boosting Decision Trees - Pruning Underachieving Features Early},
  booktitle = {Proceedings of the 30th International Conference on Machine Learning (ICML)},
  series = {JMLR Workshop and Conference Proceedings},
  publisher = {JMLR.org},
  year = {2013},
  pages = {594--602},
  volume = {28},
  note = {\url{http://proceedings.mlr.press/v28/appel13.html}},
  address = {Atlanta, GA, USA},
  month = jun,
}}

@inproceedings{abernethy2013largescale,
  address =      {Atlanta, Georgia, USA},
  author =       {Abernethy, Jacob and Amin, Kareem and Kearns,
                  Michael and Draief, Moez},
  booktitle =    {Proceedings of the 30th International Conference on
                  Machine Learning (ICML)},
  month =        {June},
  note =
                  {\url{http://proceedings.mlr.press/v28/abernethy13.html}},
  openalex =     {W2150473852},
  pages =        {588--596},
  publisher =    {Journal of Machine Learning Research (JMLR)},
  series =       {Workshop and Conference Proceedings},
  title =        {Large-Scale Bandit Problems and KWIK Learning},
  volume =       28,
  year =         2013
}

@inproceedings{afkanpour2013randomized,
  address =      {Atlanta, Georgia, USA},
  author =       {Afkanpour, Arash and György, András and Szepesvári,
                  Csaba and Bowling, Michael},
  booktitle =    {Proceedings of the 30th International Conference on
                  Machine Learning (ICML)},
  month =        {June},
  note =
                  {\url{\url{http://proceedings.mlr.press/v28/afkanpour13.html}}},
  openalex =     {W1667264917},
  pages =        {374--382},
  publisher =    {JMLR.org},
  series =       {Workshop and Conference Proceedings},
  title =        {A Randomized Mirror Descent Algorithm for Large
                  Scale Multiple Kernel Learning},
  volume =       28,
  year =         2013
}

@inproceedings{agarwal2013selective,
  address =      {Atlanta, Georgia, USA},
  author =       {Agarwal, Alekh},
  booktitle =    {Proceedings of the 30th International Conference on
                  Machine Learning (ICML)},
  month =        {June},
  note =
                  {\url{http://proceedings.mlr.press/v28/agarwal13.html}},
  openalex =     {W2116938621},
  pages =        {1220--1228},
  publisher =    {JMLR.org},
  series =       {Workshop and Conference Proceedings},
  title =        {Selective sampling algorithms for cost-sensitive
                  multiclass prediction},
  volume =       28,
  year =         2013
}

@inproceedings{agrawal2013thompson,
  address =      {Atlanta, Georgia, USA},
  author =       {Agrawal, Shipra and Goyal, Navin},
  booktitle =    {Proceedings of the 30th International Conference on
                  Machine Learning (ICML)},
  month =        {June},
  note =
                  {\url{http://proceedings.mlr.press/v28/agrawal13.html}},
  openalex =     {W2166253248},
  pages =        {127--135},
  publisher =    {JMLR.org},
  series =       {JMLR Workshop and Conference Proceedings},
  title =        {Thompson Sampling for Contextual Bandits with Linear
                  Payoffs},
  volume =       28,
  year =         2013
}

@inproceedings{ahmed2013nested,
  address =      {Atlanta, Georgia, USA},
  author =       {Ahmed, Amr and Hong, Liangjie and Smola, Alexander
                  J.},
  booktitle =    {Proceedings of the 30th International Conference on
                  Machine Learning (ICML)},
  month =        {June},
  note =         {\url{http://proceedings.mlr.press/v28/ahmed13.html}},
  openalex =     {W1499913908},
  pages =        {1426--1434},
  publisher =    {Journal of Machine Learning Research (JLMR)},
  series =       {Workshop and Conference Proceedings},
  title =        {Nested Chinese Restaurant Franchise Process:
                  Applications to User Tracking and Document Modeling},
  volume =       28,
  year =         2013
}

@inproceedings{ailon2013breaking,
  address =      {Atlanta, Georgia, USA},
  author =       {Ailon, Nir and Chen, Yudong and Xu, Huan},
  booktitle =    {Proceedings of the 30th International Conference on
                  Machine Learning (ICML)},
  month =        {June},
  note =         {\url{http://proceedings.mlr.press/v28/ailon13.html}},
  openalex =     {W2138684607},
  pages =        {995--1003},
  publisher =    {JMLR.org},
  series =       {Workshop and Conference Proceedings},
  title =        {Breaking the Small Cluster Barrier of Graph
                  Clustering},
  volume =       28,
  year =         2013
}

@inproceedings{alex2013toward,
  address =      {Atlanta, Georgia, USA},
  author =       {Carpentier, Alexandra and Munos, Rémi},
  booktitle =    {Proceedings of the 30th International Conference on
                  Machine Learning (ICML)},
  month =        {June},
  note =
                  {\url{http://proceedings.mlr.press/v28/carpentier13.html}},
  openalex =     {W2147094845},
  pages =        {28--36},
  publisher =    {Journal of Machine Learning Research (JMLR)},
  series =       {Workshop and Conference Proceedings},
  title =        {Toward Optimal Stratification for Stratified
                  Monte-Carlo Integration},
  volume =       28,
  year =         2013
}

@inproceedings{almingol2013learning,
  address =      {Atlanta, Georgia, USA},
  author =       {Almingol, Javier and Montesano, Lui and Lopes,
                  Manuel},
  booktitle =    {Proceedings of the 30th International Conference on
                  Machine Learning (ICML)},
  month =        {June},
  note =
                  {\url{http://proceedings.mlr.press/v28/almingol13.html}},
  openalex =     {W2099690436},
  pages =        {136--144},
  publisher =    {JMLR.org},
  series =       {JMLR Workshop and Conference Proceedings},
  title =        {Learning Multiple Behaviors from Unlabeled
                  Demonstrations in a Latent Controller Space},
  volume =       28,
  year =         2013
}

@inproceedings{an2013learning,
  address =      {Atlanta, Georgia, USA},
  author =       {Anandkumar, Animashree and Hsu, Daniel and
                  Javanmard, Adel and Kakade, Sham M.},
  booktitle =    {Proceedings of the 30th International Conference on
                  Machine Learning (ICML)},
  month =        {June},
  note =
                  {\url{\url{http://proceedings.mlr.press/v28/anandkumar13.html}}},
  openalex =     {W1505105018},
  pages =        {249--257},
  publisher =    {JMLR.org},
  series =       {Workshop and Conference Proceedings},
  title =        {Learning Linear Bayesian Networks with Latent
                  Variables},
  volume =       28,
  year =         2013
}

@inproceedings{andrew2013deep,
  address =      {Atlanta, Georgia, USA},
  author =       {Andrew, Galen and Arora, Raman and Bilmes, Jeff and
                  Livescu, Karen},
  booktitle =    {Proceedings of the 30th International Conference on
                  Machine Learning (ICML)},
  month =        {June},
  note =
                  {\url{http://proceedings.mlr.press/v28/andrew13.html}},
  openalex =     {W1523385540},
  pages =        {1247--1255},
  publisher =    {JMLR.org},
  series =       {Workshop and Conference Proceedings},
  title =        {Deep Canonical Correlation Analysis},
  volume =       28,
  year =         2013
}

@inproceedings{arora2013practical,
  address =      {Atlanta, Georgia, USA},
  author =       {Arora, Sanjeev and Ge, Rong and Halpern, Yonatan and
                  Mimno, David and Moitra, Ankur and Sontag, David and
                  Wu, Yichen and Zhu, Michael},
  booktitle =    {Proceedings of the 30th International Conference on
                  Machine Learning (ICML)},
  month =        {June},
  note =         {\url{http://proceedings.mlr.press/v28/arora13.html}},
  openalex =     {W2963625764},
  pages =        {280--288},
  publisher =    {JMLR.org},
  series =       {JMLR Workshop and Conference Proceedings},
  title =        {A Practical Algorithm for Topic Modeling with
                  Provable Guarantees},
  volume =       28,
  year =         2013
}

@inproceedings{avron2013efficient,
  address =      {Atlanta, Georgia, USA},
  author =       {Avron, Haim and Boutsidis, Christos and Toledo,
                  Sivan and Zouzias, Anastasios},
  booktitle =    {Proceedings of the 30th International Conference on
                  Machine Learning (ICML)},
  month =        {June},
  note =
                  {\url{\url{http://proceedings.mlr.press/v28/avron13.html}}},
  openalex =     {W1534121600},
  pages =        {347--355},
  publisher =    {JMLR.org},
  series =       {Workshop and Conference Proceedings},
  title =        {Efficient Dimensionality Reduction for Canonical
                  Correlation Analysis},
  volume =       28,
  year =         2013
}

@inproceedings{baktashmotlagh2013nonlinear,
  address =      {Atlanta, Georgia, USA},
  author =       {Baktashmotlagh, Mahsa and Harandi, Mehrtash and
                  Bigdeli, Abbas and Lovell, Brian C. and Salzmann,
                  Mathieu},
  booktitle =    {Proceedings of the 30th International Conference on
                  Machine Learning (ICML)},
  month =        {June},
  note =
                  {\url{http://proceedings.mlr.press/v28/baktashmotlagh13.html}},
  openalex =     {W2097745545},
  pages =        {450--458},
  publisher =    {JMLR.org},
  series =       {Workshop and Conference Proceedings},
  title =        {Non-Linear Stationary Subspace Analysis with
                  Application to Video Classification},
  volume =       28,
  year =         2013
}

@inproceedings{balasubramanian2013smooth,
  address =      {Atlanta, Georgia, USA},
  author =       {Balasubramanian, Krishnakumar and Yu, Kai and
                  Lebanon, Guy},
  booktitle =    {Proceedings of the 30th International Conference on
                  Machine Learning (ICML)},
  month =        {June},
  note =
                  {\url{http://proceedings.mlr.press/v28/balasubramanian13.html}},
  openalex =     {W2117302351},
  pages =        {289--297},
  publisher =    {JMLR.org},
  series =       {Workshop and Conference Proceedings},
  title =        {Smooth Sparse Coding via Marginal Regression for
                  Learning Sparse Representations},
  volume =       28,
  year =         2013
}

@inproceedings{balcan2013efficient,
  address =      {Atlanta, Georgia, USA},
  author =       {Balcan, Nina and Berlind, Christopher G. and
                  Ehrlich, Steven and Liang, Yingyu},
  booktitle =    {Proceedings of the 30th International Conference on
                  Machine Learning (ICML)},
  month =        {June},
  note =
                  {\url{http://proceedings.mlr.press/v28/balcan13.html}},
  openalex =     {W2166451985},
  pages =        {633--641},
  publisher =    {Journal of Machine Learning Research (JMLR)},
  series =       {Workshop and Conference Proceedings},
  title =        {Efficient Semi-supervised and Active Learning of
                  Disjunctions},
  volume =       28,
  year =         2013
}

@inproceedings{balcan2013exploiting,
  address =      {Atlanta, Georgia, USA},
  author =       {Balcan, Nina and Blum, Avrim and Mansour, Yishay},
  booktitle =    {Proceedings of the 30th International Conference on
                  Machine Learning (ICML)},
  month =        {June},
  note =
                  {\url{http://proceedings.mlr.press/v28/balcan13a.html}},
  openalex =     {W2141420188},
  pages =        {1112--1120},
  publisher =    {JMLR.org},
  series =       {Workshop and Conference Proceedings},
  title =        {Exploiting Ontology Structures and Unlabeled Data
                  for Learning},
  volume =       28,
  year =         2013
}

@inproceedings{bardenet2013collaborative,
  address =      {Atlanta, Georgia, USA},
  author =       {Bardenet, Rémi and Brendel, Mátyás and gl, Bal zs K
                  and Sebag, Mich le},
  booktitle =    {Proceedings of the 30th International Conference on
                  Machine Learning (ICML)},
  month =        {June},
  note =
                  {\url{http://proceedings.mlr.press/v28/bardenet13.html}},
  openalex =     {W76331760},
  pages =        {199--207},
  publisher =    {JMLR.org},
  series =       {JMLR Workshop and Conference Proceedings},
  title =        {Collaborative hyperparameter tuning},
  volume =       28,
  year =         2013
}

@inproceedings{bellemare2013bayesian,
  address =      {Atlanta, Georgia, USA},
  author =       {Bellemare, Marc G. and Veness, Joel and Bowling,
                  Michael},
  booktitle =    {Proceedings of the 30th International Conference on
                  Machine Learning (ICML)},
  month =        {June},
  note =
                  {\url{http://proceedings.mlr.press/v28/bellemare13.html}},
  openalex =     {W64134055},
  pages =        {1211--1219},
  publisher =    {JMLR.org},
  series =       {Workshop and Conference Proceedings},
  title =        {Bayesian Learning of Recursively Factored
                  Environments},
  volume =       28,
  year =         2013
}

@inproceedings{bengio2013better,
  address =      {Atlanta, Georgia, USA},
  author =       {Bengio, Yoshua and Mesnil, Grégoire and Dauphin,
                  Yann N. and Rifai, Salah},
  booktitle =    {Proceedings of the 30th International Conference on
                  Machine Learning (ICML)},
  month =        {June},
  note =
                  {\url{http://proceedings.mlr.press/v28/bengio13.html}},
  openalex =     {W1496559305},
  pages =        {552--560},
  publisher =    {Journal of Machine Learning Research (JMLR)},
  series =       {Workshop and Conference Proceedings},
  title =        {Better Mixing via Deep Representations},
  volume =       28,
  year =         2013
}

@inproceedings{bergstra2013making,
  address =      {Atlanta, Georgia, USA},
  author =       {Bergstra, James and Yamins, Daniel and Cox, David
                  D.},
  booktitle =    {Proceedings of the 30th International Conference on
                  Machine Learning (ICML)},
  month =        {June},
  note =
                  {\url{\url{http://proceedings.mlr.press/v28/bergstra13.html}}},
  pages =        {115--123},
  publisher =    {JMLR.org},
  series =       {Workshop and Conference Proceedings},
  title =        {Making a Science of Model Search: Hyperparameter
                  Optimization in Hundreds of Dimensions for Vision
                  Architectures},
  volume =       28,
  year =         2013
}

@inproceedings{bi2013efficient,
  address =      {Atlanta, Georgia, USA},
  author =       {Bi, Wei and Kwok, James Tin-Yau},
  booktitle =    {Proceedings of the 30th International Conference on
                  Machine Learning (ICML)},
  month =        {June},
  note =         {\url{http://proceedings.mlr.press/v28/bi13.html}},
  pages =        {405--413},
  publisher =    {JMLR.org},
  series =       {Workshop and Conference Proceedings},
  title =        {Efficient Multi-label Classification with Many
                  Labels},
  volume =       28,
  year =         2013
}

@inproceedings{boots2013spectral,
  address =      {Atlanta, Georgia, USA},
  author =       {Boots, Byron and Gordon, Geoffrey J.},
  booktitle =    {Proceedings of the 30th International Conference on
                  Machine Learning (ICML)},
  month =        {June},
  note =
                  {\url{\url{http://proceedings.mlr.press/v28/boots13.html}}},
  openalex =     {W4297732205},
  pages =        {19--26},
  publisher =    {JMLR.org},
  series =       {Workshop and Conference Proceedings},
  title =        {A Spectral Learning Approach to Range-Only SLAM},
  volume =       28,
  year =         2013
}

@inproceedings{brechtel2013solving,
  address =      {Atlanta, Georgia, USA},
  author =       {Brechtel, Sebastian and Gindele, Tobias and
                  Dillmann, R.},
  booktitle =    {Proceedings of the 30th International Conference on
                  Machine Learning (ICML)},
  month =        {June},
  note =
                  {\url{http://proceedings.mlr.press/v28/brechtel13.html}},
  openalex =     {W123090642},
  pages =        {370--378},
  publisher =    {JMLR.org},
  series =       {Workshop and Conference Proceedings},
  title =        {Solving Continuous POMDPs: Value Iteration with
                  Incremental Learning of an Efficient Space
                  Representation},
  volume =       28,
  year =         2013
}

@inproceedings{broderick2013madbayes,
  address =      {Atlanta, Georgia, USA},
  author =       {Broderick, Tamara and Kulis, Brian and Jordan,
                  Michael I.},
  booktitle =    {Proceedings of the 30th International Conference on
                  Machine Learning (ICML)},
  month =        {June},
  note =
                  {\url{http://proceedings.mlr.press/v28/broderick13.html}},
  openalex =     {W1574850619},
  pages =        {226--234},
  publisher =    {JMLR.org},
  series =       {Workshop and Conference Proceedings},
  title =        {MAD-Bayes: MAP-based Asymptotic Derivations from
                  Bayes},
  volume =       28,
  year =         2013
}

@inproceedings{bryan2013efficient,
  address =      {Atlanta, Georgia, USA},
  author =       {Bryan, Nicholas J. and Mysore, Gautham J.},
  booktitle =    {Proceedings of the 30th International Conference on
                  Machine Learning (ICML)},
  month =        {June},
  note =         {\url{http://proceedings.mlr.press/v28/bryan13.html}},
  openalex =     {W2143513973},
  pages =        {208--216},
  publisher =    {JMLR.org},
  series =       {Workshop and Conference Proceedings},
  title =        {An Efficient Posterior Regularized Latent Variable
                  Model for Interactive Sound Source Separation},
  volume =       28,
  year =         2013
}

@inproceedings{bubeck2013multiple,
  address =      {Atlanta, Georgia, USA},
  author =       {Bubeck, Sébastien and Wang, Tengyao and Viswanathan,
                  Nitin},
  booktitle =    {Proceedings of the 30th International Conference on
                  Machine Learning (ICML)},
  month =        {June},
  note =
                  {\url{\url{http://proceedings.mlr.press/v28/bubeck13.html}}},
  openalex =     {W2963812065},
  pages =        {258--265},
  publisher =    {JMLR.org},
  series =       {Workshop and Conference Proceedings},
  title =        {Multiple Identifications in Multi-Armed Bandits},
  volume =       28,
  year =         2013
}

@inproceedings{buhler2013constrained,
  address =      {Atlanta, Georgia, USA},
  author =       {Bühler, Thomas and Rangapuram, Syama Sundar and
                  Setzer, Simon and Hein, Matthias},
  booktitle =    {Proceedings of the 30th International Conference on
                  Machine Learning (ICML)},
  month =        {June},
  note =
                  {\url{http://proceedings.mlr.press/v28/buhler13.html}},
  openalex =     {W2163772418},
  pages =        {624--632},
  publisher =    {Journal of Machine Learning Research (JMLR)},
  series =       {Workshop and Conference Proceedings},
  title =        {Constrained fractional set programs and their
                  application in local clustering and community
                  detection},
  volume =       28,
  year =         2013
}

@inproceedings{busafekete2013topk,
  address =      {Atlanta, Georgia, USA},
  author =       {Busa‐Fekete, Róbert and Szörényi, Balázs and Cheng,
                  Weiwei and Weng, Paul and Huellermeier, Eyke},
  booktitle =    {Proceedings of the 30th International Conference on
                  Machine Learning (ICML)},
  month =        {June},
  note =
                  {\url{http://proceedings.mlr.press/v28/busa-fekete13.html}},
  openalex =     {W1909146639},
  pages =        {1094--1102},
  publisher =    {JMLR.org},
  series =       {Workshop and Conference Proceedings},
  title =        {Top-k Selection based on Adaptive Sampling of Noisy
                  Preferences},
  volume =       28,
  year =         2013
}

@inproceedings{cai2013sada,
  address =      {Atlanta, Georgia, USA},
  author =       {Cai, Ruichu and Zhang, Zhenjie and Hao, Zhifeng},
  booktitle =    {Proceedings of the 30th International Conference on
                  Machine Learning (ICML)},
  month =        {June},
  note =         {\url{http://proceedings.mlr.press/v28/cai13.html}},
  openalex =     {W2169475532},
  pages =        {208--216},
  publisher =    {JMLR.org},
  series =       {JMLR Workshop and Conference Proceedings},
  title =        {SADA: A General Framework to Support Robust
                  Causation Discovery},
  volume =       28,
  year =         2013
}

@inproceedings{chaganty2013spectral,
  address =      {Atlanta, Georgia, USA},
  author =       {Chaganty, Arun Tejasvi and Liang, Percy},
  booktitle =    {Proceedings of the 30th International Conference on
                  Machine Learning (ICML)},
  month =        {June},
  note =
                  {\url{http://proceedings.mlr.press/v28/tejasvichaganty13.html}},
  openalex =     {W2124428910},
  pages =        {1040--1048},
  publisher =    {JMLR.org},
  series =       {Workshop and Conference Proceedings},
  title =        {Spectral Experts for Estimating Mixtures of Linear
                  Regressions},
  volume =       28,
  year =         2013
}

@inproceedings{chang2013canonical,
  address =      {Atlanta, Georgia, USA},
  author =       {Chang, Billy and Krüger, Uwe and Kustra, Rafal and
                  Zhang, Junping},
  booktitle =    {Proceedings of the 30th International Conference on
                  Machine Learning (ICML)},
  month =        {June},
  note =         {\url{http://proceedings.mlr.press/v28/chang13.html}},
  openalex =     {W205396393},
  pages =        {316--324},
  publisher =    {JMLR.org},
  series =       {JMLR Workshop and Conference Proceedings},
  title =        {Canonical Correlation Analysis based on
                  Hilbert-Schmidt Independence Criterion and Centered
                  Kernel Target Alignment},
  volume =       28,
  year =         2013
}

@inproceedings{chattopadhyay2013joint,
  address =      {Atlanta, Georgia, USA},
  author =       {Chattopadhyay, Rita and Fan, Wei and Davidson, Ian
                  and Panchanathan, Sethuraman and Ye, Jieping},
  booktitle =    {Proceedings of the 30th International Conference on
                  Machine Learning (ICML)},
  month =        {June},
  note =
                  {\url{http://proceedings.mlr.press/v28/chattopadhyay13.html}},
  openalex =     {W2161033259},
  pages =        {253--261},
  publisher =    {JMLR.org},
  series =       {Workshop and Conference Proceedings},
  title =        {Joint Transfer and Batch-mode Active Learning},
  volume =       28,
  year =         2013
}

@inproceedings{chatzis2013infinite,
  address =      {Atlanta, Georgia, USA},
  author =       {Chatzis, Sotirios},
  booktitle =    {Proceedings of the 30th International Conference on
                  Machine Learning (ICML)},
  month =        {June},
  note =
                  {\url{http://proceedings.mlr.press/v28/chatzis13.html}},
  openalex =     {W198438612},
  pages =        {729--737},
  publisher =    {JMLR.org},
  series =       {JMLR Workshop and Conference Proceedings},
  title =        {Infinite Markov-Switching Maximum Entropy
                  Discrimination Machines},
  volume =       28,
  year =         2013
}

@inproceedings{chen2013combinatorial,
  address =      {Atlanta, Georgia, USA},
  author =       {Chen, Wei and Wang, Yajun and Yuan, Yang},
  booktitle =    {Proceedings of the 30th International Conference on
                  Machine Learning (ICML)},
  month =        {June},
  note =
                  {\url{\url{http://proceedings.mlr.press/v28/chen13a.html}}},
  pages =        {151--159},
  publisher =    {JMLR.org},
  series =       {Workshop and Conference Proceedings},
  title =        {Combinatorial Multi-Armed Bandit: General Framework
                  and Applications},
  volume =       28,
  year =         2013
}

@inproceedings{chen2013dependent,
  address =      {Atlanta, Georgia, USA},
  author =       {Chen, Changyou and Rao, Vinayak and Buntine, Wray
                  and Teh, Yee Whye},
  booktitle =    {Proceedings of the 30th International Conference on
                  Machine Learning (ICML)},
  month =        {June},
  note =         {\url{http://proceedings.mlr.press/v28/chen13i.html}},
  openalex =     {W2133018085},
  pages =        {969--977},
  publisher =    {JMLR.org},
  series =       {JMLR Workshop and Conference Proceedings},
  title =        {Dependent Normalized Random Measures},
  volume =       28,
  year =         2013
}

@inproceedings{chen2013fast,
  address =      {Atlanta, Georgia, USA},
  author =       {Chen, Minmin and Zheng, Alice X. and Weinberger,
                  Kilian Q.},
  booktitle =    {Proceedings of the 30th International Conference on
                  Machine Learning (ICML)},
  month =        {June},
  note =         {\url{http://proceedings.mlr.press/v28/chen13j.html}},
  openalex =     {W170967611},
  pages =        {1274--1282},
  publisher =    {JMLR.org},
  series =       {Workshop and Conference Proceedings},
  title =        {Fast Image Tagging},
  volume =       28,
  year =         2013
}

@inproceedings{chen2013general,
  address =      {Atlanta, Georgia, USA},
  author =       {Chen, Tianqi and Li, Hang and Yang, Qiang and Yu,
                  Yong},
  booktitle =    {Proceedings of the 30th International Conference on
                  Machine Learning (ICML)},
  month =        {June},
  note =         {\url{http://proceedings.mlr.press/v28/chen13e.html}},
  openalex =     {W2115568497},
  pages =        {436--444},
  publisher =    {Journal of Machine Learning Research (JMLR)},
  series =       {Workshop and Conference Proceedings},
  title =        {General Functional Matrix Factorization Using
                  Gradient Boosting},
  volume =       28,
  year =         2013
}

@inproceedings{chen2013maximum,
  address =      {Atlanta, Georgia, USA},
  author =       {Chen, Wenlin and Weinberger, Kilian Q. and Chen,
                  Yixin},
  booktitle =    {Proceedings of the 30th International Conference on
                  Machine Learning (ICML)},
  month =        {June},
  note =
                  {\url{\url{http://proceedings.mlr.press/v28/chen13c.html}}},
  openalex =     {W142207546},
  pages =        {302--310},
  publisher =    {JMLR.org},
  series =       {Workshop and Conference Proceedings},
  title =        {Maximum Variance Correction with Application to A*
                  Search},
  volume =       28,
  year =         2013
}

@inproceedings{chen2013nearoptimal,
  address =      {Atlanta, Georgia, USA},
  author =       {Chen, Yuxin and Krause, Andreas},
  booktitle =    {Proceedings of the 30th International Conference on
                  Machine Learning (ICML)},
  month =        {June},
  note =
                  {\url{\url{http://proceedings.mlr.press/v28/chen13b.html}}},
  openalex =     {W2139238311},
  pages =        {160--168},
  publisher =    {JMLR.org},
  series =       {Workshop and Conference Proceedings},
  title =        {Near-optimal Batch Mode Active Learning and Adaptive
                  Submodular Optimization},
  volume =       28,
  year =         2013
}

@inproceedings{chen2013noisy,
  address =      {Atlanta, Georgia, USA},
  author =       {Chen, Yudong and Caramanis, Constantine},
  booktitle =    {Proceedings of the 30th International Conference on
                  Machine Learning (ICML)},
  month =        {June},
  note =
                  {\url{\url{http://proceedings.mlr.press/v28/chen13d.html}}},
  openalex =     {W100695655},
  pages =        {383--391},
  publisher =    {JMLR.org},
  series =       {Workshop and Conference Proceedings},
  title =        {Noisy and Missing Data Regression:
                  Distribution-Oblivious Support Recovery},
  volume =       28,
  year =         2013
}

@inproceedings{chen2013optimistic,
  address =      {Atlanta, Georgia, USA},
  author =       {Chen, Xi and Lin, Qihang and Zhou, Dengyong},
  booktitle =    {Proceedings of the 30th International Conference on
                  Machine Learning (ICML)},
  month =        {June},
  note =         {\url{http://proceedings.mlr.press/v28/chen13f.html}},
  openalex =     {W2146928171},
  pages =        {64--72},
  publisher =    {JMLR.org},
  series =       {JMLR Workshop and Conference Proceedings},
  title =        {Optimistic Knowledge Gradient Policy for Optimal
                  Budget Allocation in Crowdsourcing},
  volume =       28,
  year =         2013
}

@inproceedings{chen2013robust,
  address =      {Atlanta, Georgia, USA},
  author =       {Chen, Yudong and Caramanis, Constantine and Mannor,
                  Shie},
  booktitle =    {Proceedings of the 30th International Conference on
                  Machine Learning (ICML)},
  month =        {June},
  note =         {\url{http://proceedings.mlr.press/v28/chen13h.html}},
  openalex =     {W54422097},
  pages =        {774--782},
  publisher =    {JMLR.org},
  series =       {JMLR Workshop and Conference Proceedings},
  title =        {Robust Sparse Regression under Adversarial
                  Corruption},
  volume =       28,
  year =         2013
}

@inproceedings{chen2013spectral,
  address =      {Atlanta, Georgia, USA},
  author =       {Chen, Yuxin and Chi, Yuejie},
  booktitle =    {Proceedings of the 30th International Conference on
                  Machine Learning (ICML)},
  month =        {June},
  note =         {\url{http://proceedings.mlr.press/v28/chen13g.html}},
  openalex =     {W3106271742},
  pages =        {414--422},
  publisher =    {JMLR.org},
  series =       {Workshop and Conference Proceedings},
  title =        {Robust Spectral Compressed Sensing via Structured
                  Matrix Completion},
  volume =       28,
  year =         2013
}

@inproceedings{cheng2013riemannian,
  address =      {Atlanta, Georgia, USA},
  author =       {Cheng, Li},
  booktitle =    {Proceedings of the 30th International Conference on
                  Machine Learning (ICML)},
  month =        {June},
  note =         {\url{http://proceedings.mlr.press/v28/cheng13.html}},
  openalex =     {W2125044442},
  pages =        {540--548},
  publisher =    {JMLR.org},
  series =       {Workshop and Conference Proceedings},
  title =        {Riemannian Similarity Learning},
  volume =       28,
  year =         2013
}

@inproceedings{chevaleyre2013rounding,
  address =      {Atlanta, Georgia, USA},
  author =       {Chevaleyre, Yann and Koriche, Fr d erick and Zucker,
                  Jean‐Daniel},
  booktitle =    {Proceedings of the 30th International Conference on
                  Machine Learning (ICML)},
  month =        {June},
  note =
                  {\url{http://proceedings.mlr.press/v28/chevaleyre13.html}},
  openalex =     {W200217736},
  pages =        {651--659},
  publisher =    {Journal of Machine Learning Research (JMLR)},
  series =       {Workshop and Conference Proceedings},
  title =        {Rounding Methods for Discrete Linear Classification},
  volume =       28,
  year =         2013
}

@inproceedings{cho2013simple,
  address =      {Atlanta, Georgia, USA},
  author =       {Cho, Kyunghyun},
  booktitle =    {Proceedings of the 30th International Conference on
                  Machine Learning (ICML)},
  month =        {June},
  note =         {\url{http://proceedings.mlr.press/v28/cho13.html}},
  openalex =     {W2135184018},
  pages =        {432--440},
  publisher =    {JMLR.org},
  series =       {Workshop and Conference Proceedings},
  title =        {Simple Sparsification Improves Sparse Denoising
                  Autoencoders in Denoising Highly Corrupted Images},
  volume =       28,
  year =         2013
}

@inproceedings{chuang2013topic,
  address =      {Atlanta, Georgia, USA},
  author =       {Chuang, Jason and Gupta, Sonal and Manning,
                  Christopher D. and Heer, Jeffrey},
  booktitle =    {Proceedings of the 30th International Conference on
                  Machine Learning (ICML)},
  month =        {June},
  note =
                  {\url{http://proceedings.mlr.press/v28/chuang13.html}},
  openalex =     {W107389347},
  pages =        {612--620},
  publisher =    {JMLR.org},
  series =       {JMLR Workshop and Conference Proceedings},
  title =        {Topic Model Diagnostics: Assessing Domain Relevance
                  via Topical Alignment},
  volume =       28,
  year =         2013
}

@inproceedings{coates2013deep,
  address =      {Atlanta, Georgia, USA},
  author =       {Coates, Adam and Huval, Brody and Wang, Tao and Wu,
                  David J. and Catanzaro, Bryan and Ng, Andrew},
  booktitle =    {Proceedings of the 30th International Conference on
                  Machine Learning (ICML)},
  month =        {June},
  note =
                  {\url{http://proceedings.mlr.press/v28/coates13.html}},
  openalex =     {W2162390675},
  pages =        {1337--1345},
  publisher =    {JMLR.org},
  series =       {Workshop and Conference Proceedings},
  title =        {Deep learning with COTS HPC systems},
  volume =       28,
  year =         2013
}

@inproceedings{cortes2013multiclass,
  address =      {Atlanta, Georgia, USA},
  author =       {Cortes, Corinna and Mohri, Mehryar and Rostamizadeh,
                  Afshin},
  booktitle =    {Proceedings of the 30th International Conference on
                  Machine Learning (ICML)},
  month =        {June},
  note =
                  {\url{http://proceedings.mlr.press/v28/cortes13.html}},
  openalex =     {W131187193},
  pages =        {46--54},
  publisher =    {JMLR.org},
  series =       {JMLR Workshop and Conference Proceedings},
  title =        {Multi-Class Classification with Maximum Margin
                  Multiple Kernel},
  volume =       28,
  year =         2013
}

@inproceedings{cotter2013learning,
  address =      {Atlanta, Georgia, USA},
  author =       {Cotter, Andrew and Shalev‐Shwartz, Shai and Srebro,
                  Nati},
  booktitle =    {Proceedings of the 30th International Conference on
                  Machine Learning (ICML)},
  month =        {June},
  note =
                  {\url{\url{http://proceedings.mlr.press/v28/cotter13.html}}},
  openalex =     {W2134507744},
  pages =        {266--274},
  publisher =    {JMLR.org},
  series =       {Workshop and Conference Proceedings},
  title =        {Learning Optimally Sparse Support Vector Machines},
  volume =       28,
  year =         2013
}

@inproceedings{coviello2013that,
  address =      {Atlanta, Georgia, USA},
  author =       {Coviello, Emanuele and Mumtaz, Adeel and Chan,
                  Antoni B. and Lanckriet, Gert R. G.},
  booktitle =    {Proceedings of the 30th International Conference on
                  Machine Learning (ICML)},
  month =        {June},
  note =
                  {\url{http://proceedings.mlr.press/v28/coviello13.html}},
  pages =        {468--476},
  publisher =    {JMLR.org},
  series =       {Workshop and Conference Proceedings},
  title =        {That was fast! Speeding up NN search of high
                  dimensional distributions},
  volume =       28,
  year =         2013
}

@inproceedings{curtin2013treeindependent,
  address =      {Atlanta, Georgia, USA},
  author =       {Curtin, Ryan R. and March, William B. and Ram,
                  Parikshit and Anderson, David V. and Gray, Alexander
                  G. and Isbell, Charles L.},
  booktitle =    {Proceedings of the 30th International Conference on
                  Machine Learning (ICML)},
  month =        {June},
  note =
                  {\url{http://proceedings.mlr.press/v28/curtin13.html}},
  openalex =     {W2951478555},
  pages =        {1435--1443},
  publisher =    {Journal of Machine Learning Research (JLMR)},
  series =       {Workshop and Conference Proceedings},
  title =        {Tree-Independent Dual-Tree Algorithms},
  volume =       28,
  year =         2013
}

@inproceedings{cuturi2013mean,
  address =      {Atlanta, Georgia, USA},
  author =       {Cuturi, Marco and d'Aspremont, Alexis},
  booktitle =    {Proceedings of the 30th International Conference on
                  Machine Learning (ICML)},
  month =        {June},
  note =
                  {\url{http://proceedings.mlr.press/v28/cuturi13.html}},
  pages =        {271--279},
  publisher =    {JMLR.org},
  series =       {Workshop and Conference Proceedings},
  title =        {Mean Reversion with a Variance Threshold},
  volume =       28,
  year =         2013
}

@inproceedings{dalalyan2013learning,
  address =      {Atlanta, Georgia, USA},
  author =       {Dalalyan, Arnak S. and Hebiri, Mohamed and Méziani,
                  Katia and Salmon, Joseph},
  booktitle =    {Proceedings of the 30th International Conference on
                  Machine Learning (ICML)},
  month =        {June},
  note =
                  {\url{http://proceedings.mlr.press/v28/dalalyan13.html}},
  openalex =     {W2148131334},
  pages =        {379--387},
  publisher =    {JMLR.org},
  series =       {Workshop and Conference Proceedings},
  title =        {Learning Heteroscedastic Models by Convex
                  Programming under Group Sparsity},
  volume =       28,
  year =         2013
}

@inproceedings{das2013subtle,
  address =      {Atlanta, Georgia, USA},
  author =       {Das, Mrinal Kanti and Bhattacharya, Suparna and
                  Research-India, Ibm and Bhattacharyya, Chiranjib and
                  Gopinath, K.},
  booktitle =    {Proceedings of the 30th International Conference on
                  Machine Learning (ICML)},
  month =        {June},
  note =         {\url{http://proceedings.mlr.press/v28/das13.html}},
  openalex =     {W2184634580},
  pages =        {253--261},
  publisher =    {JMLR.org},
  series =       {JMLR Workshop and Conference Proceedings},
  title =        {Supplementary material for Subtle Topic Models and
                  Discovering Subtly Manifested Software Concerns
                  Automatically},
  volume =       28,
  year =         2013
}

@inproceedings{dekel2013better,
  address =      {Atlanta, Georgia, USA},
  author =       {Dekel, Ofer and Hazan, Elad},
  booktitle =    {Proceedings of the 30th International Conference on
                  Machine Learning (ICML)},
  month =        {June},
  note =         {\url{http://proceedings.mlr.press/v28/dekel13.html}},
  openalex =     {W2161853425},
  pages =        {675--683},
  publisher =    {JMLR.org},
  series =       {JMLR Workshop and Conference Proceedings},
  title =        {Better Rates for Any Adversarial Deterministic MDP},
  volume =       28,
  year =         2013
}

@inproceedings{dembczynski2013optimizing,
  address =      {Atlanta, Georgia, USA},
  author =       {Dembczyński, Krzysztof and Jachnik, Arkadiusz and
                  Kotłowski, Wojciech and Waegeman, Willem and
                  Huellermeier, Eyke},
  booktitle =    {Proceedings of the 30th International Conference on
                  Machine Learning (ICML)},
  month =        {June},
  note =
                  {\url{http://proceedings.mlr.press/v28/dembczynski13.html}},
  openalex =     {W2152089394},
  pages =        {1130--1138},
  publisher =    {JMLR.org},
  series =       {Workshop and Conference Proceedings},
  title =        {Optimizing the F-Measure in Multi-Label
                  Classification: Plug-in Rule Approach versus
                  Structured Loss Minimization},
  volume =       28,
  year =         2013
}

@inproceedings{denil2013consistency,
  address =      {Atlanta, Georgia, USA},
  author =       {Denil, Misha and Matheson, David S. and Freitas,
                  Nando de},
  booktitle =    {Proceedings of the 30th International Conference on
                  Machine Learning (ICML)},
  month =        {June},
  note =         {\url{http://proceedings.mlr.press/v28/denil13.html}},
  openalex =     {W2949588583},
  pages =        {1256--1264},
  publisher =    {JMLR.org},
  series =       {Workshop and Conference Proceedings},
  title =        {Consistency of Online Random Forests},
  volume =       28,
  year =         2013
}

@inproceedings{dimitrakakis2013abc,
  address =      {Atlanta, Georgia, USA},
  author =       {Dimitrakakis, Christos and Tziortziotis, Nikolaos},
  booktitle =    {Proceedings of the 30th International Conference on
                  Machine Learning (ICML)},
  month =        {June},
  note =
                  {\url{http://proceedings.mlr.press/v28/dimitrakakis13.html}},
  openalex =     {W2950148813},
  pages =        {684--692},
  publisher =    {JMLR.org},
  series =       {JMLR Workshop and Conference Proceedings},
  title =        {ABC Reinforcement Learning},
  volume =       28,
  year =         2013
}

@inproceedings{ding2013topic,
  address =      {Atlanta, Georgia, USA},
  author =       {Ding, Weicong and Rohban, Mohammad Hossein and
                  Ishwar, Prakash and Saligrama, Venkatesh},
  booktitle =    {Proceedings of the 30th International Conference on
                  Machine Learning (ICML)},
  month =        {June},
  note =         {\url{http://proceedings.mlr.press/v28/ding13.html}},
  openalex =     {W1549064306},
  pages =        {1202--1210},
  publisher =    {JMLR.org},
  series =       {Workshop and Conference Proceedings},
  title =        {Topic Discovery through Data Dependent and Random
                  Projections},
  volume =       28,
  year =         2013
}

@inproceedings{do2013convex,
  address =      {Atlanta, Georgia, USA},
  author =       {Do, Huyen and Kalousis, Alexandros},
  booktitle =    {Proceedings of the 30th International Conference on
                  Machine Learning (ICML)},
  month =        {June},
  note =
                  {\url{\url{http://proceedings.mlr.press/v28/do13.html}}},
  openalex =     {W2103959632},
  pages =        {169--177},
  publisher =    {JMLR.org},
  series =       {Workshop and Conference Proceedings},
  title =        {Convex formulations of radius-margin based Support
                  Vector Machines},
  volume =       28,
  year =         2013
}

@inproceedings{droniou2013gated,
  address =      {Atlanta, Georgia, USA},
  author =       {Droniou, Alain and Sigaud, Olivier},
  booktitle =    {Proceedings of the 30th International Conference on
                  Machine Learning (ICML)},
  month =        {June},
  note =         {\url{http://proceedings.mlr.press/v28/alain13.html}},
  openalex =     {W1575262777},
  pages =        {154--162},
  publisher =    {JMLR.org},
  series =       {JMLR Workshop and Conference Proceedings},
  title =        {Gated Autoencoders with Tied Input Weights},
  volume =       28,
  year =         2013
}

@inproceedings{durrant2013sharp,
  address =      {Atlanta, Georgia, USA},
  author =       {Durrant, Robert J. and Kabán, Ata},
  booktitle =    {Proceedings of the 30th International Conference on
                  Machine Learning (ICML)},
  month =        {June},
  note =
                  {\url{http://proceedings.mlr.press/v28/durrant13.html}},
  openalex =     {W2146182710},
  pages =        {693--701},
  publisher =    {JMLR.org},
  series =       {JMLR Workshop and Conference Proceedings},
  title =        {Sharp Generalization Error Bounds for
                  Randomly-projected Classifiers},
  volume =       28,
  year =         2013
}

@inproceedings{duvenaud2013structure,
  address =      {Atlanta, Georgia, USA},
  author =       {Duvenaud, David and Lloyd, James Robert and Grosse,
                  Roger and Tenenbaum, Joshua B. and Ghahramani,
                  Zoubin},
  booktitle =    {Proceedings of the 30th International Conference on
                  Machine Learning (ICML)},
  month =        {June},
  note =
                  {\url{http://proceedings.mlr.press/v28/duvenaud13.html}},
  openalex =     {W2142959074},
  pages =        {1166--1174},
  publisher =    {JMLR.org},
  series =       {Workshop and Conference Proceedings},
  title =        {Structure Discovery in Nonparametric Regression
                  through Compositional Kernel Search},
  volume =       28,
  year =         2013
}

@inproceedings{ermon2013taming,
  address =      {Atlanta, Georgia, USA},
  author =       {Ermon, Stefano and Gomes, Carla P. and Sabharwal,
                  Ashish and Selman, Bart},
  booktitle =    {Proceedings of the 30th International Conference on
                  Machine Learning (ICML)},
  month =        {June},
  note =         {\url{http://proceedings.mlr.press/v28/ermon13.html}},
  openalex =     {W2126111067},
  pages =        {334--342},
  publisher =    {JMLR.org},
  series =       {JMLR Workshop and Conference Proceedings},
  title =        {Taming the Curse of Dimensionality: Discrete
                  Integration by Hashing and Optimization},
  volume =       28,
  year =         2013
}

@inproceedings{erol2013extended,
  address =      {Atlanta, Georgia, USA},
  author =       {Erol, Yusuf and Li, Lei and Ramsundar, Bharath and
                  Russell, Stuart},
  booktitle =    {Proceedings of the 30th International Conference on
                  Machine Learning (ICML)},
  month =        {June},
  note =
                  {\url{http://proceedings.mlr.press/v28/bugraerol13.html}},
  pages =        {1103--1111},
  publisher =    {JMLR.org},
  series =       {Workshop and Conference Proceedings},
  title =        {The Extended Parameter Filter},
  volume =       28,
  year =         2013
}

@inproceedings{ganeshapillai2013learning,
  address =      {Atlanta, Georgia, USA},
  author =       {Ganeshapillai, Gartheeban and Guttag, John V. and
                  Lo, Andrew},
  booktitle =    {Proceedings of the 30th International Conference on
                  Machine Learning (ICML)},
  month =        {June},
  note =
                  {\url{http://proceedings.mlr.press/v28/ganeshapillai13.html}},
  pages =        {109--117},
  publisher =    {Journal of Machine Learning Research (JMLR)},
  series =       {Workshop and Conference Proceedings},
  title =        {Learning Connections in Financial Time Series},
  volume =       28,
  year =         2013
}

@inproceedings{gao2013onepass,
  address =      {Atlanta, Georgia, USA},
  author =       {Gao, Wei and Jin, Rong and Zhu, Shenghuo and Zhou,
                  Zhi‐Hua},
  booktitle =    {Proceedings of the 30th International Conference on
                  Machine Learning (ICML)},
  month =        {June},
  note =         {\url{http://proceedings.mlr.press/v28/gao13.html}},
  openalex =     {W2950094835},
  pages =        {906--914},
  publisher =    {JMLR.org},
  series =       {JMLR Workshop and Conference Proceedings},
  title =        {One-Pass AUC Optimization},
  volume =       28,
  year =         2013
}

@inproceedings{gens2013learning,
  address =      {Atlanta, Georgia, USA},
  author =       {Gens, Robert and Domingos, Pedro M.},
  booktitle =    {Proceedings of the 30th International Conference on
                  Machine Learning (ICML)},
  month =        {June},
  note =         {\url{http://proceedings.mlr.press/v28/gens13.html}},
  pages =        {873--880},
  publisher =    {JMLR.org},
  series =       {JMLR Workshop and Conference Proceedings},
  title =        {Learning the Structure of Sum-Product Networks},
  volume =       28,
  year =         2013
}

@inproceedings{georgiev2013noniid,
  address =      {Atlanta, Georgia, USA},
  author =       {Georgiev, Kostadin B. and Nakov, Preslav},
  booktitle =    {Proceedings of the 30th International Conference on
                  Machine Learning (ICML)},
  month =        {June},
  note =
                  {\url{http://proceedings.mlr.press/v28/georgiev13.html}},
  openalex =     {W2116802659},
  pages =        {1148--1156},
  publisher =    {JMLR.org},
  series =       {Workshop and Conference Proceedings},
  title =        {A non-IID Framework for Collaborative Filtering with
                  Restricted Boltzmann Machines},
  volume =       28,
  year =         2013
}

@inproceedings{geras2013multiplesource,
  address =      {Atlanta, Georgia, USA},
  author =       {Geras, Krzysztof J. and Sutton, Charles},
  booktitle =    {Proceedings of the 30th International Conference on
                  Machine Learning (ICML)},
  month =        {June},
  note =         {\url{http://proceedings.mlr.press/v28/geras13.html}},
  openalex =     {W2607542571},
  pages =        {1292--1300},
  publisher =    {JMLR.org},
  series =       {Workshop and Conference Proceedings},
  title =        {Multiple-source cross-validation},
  volume =       28,
  year =         2013
}

@inproceedings{germain2013pacbayesian,
  address =      {Atlanta, Georgia, USA},
  author =       {Germain, Pascal and Habrard, Amaury and Laviolette,
                  François and Morvant, Emilie},
  booktitle =    {Proceedings of the 30th International Conference on
                  Machine Learning (ICML)},
  month =        {June},
  note =
                  {\url{http://proceedings.mlr.press/v28/germain13.html}},
  openalex =     {W2141067830},
  pages =        {738--746},
  publisher =    {JMLR.org},
  series =       {JMLR Workshop and Conference Proceedings},
  title =        {A PAC-Bayesian Approach for Domain Adaptation with
                  Specialization to Linear Classifiers},
  volume =       28,
  year =         2013
}

@inproceedings{gilboa2013scaling,
  address =      {Atlanta, Georgia, USA},
  author =       {Gilboa, Elad and Saat, Yunus and Cunningham, John
                  P.},
  booktitle =    {Proceedings of the 30th International Conference on
                  Machine Learning (ICML)},
  month =        {June},
  note =
                  {\url{http://proceedings.mlr.press/v28/gilboa13.html}},
  openalex =     {W2150959049},
  pages =        {454--461},
  publisher =    {Journal of Machine Learning Research (JMLR)},
  series =       {Workshop and Conference Proceedings},
  title =        {Scaling Multidimensional Gaussian Processes using
                  Projected Additive Approximations},
  volume =       28,
  year =         2013
}

@inproceedings{girshick2013discriminatively,
  address =      {Atlanta, Georgia, USA},
  author =       {Girshick, Ross and Song, Hyun Oh and Darrell,
                  Trevor},
  booktitle =    {Proceedings of the 30th International Conference on
                  Machine Learning (ICML)},
  month =        {June},
  note =
                  {\url{\url{http://proceedings.mlr.press/v28/girshick13.html}}},
  openalex =     {W1481552826},
  pages =        {196--204},
  publisher =    {JMLR.org},
  series =       {Workshop and Conference Proceedings},
  title =        {Discriminatively Activated Sparselets},
  volume =       28,
  year =         2013
}

@inproceedings{gittens2013revisiting,
  address =      {Atlanta, Georgia, USA},
  author =       {Gittens, Alex and Mahoney, Michael W.},
  booktitle =    {Proceedings of the 30th International Conference on
                  Machine Learning (ICML)},
  month =        {June},
  note =
                  {\url{http://proceedings.mlr.press/v28/gittens13.html}},
  openalex =     {W2616038372},
  pages =        {567--575},
  publisher =    {JMLR.org},
  series =       {Workshop and Conference Proceedings},
  title =        {Revisiting the Nystrom Method for Improved
                  Large-Scale Machine Learning},
  volume =       28,
  year =         2013
}

@inproceedings{goerg2013forecastable,
  address =      {Atlanta, Georgia, USA},
  author =       {Goerg, Georg M.},
  booktitle =    {Proceedings of the 30th International Conference on
                  Machine Learning (ICML)},
  month =        {June},
  note =         {\url{http://proceedings.mlr.press/v28/goerg13.html}},
  openalex =     {W2158890446},
  pages =        {64--72},
  publisher =    {Journal of Machine Learning Research (JMLR)},
  series =       {Workshop and Conference Proceedings},
  title =        {Forecastable Component Analysis},
  volume =       28,
  year =         2013
}

@inproceedings{golovin2013largescale,
  address =      {Atlanta, Georgia, USA},
  author =       {Golovin, Daniel and Sculley, D. and McMahan, Brendan
                  and Young, Michael},
  booktitle =    {Proceedings of the 30th International Conference on
                  Machine Learning (ICML)},
  month =        {June},
  note =
                  {\url{http://proceedings.mlr.press/v28/golovin13.html}},
  openalex =     {W2110833841},
  pages =        {325--333},
  publisher =    {JMLR.org},
  series =       {JMLR Workshop and Conference Proceedings},
  title =        {Large-Scale Learning with Less RAM via
                  Randomization},
  volume =       28,
  year =         2013
}

@inproceedings{golub2013learning,
  address =      {Atlanta, Georgia, USA},
  author =       {Golub, Matthew D. and Chase, Steven M. and Yu, Byron
                  M.},
  booktitle =    {Proceedings of the 30th International Conference on
                  Machine Learning (ICML)},
  month =        {June},
  note =         {\url{http://proceedings.mlr.press/v28/golub13.html}},
  openalex =     {W2125392972},
  pages =        {606--614},
  publisher =    {Journal of Machine Learning Research (JMLR)},
  series =       {Workshop and Conference Proceedings},
  title =        {Learning an Internal Dynamics Model from Control
                  Demonstration.},
  volume =       28,
  year =         2013
}

@inproceedings{gomezrodriguez2013modeling,
  address =      {Atlanta, Georgia, USA},
  author =       {Gomez-Rodriguez, Manuel and Leskovec, Jure and
                  Schlkopf, Bernhard},
  booktitle =    {Proceedings of the 30th International Conference on
                  Machine Learning (ICML)},
  month =        {June},
  note =
                  {\url{http://proceedings.mlr.press/v28/gomez-rodriguez13.html}},
  openalex =     {W2164067128},
  pages =        {666--674},
  publisher =    {JMLR.org},
  series =       {JMLR Workshop and Conference Proceedings},
  title =        {Modeling Information Propagation with Survival
                  Theory},
  volume =       28,
  year =         2013
}

@inproceedings{gonen2013efficient,
  address =      {Atlanta, Georgia, USA},
  author =       {Gonen, Alon and Sabato, Sivan and Shalev‐Shwartz,
                  Shai},
  booktitle =    {Proceedings of the 30th International Conference on
                  Machine Learning (ICML)},
  month =        {June},
  note =         {\url{http://proceedings.mlr.press/v28/gonen13.html}},
  openalex =     {W2616638094},
  pages =        {480--488},
  publisher =    {Journal of Machine Learning Research (JMLR)},
  series =       {Workshop and Conference Proceedings},
  title =        {Efficient active learning of halfspaces: an
                  aggressive approach},
  volume =       28,
  year =         2013
}

@inproceedings{gong2013connecting,
  address =      {Atlanta, Georgia, USA},
  author =       {Gong, Boqing and Grauman, Kristen and Sha, Fei},
  booktitle =    {Proceedings of the 30th International Conference on
                  Machine Learning (ICML)},
  month =        {June},
  note =
                  {\url{\url{http://proceedings.mlr.press/v28/gong13.html}}},
  openalex =     {W2158815628},
  pages =        {222--230},
  publisher =    {JMLR.org},
  series =       {Workshop and Conference Proceedings},
  title =        {Connecting the Dots with Landmarks: Discriminatively
                  Learning Domain-Invariant Features for Unsupervised
                  Domain Adaptation},
  volume =       28,
  year =         2013
}

@inproceedings{gong2013general,
  address =      {Atlanta, Georgia, USA},
  author =       {Gong, Pinghua and Zhang, Changshui and Lu, Zhaosong
                  and Huang, Jianhua Z. and Ye, Jieping},
  booktitle =    {Proceedings of the 30th International Conference on
                  Machine Learning (ICML)},
  month =        {June},
  note =         {\url{http://proceedings.mlr.press/v28/gong13a.html}},
  openalex =     {W2154231875},
  pages =        {37--45},
  publisher =    {Journal of Machine Learning Research (JMLR)},
  series =       {Workshop and Conference Proceedings},
  title =        {A General Iterative Shrinkage and Thresholding
                  Algorithm for Non-convex Regularized Optimization
                  Problems.},
  volume =       28,
  year =         2013
}

@inproceedings{goodfellow2013maxout,
  address =      {Atlanta, Georgia, USA},
  author =       {Goodfellow, Ian and Warde-Farley, David and Mirza,
                  Mehdi and Courville, Aaron and Bengio, Yoshua},
  booktitle =    {Proceedings of the 30th International Conference on
                  Machine Learning (ICML)},
  month =        {June},
  note =
                  {\url{http://proceedings.mlr.press/v28/goodfellow13.html}},
  openalex =     {W2294059674},
  pages =        {1319--1327},
  publisher =    {JMLR.org},
  series =       {Workshop and Conference Proceedings},
  title =        {Maxout Networks},
  volume =       28,
  year =         2013
}

@inproceedings{gopal2013distributed,
  address =      {Atlanta, Georgia, USA},
  author =       {Gopal, Siddharth and Yang, Yiming},
  booktitle =    {Proceedings of the 30th International Conference on
                  Machine Learning (ICML)},
  month =        {June},
  note =         {\url{http://proceedings.mlr.press/v28/gopal13.html}},
  openalex =     {W2101153329},
  pages =        {289--297},
  publisher =    {JMLR.org},
  series =       {JMLR Workshop and Conference Proceedings},
  title =        {Distributed training of Large-scale Logistic models},
  volume =       28,
  year =         2013
}

@inproceedings{gopi2013onebit,
  address =      {Atlanta, Georgia, USA},
  author =       {Gopi, Sivakant and Netrapalli, Praneeth and Jain,
                  Prateek and Nori, Aditya},
  booktitle =    {Proceedings of the 30th International Conference on
                  Machine Learning (ICML)},
  month =        {June},
  note =         {\url{http://proceedings.mlr.press/v28/gopi13.html}},
  openalex =     {W182164380},
  pages =        {154--162},
  publisher =    {JMLR.org},
  series =       {JMLR Workshop and Conference Proceedings},
  title =        {One-Bit Compressed Sensing: Provable Support and
                  Vector Recovery},
  volume =       28,
  year =         2013
}

@inproceedings{goschin2013crossentropy,
  address =      {Atlanta, Georgia, USA},
  author =       {Goschin, Sergiu and Weinstein, Ari and Littman,
                  Michael L.},
  booktitle =    {Proceedings of the 30th International Conference on
                  Machine Learning (ICML)},
  month =        {June},
  note =
                  {\url{http://proceedings.mlr.press/v28/goschin13.html}},
  openalex =     {W2106535143},
  pages =        {1193--1201},
  publisher =    {JMLR.org},
  series =       {Workshop and Conference Proceedings},
  title =        {The Cross-Entropy Method Optimizes for Quantiles},
  volume =       28,
  year =         2013
}

@inproceedings{grinberg2013average,
  address =      {Atlanta, Georgia, USA},
  author =       {Grinberg, Yuri and Precup, Doina},
  booktitle =    {Proceedings of the 30th International Conference on
                  Machine Learning (ICML)},
  month =        {June},
  note =
                  {\url{\url{http://proceedings.mlr.press/v28/grinberg13.html}}},
  openalex =     {W2167748058},
  pages =        {320--328},
  publisher =    {JMLR.org},
  series =       {Workshop and Conference Proceedings},
  title =        {Average Reward Optimization Objective In Partially
                  Observable Domains},
  volume =       28,
  year =         2013
}

@inproceedings{großhans2013bayesian,
  address =      {Atlanta, Georgia, USA},
  author =       {hans, Michael Gro and Sawade, Christoph and ckner,
                  Michael Br and Scheffer, Tobias},
  booktitle =    {Proceedings of the 30th International Conference on
                  Machine Learning (ICML)},
  month =        {June},
  note =
                  {\url{http://proceedings.mlr.press/v28/grosshans13.html}},
  openalex =     {W2149836368},
  pages =        {55--63},
  publisher =    {JMLR.org},
  series =       {JMLR Workshop and Conference Proceedings},
  title =        {Bayesian Games for Adversarial Regression Problems},
  volume =       28,
  year =         2013
}

@inproceedings{grunewalder2013smooth,
  address =      {Atlanta, Georgia, USA},
  author =       {Grünewälder, Steffen and Gretton, Arthur and
                  Shawe‐Taylor, John},
  booktitle =    {Proceedings of the 30th International Conference on
                  Machine Learning (ICML)},
  month =        {June},
  note =
                  {\url{http://proceedings.mlr.press/v28/grunewalder13.html}},
  openalex =     {W2295593024},
  pages =        {1184--1192},
  publisher =    {JMLR.org},
  series =       {Workshop and Conference Proceedings},
  title =        {Smooth Operators},
  volume =       28,
  year =         2013
}

@inproceedings{gupta2013factorial,
  address =      {Atlanta, Georgia, USA},
  author =       {Gupta, Sunil Kumar and Phung, Dinh Q. and Venkatesh,
                  Svetha},
  booktitle =    {Proceedings of the 30th International Conference on
                  Machine Learning (ICML)},
  month =        {June},
  note =
                  {\url{http://proceedings.mlr.press/v28/gupta13a.html}},
  pages =        {657--665},
  publisher =    {JMLR.org},
  series =       {JMLR Workshop and Conference Proceedings},
  title =        {Factorial Multi-Task Learning : A Bayesian
                  Nonparametric Approach},
  volume =       28,
  year =         2013
}

@inproceedings{gupta2013natural,
  address =      {Atlanta, Georgia, USA},
  author =       {Gupta, Ashish and Ayhan, Murat and Maida, Anthony},
  booktitle =    {Proceedings of the 30th International Conference on
                  Machine Learning (ICML)},
  month =        {June},
  note =
                  {\url{http://proceedings.mlr.press/v28/gupta13b.html}},
  pages =        {987--994},
  publisher =    {JMLR.org},
  series =       {Workshop and Conference Proceedings},
  title =        {Natural Image Bases to Represent Neuroimaging Data},
  volume =       28,
  year =         2013
}

@inproceedings{gönen2013kernelized,
  address =      {Atlanta, Georgia, USA},
  author =       {nen, Mehmet G and Khan, Suleiman A. and Kaski,
                  Samuel},
  booktitle =    {Proceedings of the 30th International Conference on
                  Machine Learning (ICML)},
  month =        {June},
  note =
                  {\url{http://proceedings.mlr.press/v28/gonen13a.html}},
  openalex =     {W1482422241},
  pages =        {864--872},
  publisher =    {JMLR.org},
  series =       {JMLR Workshop and Conference Proceedings},
  title =        {Kernelized Bayesian Matrix Factorization},
  volume =       28,
  year =         2013
}

@inproceedings{hall2013dynamical,
  address =      {Atlanta, Georgia, USA},
  author =       {Hall, Eric C. and Willett, Rebecca},
  booktitle =    {Proceedings of the 30th International Conference on
                  Machine Learning (ICML)},
  month =        {June},
  note =         {\url{http://proceedings.mlr.press/v28/hall13.html}},
  openalex =     {W2964148637},
  pages =        {579--587},
  publisher =    {Journal of Machine Learning Research (JMLR)},
  series =       {Workshop and Conference Proceedings},
  title =        {Dynamical Models and tracking regret in online
                  convex programming},
  volume =       28,
  year =         2013
}

@inproceedings{hamilton2013modelling,
  address =      {Atlanta, Georgia, USA},
  author =       {Hamilton, William L. and Fard, Mahdi Milani and
                  Pineau, Joëlle},
  booktitle =    {Proceedings of the 30th International Conference on
                  Machine Learning (ICML)},
  month =        {June},
  note =
                  {\url{\url{http://proceedings.mlr.press/v28/hamilton13.html}}},
  openalex =     {W1528086278},
  pages =        {178--186},
  publisher =    {JMLR.org},
  series =       {Workshop and Conference Proceedings},
  title =        {Modelling Sparse Dynamical Systems with Compressed
                  Predictive State Representations},
  volume =       28,
  year =         2013
}

@inproceedings{han2013principal,
  address =      {Atlanta, Georgia, USA},
  author =       {Han, Fang and Liu, Han},
  booktitle =    {Proceedings of the 30th International Conference on
                  Machine Learning (ICML)},
  month =        {June},
  note =
                  {\url{\url{http://proceedings.mlr.press/v28/han13.html}}},
  openalex =     {W174338658},
  pages =        {240--248},
  publisher =    {JMLR.org},
  series =       {Workshop and Conference Proceedings},
  title =        {Principal Component Analysis on non-Gaussian
                  Dependent Data},
  volume =       28,
  year =         2013
}

@inproceedings{han2013transition,
  address =      {Atlanta, Georgia, USA},
  author =       {Han, Fang and Liu, Han},
  booktitle =    {Proceedings of the 30th International Conference on
                  Machine Learning (ICML)},
  month =        {June},
  note =         {\url{http://proceedings.mlr.press/v28/han13a.html}},
  openalex =     {W2103561022},
  pages =        {172--180},
  publisher =    {JMLR.org},
  series =       {JMLR Workshop and Conference Proceedings},
  title =        {Transition Matrix Estimation in High Dimensional
                  Time Series},
  volume =       28,
  year =         2013
}

@inproceedings{hanczar2013precisionrecall,
  address =      {Atlanta, Georgia, USA},
  author =       {Hanczar, Blaise and Nadif, Mohamed},
  booktitle =    {Proceedings of the 30th International Conference on
                  Machine Learning (ICML)},
  month =        {June},
  note =
                  {\url{http://proceedings.mlr.press/v28/hanczar13.html}},
  openalex =     {W2133889774},
  pages =        {136--144},
  publisher =    {Journal of Machine Learning Research (JMLR)},
  series =       {Workshop and Conference Proceedings},
  title =        {Precision-recall space to correct external indices
                  for biclustering},
  volume =       28,
  year =         2013
}

@inproceedings{heaukulani2013dynamic,
  address =      {Atlanta, Georgia, USA},
  author =       {Heaukulani, Creighton and Ghahramani, Zoubin},
  booktitle =    {Proceedings of the 30th International Conference on
                  Machine Learning (ICML)},
  month =        {June},
  note =
                  {\url{\url{http://proceedings.mlr.press/v28/heaukulani13.html}}},
  openalex =     {W114560312},
  pages =        {275--283},
  publisher =    {JMLR.org},
  series =       {Workshop and Conference Proceedings},
  title =        {Dynamic Probabilistic Models for Latent Feature
                  Propagation in Social Networks},
  volume =       28,
  year =         2013
}

@inproceedings{hennig2013fast,
  address =      {Atlanta, Georgia, USA},
  author =       {Hennig, Philipp},
  booktitle =    {Proceedings of the 30th International Conference on
                  Machine Learning (ICML)},
  month =        {June},
  note =
                  {\url{\url{http://proceedings.mlr.press/v28/hennig13.html}}},
  openalex =     {W2164447077},
  pages =        {62--70},
  publisher =    {JMLR.org},
  series =       {Workshop and Conference Proceedings},
  title =        {Fast Probabilistic Optimization from Noisy
                  Gradients},
  volume =       28,
  year =         2013
}

@inproceedings{herlau2013modeling,
  address =      {Atlanta, Georgia, USA},
  author =       {Herlau, Tue and Mrup, Morten and Schmidt, Mikkel N.},
  booktitle =    {Proceedings of the 30th International Conference on
                  Machine Learning (ICML)},
  month =        {June},
  note =
                  {\url{http://proceedings.mlr.press/v28/herlau13.html}},
  openalex =     {W1581691891},
  pages =        {960--968},
  publisher =    {JMLR.org},
  series =       {JMLR Workshop and Conference Proceedings},
  title =        {Modeling Temporal Evolution and Multiscale Structure
                  in Networks},
  volume =       28,
  year =         2013
}

@inproceedings{ho2013adaptive,
  address =      {Atlanta, Georgia, USA},
  author =       {Ho, Chien-Ju and Jabbari, Shahin and Vaughan,
                  Jennifer Wortman},
  booktitle =    {Proceedings of the 30th International Conference on
                  Machine Learning (ICML)},
  month =        {June},
  note =         {\url{http://proceedings.mlr.press/v28/ho13.html}},
  openalex =     {W1497882404},
  pages =        {534--542},
  publisher =    {Journal of Machine Learning Research (JMLR)},
  series =       {Workshop and Conference Proceedings},
  title =        {Adaptive Task Assignment for Crowdsourced
                  Classification},
  volume =       28,
  year =         2013
}

@inproceedings{ho2013on,
  address =      {Atlanta, Georgia, USA},
  author =       {Xie, Yuchen and Ho, Jeffrey and Vemuri, Baba C.},
  booktitle =    {Proceedings of the 30th International Conference on
                  Machine Learning (ICML)},
  month =        {June},
  note =         {\url{http://proceedings.mlr.press/v28/ho13a.html}},
  openalex =     {W2147942061},
  pages =        {1480--1488},
  publisher =    {Journal of Machine Learning Research (JLMR)},
  series =       {Workshop and Conference Proceedings},
  title =        {On A Nonlinear Generalization of Sparse Coding and
                  Dictionary Learning.},
  volume =       28,
  year =         2013
}

@inproceedings{hocking2013learning,
  address =      {Atlanta, Georgia, USA},
  author =       {Hocking, Toby and Rigaill, Guillem and Vert,
                  Jean-Philippe and Bach, Francis R.},
  booktitle =    {Proceedings of the 30th International Conference on
                  Machine Learning (ICML)},
  month =        {June},
  note =
                  {\url{http://proceedings.mlr.press/v28/hocking13.html}},
  pages =        {172--180},
  publisher =    {JMLR.org},
  series =       {JMLR Workshop and Conference Proceedings},
  title =        {Learning Sparse Penalties for Change-point Detection
                  using Max Margin Interval Regression},
  volume =       28,
  year =         2013
}

@inproceedings{honorio2013twosided,
  address =      {Atlanta, Georgia, USA},
  author =       {Honorio, Jean and Jaakkola, Tommi S.},
  booktitle =    {Proceedings of the 30th International Conference on
                  Machine Learning (ICML)},
  month =        {June},
  note =
                  {\url{http://proceedings.mlr.press/v28/honorio13.html}},
  pages =        {459--467},
  publisher =    {JMLR.org},
  series =       {Workshop and Conference Proceedings},
  title =        {Two-Sided Exponential Concentration Bounds for Bayes
                  Error Rate and Shannon Entropy},
  volume =       28,
  year =         2013
}

@inproceedings{huang2013spectral,
  address =      {Atlanta, Georgia, USA},
  author =       {Huang, Tzu-Kuo and Schneider, Jeff},
  booktitle =    {Proceedings of the 30th International Conference on
                  Machine Learning (ICML)},
  month =        {June},
  note =         {\url{http://proceedings.mlr.press/v28/huang13.html}},
  openalex =     {W2157082798},
  pages =        {630--638},
  publisher =    {JMLR.org},
  series =       {JMLR Workshop and Conference Proceedings},
  title =        {Spectral Learning of Hidden Markov Models from
                  Dynamic and Static Data},
  volume =       28,
  year =         2013
}

@inproceedings{hui2013direct,
  address =      {Atlanta, Georgia, USA},
  author =       {Hui, Ka Yu},
  booktitle =    {Proceedings of the 30th International Conference on
                  Machine Learning (ICML)},
  month =        {June},
  note =         {\url{http://proceedings.mlr.press/v28/yuhui13.html}},
  openalex =     {W2104854090},
  pages =        {352--360},
  publisher =    {JMLR.org},
  series =       {JMLR Workshop and Conference Proceedings},
  title =        {Direct Modeling of Complex Invariances for Visual
                  Object Features},
  volume =       28,
  year =         2013
}

@inproceedings{hwang2013analogypreserving,
  address =      {Atlanta, Georgia, USA},
  author =       {Hwang, Sung Ju and Grauman, Kristen and Sha, Fei},
  booktitle =    {Proceedings of the 30th International Conference on
                  Machine Learning (ICML)},
  month =        {June},
  note =
                  {\url{http://proceedings.mlr.press/v28/juhwang13.html}},
  openalex =     {W2146937173},
  pages =        {639--647},
  publisher =    {JMLR.org},
  series =       {JMLR Workshop and Conference Proceedings},
  title =        {Analogy-preserving Semantic Embedding for Visual
                  Object Categorization},
  volume =       28,
  year =         2013
}

@inproceedings{ishteva2013unfolding,
  address =      {Atlanta, Georgia, USA},
  author =       {Ishteva, Mariya and Park, Haesun and Song, Le},
  booktitle =    {Proceedings of the 30th International Conference on
                  Machine Learning (ICML)},
  month =        {June},
  note =
                  {\url{http://proceedings.mlr.press/v28/ishteva13.html}},
  openalex =     {W2115794938},
  pages =        {316--324},
  publisher =    {JMLR.org},
  series =       {Workshop and Conference Proceedings},
  title =        {Unfolding Latent Tree Structures using 4th Order
                  Tensors},
  volume =       28,
  year =         2013
}

@inproceedings{iyer2013fast,
  address =      {Atlanta, Georgia, USA},
  author =       {Iyer, Rishabh and Jegelka, Stefanie and Bilmes,
                  Jeff},
  booktitle =    {Proceedings of the 30th International Conference on
                  Machine Learning (ICML)},
  month =        {June},
  note =         {\url{http://proceedings.mlr.press/v28/iyer13.html}},
  openalex =     {W1510950165},
  pages =        {855--863},
  publisher =    {JMLR.org},
  series =       {JMLR Workshop and Conference Proceedings},
  title =        {Fast Semidifferential-based Submodular Function
                  Optimization},
  volume =       28,
  year =         2013
}

@inproceedings{izbicki2013algebraic,
  address =      {Atlanta, Georgia, USA},
  author =       {Izbicki, Michael},
  booktitle =    {Proceedings of the 30th International Conference on
                  Machine Learning (ICML)},
  month =        {June},
  note =
                  {\url{http://proceedings.mlr.press/v28/izbicki13.html}},
  openalex =     {W2123388621},
  pages =        {648--656},
  publisher =    {JMLR.org},
  series =       {JMLR Workshop and Conference Proceedings},
  title =        {Algebraic classifiers: a generic approach to fast
                  cross-validation, online training, and parallel
                  training},
  volume =       28,
  year =         2013
}

@inproceedings{jaggi2013revisiting,
  address =      {Atlanta, Georgia, USA},
  author =       {Jaggi, Martin},
  booktitle =    {Proceedings of the 30th International Conference on
                  Machine Learning (ICML)},
  month =        {June},
  note =         {\url{http://proceedings.mlr.press/v28/jaggi13.html}},
  openalex =     {W905619},
  pages =        {427--435},
  publisher =    {Journal of Machine Learning Research (JMLR)},
  series =       {Workshop and Conference Proceedings},
  title =        {Revisiting Frank-Wolfe: Projection-Free Sparse
                  Convex Optimization},
  volume =       28,
  year =         2013
}

@inproceedings{jain2013differentially,
  address =      {Atlanta, Georgia, USA},
  author =       {Jain, Prateek and Thakurta, Abhradeep},
  booktitle =    {Proceedings of the 30th International Conference on
                  Machine Learning (ICML)},
  month =        {June},
  note =         {\url{http://proceedings.mlr.press/v28/jain13.html}},
  openalex =     {W168548896},
  pages =        {118--126},
  publisher =    {JMLR.org},
  series =       {JMLR Workshop and Conference Proceedings},
  title =        {Differentially Private Learning with Kernels},
  volume =       28,
  year =         2013
}

@inproceedings{jancsary2013learning,
  address =      {Atlanta, Georgia, USA},
  author =       {Jancsary, Jeremy and Nowozin, Sebastian and Rother,
                  Carsten},
  booktitle =    {Proceedings of the 30th International Conference on
                  Machine Learning (ICML)},
  month =        {June},
  note =
                  {\url{http://proceedings.mlr.press/v28/jancsary13.html}},
  openalex =     {W173846377},
  pages =        {915--923},
  publisher =    {JMLR.org},
  series =       {JMLR Workshop and Conference Proceedings},
  title =        {Learning Convex QP Relaxations for Structured
                  Prediction},
  volume =       28,
  year =         2013
}

@inproceedings{jia2013on,
  address =      {Atlanta, Georgia, USA},
  author =       {Jia, Yangqing and Vinyals, Oriol and Darrell,
                  Trevor},
  booktitle =    {Proceedings of the 30th International Conference on
                  Machine Learning (ICML)},
  month =        {June},
  note =         {\url{http://proceedings.mlr.press/v28/jia13.html}},
  openalex =     {W2116371891},
  pages =        {549--557},
  publisher =    {JMLR.org},
  series =       {Workshop and Conference Proceedings},
  title =        {On Compact Codes for Spatially Pooled Features},
  volume =       28,
  year =         2013
}

@inproceedings{jose2013local,
  address =      {Atlanta, Georgia, USA},
  author =       {Jose, Cijo and Goyal, Prasoon and Aggrwal, Parv and
                  Varma, Manik},
  booktitle =    {Proceedings of the 30th International Conference on
                  Machine Learning (ICML)},
  month =        {June},
  note =         {\url{http://proceedings.mlr.press/v28/jose13.html}},
  openalex =     {W130653142},
  pages =        {486--494},
  publisher =    {JMLR.org},
  series =       {Workshop and Conference Proceedings},
  title =        {Local Deep Kernel Learning for Efficient Non-linear
                  SVM Prediction},
  volume =       28,
  year =         2013
}

@inproceedings{joulani2013online,
  address =      {Atlanta, Georgia, USA},
  author =       {Joulani, Pooria and György, András and Szepesvári,
                  Csaba},
  booktitle =    {Proceedings of the 30th International Conference on
                  Machine Learning (ICML)},
  month =        {June},
  note =
                  {\url{http://proceedings.mlr.press/v28/joulani13.html}},
  openalex =     {W2964072175},
  pages =        {1453--1461},
  publisher =    {Journal of Machine Learning Research (JLMR)},
  series =       {Workshop and Conference Proceedings},
  title =        {Online Learning under Delayed Feedback},
  volume =       28,
  year =         2013
}

@inproceedings{jun2013learning,
  address =      {Atlanta, Georgia, USA},
  author =       {Jun, Kwang-Sung and Zhu, Xiaojin (Jerry) and
                  Settles, Burr and Rogers, Timothy T.},
  booktitle =    {Proceedings of the 30th International Conference on
                  Machine Learning (ICML)},
  month =        {June},
  note =         {\url{http://proceedings.mlr.press/v28/jun13.html}},
  pages =        {181--189},
  publisher =    {JMLR.org},
  series =       {Workshop and Conference Proceedings},
  title =        {Learning from Human-Generated Lists},
  volume =       28,
  year =         2013
}

@inproceedings{kadri2013generalized,
  address =      {Atlanta, Georgia, USA},
  author =       {Kadri, Hachem and Ghavamzadeh, Mohammad and Preux,
                  Philippe},
  booktitle =    {Proceedings of the 30th International Conference on
                  Machine Learning (ICML)},
  month =        {June},
  note =         {\url{http://proceedings.mlr.press/v28/kadri13.html}},
  pages =        {471--479},
  publisher =    {Journal of Machine Learning Research (JMLR)},
  series =       {Workshop and Conference Proceedings},
  title =        {A Generalized Kernel Approach to Structured Output
                  Learning},
  volume =       28,
  year =         2013
}

@inproceedings{kalaitzis2013bigraphical,
  address =      {Atlanta, Georgia, USA},
  author =       {Kalaitzis, Freddie and Lafferty, John and Lawrence,
                  Neil D. and Zhou, Shuheng},
  booktitle =    {Proceedings of the 30th International Conference on
                  Machine Learning (ICML)},
  month =        {June},
  note =
                  {\url{http://proceedings.mlr.press/v28/kalaitzis13.html}},
  openalex =     {W2129342593},
  pages =        {1229--1237},
  publisher =    {JMLR.org},
  series =       {Workshop and Conference Proceedings},
  title =        {The Bigraphical Lasso},
  volume =       28,
  year =         2013
}

@inproceedings{kamyshanska2013on,
  address =      {Atlanta, Georgia, USA},
  author =       {Kamyshanska, Hanna and Memisevic, Roland},
  booktitle =    {Proceedings of the 30th International Conference on
                  Machine Learning (ICML)},
  month =        {June},
  note =
                  {\url{http://proceedings.mlr.press/v28/kamyshanska13.html}},
  openalex =     {W1532251666},
  pages =        {720--728},
  publisher =    {JMLR.org},
  series =       {JMLR Workshop and Conference Proceedings},
  title =        {On autoencoder scoring},
  volume =       28,
  year =         2013
}

@inproceedings{kar2013on,
  address =      {Atlanta, Georgia, USA},
  author =       {Kar, Purushottam and Sriperumbudur, Bharath K. and
                  Jain, Prateek and Karnick, Harish},
  booktitle =    {Proceedings of the 30th International Conference on
                  Machine Learning (ICML)},
  month =        {June},
  note =         {\url{http://proceedings.mlr.press/v28/kar13.html}},
  openalex =     {W2950403298},
  pages =        {441--449},
  publisher =    {JMLR.org},
  series =       {Workshop and Conference Proceedings},
  title =        {On the Generalization Ability of Online Learning
                  Algorithms for Pairwise Loss Functions},
  volume =       28,
  year =         2013
}

@inproceedings{karbasi2013iterative,
  address =      {Atlanta, Georgia, USA},
  author =       {Karbasi, Amin and Salavati, Amir Hesam and
                  Shokrollahi, Amin},
  booktitle =    {Proceedings of the 30th International Conference on
                  Machine Learning (ICML)},
  month =        {June},
  note =
                  {\url{http://proceedings.mlr.press/v28/karbasi13.html}},
  openalex =     {W2101055774},
  pages =        {445--453},
  publisher =    {Journal of Machine Learning Research (JMLR)},
  series =       {Workshop and Conference Proceedings},
  title =        {Iterative Learning and Denoising in Convolutional
                  Neural Associative Memories},
  volume =       28,
  year =         2013
}

@inproceedings{karnin2013almost,
  address =      {Atlanta, Georgia, USA},
  author =       {Karnin, Zohar Shay and Koren, Tomer and Somekh,
                  Oren},
  booktitle =    {Proceedings of the 30th International Conference on
                  Machine Learning (ICML)},
  month =        {June},
  note =
                  {\url{http://proceedings.mlr.press/v28/karnin13.html}},
  pages =        {1238--1246},
  publisher =    {JMLR.org},
  series =       {Workshop and Conference Proceedings},
  title =        {Almost Optimal Exploration in Multi-Armed Bandits},
  volume =       28,
  year =         2013
}

@inproceedings{khan2013fast,
  address =      {Atlanta, Georgia, USA},
  author =       {Khan, Mohammad Emtiyaz and Aravkin, Aleksandr Y. and
                  Friedlander, Michael P. and Seeger, Matthias},
  booktitle =    {Proceedings of the 30th International Conference on
                  Machine Learning (ICML)},
  month =        {June},
  note =
                  {\url{http://proceedings.mlr.press/v28/emtiyazkhan13.html}},
  openalex =     {W1927271208},
  pages =        {951--959},
  publisher =    {JMLR.org},
  series =       {JMLR Workshop and Conference Proceedings},
  title =        {Fast Dual Variational Inference for Non-Conjugate
                  Latent Gaussian Models},
  volume =       28,
  year =         2013
}

@inproceedings{kim2013manifold,
  address =      {Atlanta, Georgia, USA},
  author =       {Kim, Minje and Smaragdis, Paris},
  booktitle =    {Proceedings of the 30th International Conference on
                  Machine Learning (ICML)},
  month =        {June},
  note =         {\url{http://proceedings.mlr.press/v28/kim13a.html}},
  openalex =     {W2107939926},
  pages =        {1373--1381},
  publisher =    {JMLR.org},
  series =       {Workshop and Conference Proceedings},
  title =        {Manifold Preserving Hierarchical Topic Models for
                  Quantization and Approximation},
  volume =       28,
  year =         2013
}

@inproceedings{kim2013variational,
  address =      {Atlanta, Georgia, USA},
  author =       {Kim, Do-kyum and Voelker, Geoffrey M. and Saul,
                  Lawrence K.},
  booktitle =    {Proceedings of the 30th International Conference on
                  Machine Learning (ICML)},
  month =        {June},
  note =         {\url{http://proceedings.mlr.press/v28/kim13.html}},
  openalex =     {W2104192125},
  pages =        {55--63},
  publisher =    {Journal of Machine Learning Research (JMLR)},
  series =       {Workshop and Conference Proceedings},
  title =        {A Variational Approximation for Topic Modeling of
                  Hierarchical Corpora},
  volume =       28,
  year =         2013
}

@inproceedings{kolar2013feature,
  address =      {Atlanta, Georgia, USA},
  author =       {Kolar, Mladen and Liu, Han},
  booktitle =    {Proceedings of the 30th International Conference on
                  Machine Learning (ICML)},
  month =        {June},
  note =
                  {\url{\url{http://proceedings.mlr.press/v28/kolar13.html}}},
  openalex =     {W163401298},
  pages =        {329--337},
  publisher =    {JMLR.org},
  series =       {Workshop and Conference Proceedings},
  title =        {Feature Selection in High-Dimensional
                  Classification},
  volume =       28,
  year =         2013
}

@inproceedings{kolar2013markov,
  address =      {Atlanta, Georgia, USA},
  author =       {Kolar, Mladen and Liu, Han and Xing, Eric P.},
  booktitle =    {Proceedings of the 30th International Conference on
                  Machine Learning (ICML)},
  month =        {June},
  note =
                  {\url{http://proceedings.mlr.press/v28/kolar13a.html}},
  openalex =     {W167498579},
  pages =        {73--81},
  publisher =    {JMLR.org},
  series =       {JMLR Workshop and Conference Proceedings},
  title =        {Markov Network Estimation From Multi-attribute Data},
  volume =       28,
  year =         2013
}

@inproceedings{kontorovich2013on,
  address =      {Atlanta, Georgia, USA},
  author =       {Kontorovich, Aryeh and Nadler, Boaz and Weiss, Roi},
  booktitle =    {Proceedings of the 30th International Conference on
                  Machine Learning (ICML)},
  month =        {June},
  note =
                  {\url{http://proceedings.mlr.press/v28/kontorovich13.html}},
  openalex =     {W2159321228},
  pages =        {702--710},
  publisher =    {JMLR.org},
  series =       {JMLR Workshop and Conference Proceedings},
  title =        {On learning parametric-output HMMs},
  volume =       28,
  year =         2013
}

@inproceedings{koppula2013learning,
  address =      {Atlanta, Georgia, USA},
  author =       {Koppula, Hema Swetha and Saxena, Ashutosh},
  booktitle =    {Proceedings of the 30th International Conference on
                  Machine Learning (ICML)},
  month =        {June},
  note =
                  {\url{http://proceedings.mlr.press/v28/koppula13.html}},
  openalex =     {W2114216982},
  pages =        {792--800},
  publisher =    {JMLR.org},
  series =       {JMLR Workshop and Conference Proceedings},
  title =        {Learning Spatio-Temporal Structure from RGB-D Videos
                  for Human Activity Detection and Anticipation},
  volume =       28,
  year =         2013
}

@inproceedings{kraehenbuehl2013parameter,
  address =      {Atlanta, Georgia, USA},
  author =       {Kraehenbuehl, Philipp and Koltun, Vladlen},
  booktitle =    {Proceedings of the 30th International Conference on
                  Machine Learning (ICML)},
  month =        {June},
  note =
                  {\url{http://proceedings.mlr.press/v28/kraehenbuehl13.html}},
  openalex =     {W27675589},
  pages =        {513--521},
  publisher =    {JMLR.org},
  series =       {Workshop and Conference Proceedings},
  title =        {Parameter Learning and Convergent Inference for
                  Dense Random Fields},
  volume =       28,
  year =         2013
}

@inproceedings{krause2013approximation,
  address =      {Atlanta, Georgia, USA},
  author =       {Krause, Oswin and Fischer, Asja and Glasmachers,
                  Tobias and Igel, Christian},
  booktitle =    {Proceedings of the 30th International Conference on
                  Machine Learning (ICML)},
  month =        {June},
  note =
                  {\url{http://proceedings.mlr.press/v28/krause13.html}},
  openalex =     {W2141781601},
  pages =        {419--426},
  publisher =    {Journal of Machine Learning Research (JMLR)},
  series =       {Workshop and Conference Proceedings},
  title =        {Approximation properties of DBNs with binary hidden
                  units and real-valued visible units},
  volume =       28,
  year =         2013
}

@inproceedings{krummenacher2013ellipsoidal,
  address =      {Atlanta, Georgia, USA},
  author =       {Krummenacher, Gabriel and Ong, Cheng Soon and
                  Buhmann, Joachim M.},
  booktitle =    {Proceedings of the 30th International Conference on
                  Machine Learning (ICML)},
  month =        {June},
  note =
                  {\url{http://proceedings.mlr.press/v28/krummenacher13.html}},
  openalex =     {W2127164721},
  pages =        {73--81},
  publisher =    {Journal of Machine Learning Research (JMLR)},
  series =       {Workshop and Conference Proceedings},
  title =        {Ellipsoidal Multiple Instance Learning},
  volume =       28,
  year =         2013
}

@inproceedings{kuleshov2013fast,
  address =      {Atlanta, Georgia, USA},
  author =       {Kuleshov, Volodymyr},
  booktitle =    {Proceedings of the 30th International Conference on
                  Machine Learning (ICML)},
  month =        {June},
  note =
                  {\url{http://proceedings.mlr.press/v28/kuleshov13.html}},
  openalex =     {W2124858543},
  pages =        {1418--1425},
  publisher =    {Journal of Machine Learning Research (JLMR)},
  series =       {Workshop and Conference Proceedings},
  title =        {Fast algorithms for sparse principal component
                  analysis based on Rayleigh quotient iteration},
  volume =       28,
  year =         2013
}

@inproceedings{kumar2013convex,
  address =      {Atlanta, Georgia, USA},
  author =       {Kumar, K.S. and Bach, Francis},
  booktitle =    {Proceedings of the 30th International Conference on
                  Machine Learning (ICML)},
  month =        {June},
  note =
                  {\url{http://proceedings.mlr.press/v28/kumar13c.html}},
  openalex =     {W2756641492},
  pages =        {525--533},
  publisher =    {Journal of Machine Learning Research (JMLR)},
  series =       {Workshop and Conference Proceedings},
  title =        {New Results - Convex Relaxations for Learning
                  Bounded Treewidth Decomposable Graphs},
  volume =       28,
  year =         2013
}

@inproceedings{kumar2013fast,
  address =      {Atlanta, Georgia, USA},
  author =       {Kumar, Abhishek and Sindhwani, Vikas and Kambadur,
                  Prabhanjan},
  booktitle =    {Proceedings of the 30th International Conference on
                  Machine Learning (ICML)},
  month =        {June},
  note =
                  {\url{\url{http://proceedings.mlr.press/v28/kumar13b.html}}},
  openalex =     {W1524090374},
  pages =        {231--239},
  publisher =    {JMLR.org},
  series =       {Workshop and Conference Proceedings},
  title =        {Fast Conical Hull Algorithms for Near-separable
                  Non-negative Matrix Factorization},
  volume =       28,
  year =         2013
}

@inproceedings{kumar2013nearoptimal,
  address =      {Atlanta, Georgia, USA},
  author =       {Kumar, Ravi and Lokshtanov, Daniel and
                  Vassilvitskii, Sergei and Vattani, Andrea},
  booktitle =    {Proceedings of the 30th International Conference on
                  Machine Learning (ICML)},
  month =        {June},
  note =
                  {\url{\url{http://proceedings.mlr.press/v28/kumar13a.html}}},
  openalex =     {W2114892327},
  pages =        {27--35},
  publisher =    {JMLR.org},
  series =       {Workshop and Conference Proceedings},
  title =        {Near-Optimal Bounds for Cross-Validation via Loss
                  Stability},
  volume =       28,
  year =         2013
}

@inproceedings{kuzborskij2013stability,
  address =      {Atlanta, Georgia, USA},
  author =       {Kuzborskij, Ilja and Orabona, Francesco},
  booktitle =    {Proceedings of the 30th International Conference on
                  Machine Learning (ICML)},
  month =        {June},
  note =
                  {\url{http://proceedings.mlr.press/v28/kuzborskij13.html}},
  openalex =     {W2160943791},
  pages =        {942--950},
  publisher =    {JMLR.org},
  series =       {JMLR Workshop and Conference Proceedings},
  title =        {Stability and Hypothesis Transfer Learning},
  volume =       28,
  year =         2013
}

@inproceedings{kyrillidis2013sparse,
  address =      {Atlanta, Georgia, USA},
  author =       {Kyrillidis, Anastasios and Becker, Stephen and
                  Cevher, Volkan and Koch, Christoph T.},
  booktitle =    {Proceedings of the 30th International Conference on
                  Machine Learning (ICML)},
  month =        {June},
  note =
                  {\url{http://proceedings.mlr.press/v28/kyrillidis13.html}},
  openalex =     {W2128541811},
  pages =        {235--243},
  publisher =    {JMLR.org},
  series =       {JMLR Workshop and Conference Proceedings},
  title =        {Sparse projections onto the simplex},
  volume =       28,
  year =         2013
}

@inproceedings{lacostejulien2013blockcoordinate,
  address =      {Atlanta, Georgia, USA},
  author =       {Lacoste-Julien, Simon and Jaggi, Martin and Schmidt,
                  Mark and Pletscher, Patrick},
  booktitle =    {Proceedings of the 30th International Conference on
                  Machine Learning (ICML)},
  month =        {June},
  note =
                  {\url{\url{http://proceedings.mlr.press/v28/lacoste-julien13.html}}},
  openalex =     {W1877183374},
  pages =        {53--61},
  publisher =    {JMLR.org},
  series =       {Workshop and Conference Proceedings},
  title =        {Block-Coordinate Frank-Wolfe Optimization for
                  Structural SVMs},
  volume =       28,
  year =         2013
}

@inproceedings{lakshminarayanan2013topdown,
  address =      {Atlanta, Georgia, USA},
  author =       {Lakshminarayanan, Balaji and Roy, Daniel M. and Teh,
                  Yee Whye},
  booktitle =    {Proceedings of the 30th International Conference on
                  Machine Learning (ICML)},
  month =        {June},
  note =
                  {\url{http://proceedings.mlr.press/v28/lakshminarayanan13.html}},
  openalex =     {W2153480140},
  pages =        {280--288},
  publisher =    {JMLR.org},
  series =       {Workshop and Conference Proceedings},
  title =        {Top-down particle filtering for Bayesian decision
                  trees},
  volume =       28,
  year =         2013
}

@inproceedings{lattimore2013samplecomplexity,
  address =      {Atlanta, Georgia, USA},
  author =       {Lattimore, Tor and Hütter, Marcus and Sunehag,
                  Peter},
  booktitle =    {Proceedings of the 30th International Conference on
                  Machine Learning (ICML)},
  month =        {June},
  note =
                  {\url{http://proceedings.mlr.press/v28/lattimore13.html}},
  openalex =     {W2099179721},
  pages =        {28--36},
  publisher =    {JMLR.org},
  series =       {JMLR Workshop and Conference Proceedings},
  title =        {The Sample-Complexity of General Reinforcement
                  Learning},
  volume =       28,
  year =         2013
}

@inproceedings{le2013fastfood,
  address =      {Atlanta, Georgia, USA},
  author =       {Le, Quoc V. and Sarlós, Tamás and Smola, Alexander
                  J.},
  booktitle =    {Proceedings of the 30th International Conference on
                  Machine Learning (ICML)},
  month =        {June},
  note =         {\url{http://proceedings.mlr.press/v28/le13.html}},
  openalex =     {W175700287},
  pages =        {244--252},
  publisher =    {JMLR.org},
  series =       {Workshop and Conference Proceedings},
  title =        {Fastfood - Computing Hilbert Space Expansions in
                  loglinear time},
  volume =       28,
  year =         2013
}

@inproceedings{lee2013local,
  address =      {Atlanta, Georgia, USA},
  author =       {Lee, Joonseok and Kim, Seungyeon and Lebanon, Guy
                  and Singer, Yoram},
  booktitle =    {Proceedings of the 30th International Conference on
                  Machine Learning (ICML)},
  month =        {June},
  note =         {\url{http://proceedings.mlr.press/v28/lee13.html}},
  openalex =     {W2169661502},
  pages =        {82--90},
  publisher =    {Journal of Machine Learning Research (JMLR)},
  series =       {Workshop and Conference Proceedings},
  title =        {Local Low-Rank Matrix Approximation},
  volume =       28,
  year =         2013
}

@inproceedings{levine2013guided,
  address =      {Atlanta, Georgia, USA},
  author =       {Levine, Sergey and Koltun, Vladlen},
  booktitle =    {Proceedings of the 30th International Conference on
                  Machine Learning (ICML)},
  month =        {June},
  note =
                  {\url{http://proceedings.mlr.press/v28/levine13.html}},
  openalex =     {W2104733512},
  pages =        {1--9},
  publisher =    {JMLR.org},
  series =       {JMLR Workshop and Conference Proceedings},
  title =        {Guided Policy Search},
  volume =       28,
  year =         2013
}

@inproceedings{li2013fixedpoint,
  address =      {Atlanta, Georgia, USA},
  author =       {Li, Quannan and Wang, Jingdong and Wipf, David and
                  Tu, Zhuowen},
  booktitle =    {Proceedings of the 30th International Conference on
                  Machine Learning (ICML)},
  month =        {June},
  note =
                  {\url{\url{http://proceedings.mlr.press/v28/li13b.html}}},
  openalex =     {W2134304618},
  pages =        {214--221},
  publisher =    {JMLR.org},
  series =       {Workshop and Conference Proceedings},
  title =        {Fixed-Point Model For Structured Labeling},
  volume =       28,
  year =         2013
}

@inproceedings{li2013learning,
  address =      {Atlanta, Georgia, USA},
  author =       {Li, Xi and Lin, Guosheng and Shen, Chunhua and
                  Hengel, Anton van den and Dick, Anthony},
  booktitle =    {Proceedings of the 30th International Conference on
                  Machine Learning (ICML)},
  month =        {June},
  note =
                  {\url{\url{http://proceedings.mlr.press/v28/li13a.html}}},
  openalex =     {W2122205543},
  pages =        {142--150},
  publisher =    {JMLR.org},
  series =       {Workshop and Conference Proceedings},
  title =        {Learning Hash Functions Using Column Generation},
  volume =       28,
  year =         2013
}

@inproceedings{lim2013robust,
  address =      {Atlanta, Georgia, USA},
  author =       {Lim, Daryl and Lanckriet, Gert R. G. and McFee,
                  Brian},
  booktitle =    {Proceedings of the 30th International Conference on
                  Machine Learning (ICML)},
  month =        {June},
  note =         {\url{http://proceedings.mlr.press/v28/lim13.html}},
  pages =        {615--623},
  publisher =    {Journal of Machine Learning Research (JMLR)},
  series =       {Workshop and Conference Proceedings},
  title =        {Robust Structural Metric Learning},
  volume =       28,
  year =         2013
}

@inproceedings{liu2013guaranteed,
  address =      {Atlanta, Georgia, USA},
  author =       {Liu, Ji and Yuan, Lei and Ye, Jieping},
  booktitle =    {Proceedings of the 30th International Conference on
                  Machine Learning (ICML)},
  month =        {June},
  note =         {\url{http://proceedings.mlr.press/v28/liu13.html}},
  openalex =     {W17060066},
  pages =        {91--99},
  publisher =    {JMLR.org},
  series =       {JMLR Workshop and Conference Proceedings},
  title =        {Guaranteed Sparse Recovery under Linear
                  Transformation},
  volume =       28,
  year =         2013
}

@inproceedings{livni2013vanishing,
  address =      {Atlanta, Georgia, USA},
  author =       {Livni, Roi and Lehavi, David and Schein, Sagi and
                  Nachliely, Hila and Shalev‐Shwartz, Shai and
                  Globerson, Amir},
  booktitle =    {Proceedings of the 30th International Conference on
                  Machine Learning (ICML)},
  month =        {June},
  note =         {\url{http://proceedings.mlr.press/v28/livni13.html}},
  openalex =     {W108223363},
  pages =        {597--605},
  publisher =    {Journal of Machine Learning Research (JMLR)},
  series =       {Workshop and Conference Proceedings},
  title =        {Vanishing Component Analysis},
  volume =       28,
  year =         2013
}

@inproceedings{london2013collective,
  address =      {Atlanta, Georgia, USA},
  author =       {London, Ben and Huang, Bert and Taskar, Ben and
                  Getoor, Lise},
  booktitle =    {Proceedings of the 30th International Conference on
                  Machine Learning (ICML)},
  month =        {June},
  note =
                  {\url{http://proceedings.mlr.press/v28/london13.html}},
  openalex =     {W2169300452},
  pages =        {828--836},
  publisher =    {JMLR.org},
  series =       {JMLR Workshop and Conference Proceedings},
  title =        {Collective Stability in Structured Prediction:
                  Generalization from One Example},
  volume =       28,
  year =         2013
}

@inproceedings{long2013consistency,
  address =      {Atlanta, Georgia, USA},
  author =       {Long, Philip M. and Servedio, Rocco A.},
  booktitle =    {Proceedings of the 30th International Conference on
                  Machine Learning (ICML)},
  month =        {June},
  note =         {\url{http://proceedings.mlr.press/v28/long13.html}},
  pages =        {801--809},
  publisher =    {JMLR.org},
  series =       {JMLR Workshop and Conference Proceedings},
  title =        {Consistency versus Realizable H-Consistency for
                  Multiclass Classification},
  volume =       28,
  year =         2013
}

@inproceedings{lopes2013estimating,
  address =      {Atlanta, Georgia, USA},
  author =       {Lopes, Miles E.},
  booktitle =    {Proceedings of the 30th International Conference on
                  Machine Learning (ICML)},
  month =        {June},
  note =         {\url{http://proceedings.mlr.press/v28/lopes13.html}},
  openalex =     {W2963438348},
  pages =        {217--225},
  publisher =    {JMLR.org},
  series =       {Workshop and Conference Proceedings},
  title =        {Estimating Unknown Sparsity in Compressed Sensing},
  volume =       28,
  year =         2013
}

@inproceedings{lopezpaz2013gaussian,
  address =      {Atlanta, Georgia, USA},
  author =       {López-Paz, David and Hernández-Lobato, José Miguel
                  and Ghahramani, Zoubin},
  booktitle =    {Proceedings of the 30th International Conference on
                  Machine Learning (ICML)},
  month =        {June},
  note =
                  {\url{http://proceedings.mlr.press/v28/lopez-paz13.html}},
  openalex =     {W2949453029},
  pages =        {10--18},
  publisher =    {Journal of Machine Learning Research (JMLR)},
  series =       {Workshop and Conference Proceedings},
  title =        {Gaussian Process Vine Copulas for Multivariate
                  Dependence},
  volume =       28,
  year =         2013
}

@inproceedings{maillard2013optimal,
  address =      {Atlanta, Georgia, USA},
  author =       {Maillard, Odalric-Ambrym and Nguyen, Phuong and
                  Ortner, Ronald and Ryabko, Daniil},
  booktitle =    {Proceedings of the 30th International Conference on
                  Machine Learning (ICML)},
  month =        {June},
  note =
                  {\url{http://proceedings.mlr.press/v28/maillard13.html}},
  openalex =     {W2137125320},
  pages =        {543--551},
  publisher =    {Journal of Machine Learning Research (JMLR)},
  series =       {Workshop and Conference Proceedings},
  title =        {Optimal Regret Bounds for Selecting the State
                  Representation in Reinforcement Learning},
  volume =       28,
  year =         2013
}

@inproceedings{mairal2013optimization,
  address =      {Atlanta, Georgia, USA},
  author =       {Mairal, Julien},
  booktitle =    {Proceedings of the 30th International Conference on
                  Machine Learning (ICML)},
  month =        {June},
  note =
                  {\url{http://proceedings.mlr.press/v28/mairal13.html}},
  openalex =     {W2106833843},
  pages =        {783--791},
  publisher =    {JMLR.org},
  series =       {JMLR Workshop and Conference Proceedings},
  title =        {Optimization with First-Order Surrogate Functions},
  volume =       28,
  year =         2013
}

@inproceedings{malioutov2013exact,
  address =      {Atlanta, Georgia, USA},
  author =       {Malioutov, Dmitry and Varshney, Kush R.},
  booktitle =    {Proceedings of the 30th International Conference on
                  Machine Learning (ICML)},
  month =        {June},
  note =
                  {\url{http://proceedings.mlr.press/v28/malioutov13.html}},
  openalex =     {W134253518},
  pages =        {765--773},
  publisher =    {JMLR.org},
  series =       {JMLR Workshop and Conference Proceedings},
  title =        {Exact Rule Learning via Boolean Compressed Sensing},
  volume =       28,
  year =         2013
}

@inproceedings{maurer2013sparse,
  address =      {Atlanta, Georgia, USA},
  author =       {Maurer, Andreas and Pontil, Massimiliano and
                  Romera‐Paredes, Bernardino},
  booktitle =    {Proceedings of the 30th International Conference on
                  Machine Learning (ICML)},
  month =        {June},
  note =
                  {\url{http://proceedings.mlr.press/v28/maurer13.html}},
  openalex =     {W2135316123},
  pages =        {343--351},
  publisher =    {JMLR.org},
  series =       {JMLR Workshop and Conference Proceedings},
  title =        {Sparse coding for multitask and transfer learning},
  volume =       28,
  year =         2013
}

@inproceedings{meent2013hierarchicallycoupled,
  address =      {Atlanta, Georgia, USA},
  author =       {Meent, Jan-Willem van de and Bronson, Jonathan
                  E. and Wood, Frank and Gonzalez, Ruben L. and
                  Wiggins, Chris H.},
  booktitle =    {Proceedings of the 30th International Conference on
                  Machine Learning (ICML)},
  month =        {June},
  note =
                  {\url{http://proceedings.mlr.press/v28/willemvandemeent13.html}},
  openalex =     {W2131775206},
  pages =        {361--369},
  publisher =    {JMLR.org},
  series =       {JMLR Workshop and Conference Proceedings},
  title =        {Hierarchically-coupled hidden Markov models for
                  learning kinetic rates from single-molecule data},
  volume =       28,
  year =         2013
}

@inproceedings{mehta2013sparsitybased,
  address =      {Atlanta, Georgia, USA},
  author =       {Mehta, Nishant A. and Gray, Alexander G.},
  booktitle =    {Proceedings of the 30th International Conference on
                  Machine Learning (ICML)},
  month =        {June},
  note =
                  {\url{\url{http://proceedings.mlr.press/v28/mehta13.html}}},
  openalex =     {W10765648},
  pages =        {36--44},
  publisher =    {JMLR.org},
  series =       {Workshop and Conference Proceedings},
  title =        {Sparsity-Based Generalization Bounds for Predictive
                  Sparse Coding},
  volume =       28,
  year =         2013
}

@inproceedings{meng2013robust,
  address =      {Atlanta, Georgia, USA},
  author =       {Meng, Xiangrui and Mahoney, Michael W.},
  booktitle =    {Proceedings of the 30th International Conference on
                  Machine Learning (ICML)},
  month =        {June},
  note =         {\url{http://proceedings.mlr.press/v28/meng13b.html}},
  openalex =     {W2161715152},
  pages =        {888--896},
  publisher =    {JMLR.org},
  series =       {JMLR Workshop and Conference Proceedings},
  title =        {Robust Regression on MapReduce},
  volume =       28,
  year =         2013
}

@inproceedings{meng2013scalable,
  address =      {Atlanta, Georgia, USA},
  author =       {Meng, Xiangrui},
  booktitle =    {Proceedings of the 30th International Conference on
                  Machine Learning (ICML)},
  month =        {June},
  note =         {\url{http://proceedings.mlr.press/v28/meng13a.html}},
  openalex =     {W194594727},
  pages =        {531--539},
  publisher =    {JMLR.org},
  series =       {Workshop and Conference Proceedings},
  title =        {Scalable Simple Random Sampling and Stratified
                  Sampling},
  volume =       28,
  year =         2013
}

@inproceedings{menon2013machine,
  address =      {Atlanta, Georgia, USA},
  author =       {Menon, Aditya Krishna and Tamuz, Omer and Gulwani,
                  Sumit and Lampson, Butler and Kalai, Adam Tauman},
  booktitle =    {Proceedings of the 30th International Conference on
                  Machine Learning (ICML)},
  month =        {June},
  note =
                  {\url{\url{http://proceedings.mlr.press/v28/menon13.html}}},
  openalex =     {W2158615804},
  pages =        {187--195},
  publisher =    {JMLR.org},
  series =       {Workshop and Conference Proceedings},
  title =        {A Machine Learning Framework for Programming by
                  Example},
  volume =       28,
  year =         2013
}

@inproceedings{menon2013on,
  address =      {Atlanta, Georgia, USA},
  author =       {Menon, Aditya Krishna and Narasimhan, Harikrishna
                  and Agarwal, Shivani and Chawla, Sanjay},
  booktitle =    {Proceedings of the 30th International Conference on
                  Machine Learning (ICML)},
  month =        {June},
  note =
                  {\url{http://proceedings.mlr.press/v28/menon13a.html}},
  openalex =     {W2120497086},
  pages =        {603--611},
  publisher =    {JMLR.org},
  series =       {JMLR Workshop and Conference Proceedings},
  title =        {On the Statistical Consistency of Algorithms for
                  Binary Classification under Class Imbalance},
  volume =       28,
  year =         2013
}

@inproceedings{mineiro2013lossproportional,
  address =      {Atlanta, Georgia, USA},
  author =       {Mineiro, Paul and Karampatziakis, Nikos},
  booktitle =    {Proceedings of the 30th International Conference on
                  Machine Learning (ICML)},
  month =        {June},
  note =
                  {\url{http://proceedings.mlr.press/v28/mineiro13.html}},
  openalex =     {W2152306708},
  pages =        {522--530},
  publisher =    {JMLR.org},
  series =       {Workshop and Conference Proceedings},
  title =        {Loss-Proportional Subsampling for Subsequent ERM},
  volume =       28,
  year =         2013
}

@inproceedings{minh2013unifying,
  address =      {Atlanta, Georgia, USA},
  author =       {Minh, Hà Quang and Bazzani, Loris and Murino,
                  Vittorio},
  booktitle =    {Proceedings of the 30th International Conference on
                  Machine Learning (ICML)},
  month =        {June},
  note =
                  {\url{http://proceedings.mlr.press/v28/haquang13.html}},
  openalex =     {W167030064},
  pages =        {100--108},
  publisher =    {Journal of Machine Learning Research (JMLR)},
  series =       {Workshop and Conference Proceedings},
  title =        {A unifying framework for vector-valued manifold
                  regularization and multi-view learning},
  volume =       28,
  year =         2013
}

@inproceedings{mu2013domain,
  address =      {Atlanta, Georgia, USA},
  author =       {Mu, Krikamol and et al. and Balduzzi, David and
                  Schölkopf, Bernhard},
  booktitle =    {Proceedings of the 30th International Conference on
                  Machine Learning (ICML)},
  month =        {June},
  note =
                  {\url{\url{http://proceedings.mlr.press/v28/muandet13.html}}},
  pages =        {10--18},
  publisher =    {JMLR.org},
  series =       {Workshop and Conference Proceedings},
  title =        {Domain Generalization via Invariant Feature
                  Representation},
  volume =       28,
  year =         2013
}

@inproceedings{narasimhan2013structural,
  address =      {Atlanta, Georgia, USA},
  author =       {Narasimhan, Harikrishna and Agarwal, Shivani},
  booktitle =    {Proceedings of the 30th International Conference on
                  Machine Learning (ICML)},
  month =        {June},
  note =
                  {\url{http://proceedings.mlr.press/v28/narasimhan13.html}},
  openalex =     {W8545729},
  pages =        {516--524},
  publisher =    {Journal of Machine Learning Research (JMLR)},
  series =       {Workshop and Conference Proceedings},
  title =        {A Structural SVM Based Approach for Optimizing
                  Partial AUC},
  volume =       28,
  year =         2013
}

@inproceedings{nguyen2013algorithms,
  address =      {Atlanta, Georgia, USA},
  author =       {Nguyen, Tan M. and Sanner, Scott},
  booktitle =    {Proceedings of the 30th International Conference on
                  Machine Learning (ICML)},
  month =        {June},
  note =
                  {\url{http://proceedings.mlr.press/v28/nguyen13a.html}},
  openalex =     {W2134829400},
  pages =        {1085--1093},
  publisher =    {JMLR.org},
  series =       {Workshop and Conference Proceedings},
  title =        {Algorithms for Direct 01 Loss Optimization in Binary
                  Classification},
  volume =       28,
  year =         2013
}

@inproceedings{nguyen2013online,
  address =      {Atlanta, Georgia, USA},
  author =       {Nguyễn, Trung Thành and Li, Zhuoru and Silander,
                  Tomi and Leong, Tze-Yun},
  booktitle =    {Proceedings of the 30th International Conference on
                  Machine Learning (ICML)},
  month =        {June},
  note =
                  {\url{http://proceedings.mlr.press/v28/nguyen13.html}},
  openalex =     {W2169673611},
  pages =        {498--506},
  publisher =    {Journal of Machine Learning Research (JMLR)},
  series =       {Workshop and Conference Proceedings},
  title =        {Online Feature Selection for Model-based
                  Reinforcement Learning},
  volume =       28,
  year =         2013
}

@inproceedings{niu2013squaredloss,
  address =      {Atlanta, Georgia, USA},
  author =       {Niu, Gang and Jitkrittum, Wittawat and Dai, Bo and
                  Hachiya, Hirotaka and Sugiyama, Masashi},
  booktitle =    {Proceedings of the 30th International Conference on
                  Machine Learning (ICML)},
  month =        {June},
  note =         {\url{http://proceedings.mlr.press/v28/niu13.html}},
  openalex =     {W2096706838},
  pages =        {10--18},
  publisher =    {JMLR.org},
  series =       {JMLR Workshop and Conference Proceedings},
  title =        {Squared-loss Mutual Information Regularization: A
                  Novel Information-theoretic Approach to
                  Semi-supervised Learning},
  volume =       28,
  year =         2013
}

@inproceedings{ogawa2013infinitesimal,
  address =      {Atlanta, Georgia, USA},
  author =       {Ogawa, Kohei and Imamura, Motoki and Takeuchi,
                  Ichiro and Sugiyama, Masashi},
  booktitle =    {Proceedings of the 30th International Conference on
                  Machine Learning (ICML)},
  month =        {June},
  note =
                  {\url{http://proceedings.mlr.press/v28/ogawa13a.html}},
  openalex =     {W2157366440},
  pages =        {897--905},
  publisher =    {JMLR.org},
  series =       {JMLR Workshop and Conference Proceedings},
  title =        {Infinitesimal Annealing for Training Semi-Supervised
                  Support Vector Machines},
  volume =       28,
  year =         2013
}

@inproceedings{ogawa2013safe,
  address =      {Atlanta, Georgia, USA},
  author =       {Ogawa, Kohei and Suzuki, Yoshiki and Takeuchi,
                  Ichiro},
  booktitle =    {Proceedings of the 30th International Conference on
                  Machine Learning (ICML)},
  month =        {June},
  note =
                  {\url{http://proceedings.mlr.press/v28/ogawa13b.html}},
  openalex =     {W135566594},
  pages =        {1382--1390},
  publisher =    {JMLR.org},
  series =       {Workshop and Conference Proceedings},
  title =        {Safe Screening of Non-Support Vectors in Pathwise
                  SVM Computation},
  volume =       28,
  year =         2013
}

@inproceedings{oliva2013distribution,
  address =      {Atlanta, Georgia, USA},
  author =       {Oliva, Junier B. and Póczos, Barnabás and Schneider,
                  Jeff},
  booktitle =    {Proceedings of the 30th International Conference on
                  Machine Learning (ICML)},
  month =        {June},
  note =         {\url{http://proceedings.mlr.press/v28/oliva13.html}},
  openalex =     {W1750591676},
  pages =        {1049--1057},
  publisher =    {JMLR.org},
  series =       {Workshop and Conference Proceedings},
  title =        {Distribution to Distribution Regression},
  volume =       28,
  year =         2013
}

@inproceedings{osting2013enhanced,
  address =      {Atlanta, Georgia, USA},
  author =       {Osting, Braxton and Brüne, Christoph and Osher,
                  Stanley},
  booktitle =    {Proceedings of the 30th International Conference on
                  Machine Learning (ICML)},
  month =        {June},
  note =
                  {\url{http://proceedings.mlr.press/v28/osting13.html}},
  openalex =     {W2134573874},
  pages =        {489--497},
  publisher =    {Journal of Machine Learning Research (JMLR)},
  series =       {Workshop and Conference Proceedings},
  title =        {Enhanced statistical rankings via targeted data
                  collection},
  volume =       28,
  year =         2013
}

@inproceedings{ouyang2013stochastic,
  address =      {Atlanta, Georgia, USA},
  author =       {Ouyang, Hua and He, Niao and Tran, Long Quoc and
                  Gray, Alexander G.},
  booktitle =    {Proceedings of the 30th International Conference on
                  Machine Learning (ICML)},
  month =        {June},
  note =
                  {\url{\url{http://proceedings.mlr.press/v28/ouyang13.html}}},
  openalex =     {W2510516734},
  pages =        {80--88},
  publisher =    {JMLR.org},
  series =       {Workshop and Conference Proceedings},
  title =        {Stochastic Alternating Direction Method of
                  Multipliers},
  volume =       28,
  year =         2013
}

@inproceedings{papailiopoulos2013sparse,
  address =      {Atlanta, Georgia, USA},
  author =       {Papailiopoulos, Dimitris and Dimakis, Alexandros
                  G. and Korokythakis, Stavros},
  booktitle =    {Proceedings of the 30th International Conference on
                  Machine Learning (ICML)},
  month =        {June},
  note =
                  {\url{http://proceedings.mlr.press/v28/papailiopoulos13.html}},
  openalex =     {W2140477921},
  pages =        {747--755},
  publisher =    {JMLR.org},
  series =       {JMLR Workshop and Conference Proceedings},
  title =        {Sparse PCA through Low-rank Approximations},
  volume =       28,
  year =         2013
}

@inproceedings{pareek2013human,
  address =      {Atlanta, Georgia, USA},
  author =       {Pareek, Harsh and Ravikumar, Pradeep},
  booktitle =    {Proceedings of the 30th International Conference on
                  Machine Learning (ICML)},
  month =        {June},
  note =
                  {\url{\url{http://proceedings.mlr.press/v28/pareek13.html}}},
  openalex =     {W2296683178},
  pages =        {338--346},
  publisher =    {JMLR.org},
  series =       {Workshop and Conference Proceedings},
  title =        {Human Boosting},
  volume =       28,
  year =         2013
}

@inproceedings{pascanu2013on,
  address =      {Atlanta, Georgia, USA},
  author =       {Pascanu, Razvan and Mikolov, Tomáš and Bengio,
                  Yoshua},
  booktitle =    {Proceedings of the 30th International Conference on
                  Machine Learning (ICML)},
  month =        {June},
  note =
                  {\url{http://proceedings.mlr.press/v28/pascanu13.html}},
  openalex =     {W1815076433},
  pages =        {1310--1318},
  publisher =    {JMLR.org},
  series =       {Workshop and Conference Proceedings},
  title =        {On the difficulty of training Recurrent Neural
                  Networks},
  volume =       28,
  year =         2013
}

@inproceedings{peharz2013most,
  address =      {Atlanta, Georgia, USA},
  author =       {Peharz, Robert and Tschiatschek, Sebastian and
                  Pernkopf, Franz},
  booktitle =    {Proceedings of the 30th International Conference on
                  Machine Learning (ICML)},
  month =        {June},
  note =
                  {\url{http://proceedings.mlr.press/v28/peharz13.html}},
  openalex =     {W2158396040},
  pages =        {235--243},
  publisher =    {JMLR.org},
  series =       {Workshop and Conference Proceedings},
  title =        {The Most Generative Maximum Margin Bayesian
                  Networks},
  volume =       28,
  year =         2013
}

@inproceedings{pele2013pairwise,
  address =      {Atlanta, Georgia, USA},
  author =       {Pele, Ofir and Taskar, Ben and Globerson, Amir and
                  Werman, Michael},
  booktitle =    {Proceedings of the 30th International Conference on
                  Machine Learning (ICML)},
  month =        {June},
  note =
                  {\url{\url{http://proceedings.mlr.press/v28/pele13.html}}},
  openalex =     {W51075409},
  pages =        {205--213},
  publisher =    {JMLR.org},
  series =       {Workshop and Conference Proceedings},
  title =        {The Pairwise Piecewise-Linear Embedding for
                  Efficient Non-Linear Classification},
  volume =       28,
  year =         2013
}

@inproceedings{pires2013costsensitive,
  address =      {Atlanta, Georgia, USA},
  author =       {Pires, Bernardo Avila and Ghavamzadeh, Mohammad and
                  Szepesvári, Csaba},
  booktitle =    {Proceedings of the 30th International Conference on
                  Machine Learning (ICML)},
  month =        {June},
  note =
                  {\url{http://proceedings.mlr.press/v28/avilapires13.html}},
  openalex =     {W1573195610},
  pages =        {1391--1399},
  publisher =    {JMLR.org},
  series =       {Workshop and Conference Proceedings},
  title =        {Cost-sensitive Multiclass Classification Risk
                  Bounds},
  volume =       28,
  year =         2013
}

@inproceedings{pirotta2013safe,
  address =      {Atlanta, Georgia, USA},
  author =       {Pirotta, Matteo and Restelli, Marcello and Pecorino,
                  Alessio and Calandriello, Daniele},
  booktitle =    {Proceedings of the 30th International Conference on
                  Machine Learning (ICML)},
  month =        {June},
  note =
                  {\url{http://proceedings.mlr.press/v28/pirotta13.html}},
  openalex =     {W2112583795},
  pages =        {307--315},
  publisher =    {JMLR.org},
  series =       {Workshop and Conference Proceedings},
  title =        {Safe Policy Iteration},
  volume =       28,
  year =         2013
}

@inproceedings{qi2013message,
  address =      {Atlanta, Georgia, USA},
  author =       {Qi, Yuan and Guo, Yandong},
  booktitle =    {Proceedings of the 30th International Conference on
                  Machine Learning (ICML)},
  month =        {June},
  note =         {\url{http://proceedings.mlr.press/v28/qi13.html}},
  openalex =     {W2129270363},
  pages =        {262--270},
  publisher =    {JMLR.org},
  series =       {Workshop and Conference Proceedings},
  title =        {Message passing with l1 penalized KL minimization},
  volume =       28,
  year =         2013
}

@inproceedings{raman2013stable,
  address =      {Atlanta, Georgia, USA},
  author =       {Raman, Karthik and Joachims, Thorsten and
                  Shivaswamy, Pannaga and Schnabel, Tobias},
  booktitle =    {Proceedings of the 30th International Conference on
                  Machine Learning (ICML)},
  month =        {June},
  note =         {\url{http://proceedings.mlr.press/v28/raman13.html}},
  openalex =     {W2114503508},
  pages =        {837--845},
  publisher =    {JMLR.org},
  series =       {JMLR Workshop and Conference Proceedings},
  title =        {Stable Coactive Learning via Perturbation},
  volume =       28,
  year =         2013
}

@inproceedings{ramdas2013optimal,
  address =      {Atlanta, Georgia, USA},
  author =       {Ramdas, Aaditya and Singh, Aarti},
  booktitle =    {Proceedings of the 30th International Conference on
                  Machine Learning (ICML)},
  month =        {June},
  note =
                  {\url{\url{http://proceedings.mlr.press/v28/ramdas13.html}}},
  openalex =     {W116104437},
  pages =        {365--373},
  publisher =    {JMLR.org},
  series =       {Workshop and Conference Proceedings},
  title =        {Optimal rates for stochastic convex optimization
                  under Tsybakov noise condition},
  volume =       28,
  year =         2013
}

@inproceedings{ranganath2013adaptive,
  address =      {Atlanta, Georgia, USA},
  author =       {Ranganath, Rajesh and Wang, Chong and Blei, David
                  and Xing, Eric P.},
  booktitle =    {Proceedings of the 30th International Conference on
                  Machine Learning (ICML)},
  month =        {June},
  note =
                  {\url{http://proceedings.mlr.press/v28/ranganath13.html}},
  openalex =     {W2148721460},
  pages =        {298--306},
  publisher =    {JMLR.org},
  series =       {JMLR Workshop and Conference Proceedings},
  title =        {An Adaptive Learning Rate for Stochastic Variational
                  Inference},
  volume =       28,
  year =         2013
}

@inproceedings{rastegari2013predictable,
  address =      {Atlanta, Georgia, USA},
  author =       {Rastegari, Mohammad and Choi, Jonghyun and Fakhraei,
                  Shobeir and Daumé, Hal and Davis, Larry S.},
  booktitle =    {Proceedings of the 30th International Conference on
                  Machine Learning (ICML)},
  month =        {June},
  note =
                  {\url{http://proceedings.mlr.press/v28/rastegari13.html}},
  openalex =     {W2162666105},
  pages =        {1328--1336},
  publisher =    {JMLR.org},
  series =       {Workshop and Conference Proceedings},
  title =        {Predictable Dual-View Hashing},
  volume =       28,
  year =         2013
}

@inproceedings{rebagliati2013strict,
  address =      {Atlanta, Georgia, USA},
  author =       {Rebagliati, Nicola},
  booktitle =    {Proceedings of the 30th International Conference on
                  Machine Learning (ICML)},
  month =        {June},
  note =
                  {\url{http://proceedings.mlr.press/v28/rebagliati13.html}},
  openalex =     {W2158804804},
  pages =        {163--171},
  publisher =    {JMLR.org},
  series =       {JMLR Workshop and Conference Proceedings},
  title =        {Strict Monotonicity of Sum of Squares Error and
                  Normalized Cut in the Lattice of Clusterings},
  volume =       28,
  year =         2013
}

@inproceedings{reddi2013scale,
  address =      {Atlanta, Georgia, USA},
  author =       {Reddi, Sashank J. and Póczos, Barnabás},
  booktitle =    {Proceedings of the 30th International Conference on
                  Machine Learning (ICML)},
  month =        {June},
  note =
                  {\url{http://proceedings.mlr.press/v28/jreddi13.html}},
  openalex =     {W2113966655},
  pages =        {1355--1363},
  publisher =    {JMLR.org},
  series =       {Workshop and Conference Proceedings},
  title =        {Scale Invariant Conditional Dependence Measures},
  volume =       28,
  year =         2013
}

@inproceedings{reed2013scaling,
  address =      {Atlanta, Georgia, USA},
  author =       {Reed, Colorado and Ghahramani, Zoubin},
  booktitle =    {Proceedings of the 30th International Conference on
                  Machine Learning (ICML)},
  month =        {June},
  note =         {\url{http://proceedings.mlr.press/v28/reed13.html}},
  openalex =     {W2138521762},
  pages =        {1013--1021},
  publisher =    {JMLR.org},
  series =       {Workshop and Conference Proceedings},
  title =        {Scaling the Indian Buffet Process via Submodular
                  Maximization},
  volume =       28,
  year =         2013
}

@inproceedings{richard2013intersecting,
  address =      {Atlanta, Georgia, USA},
  author =       {Richard, Émile and Bach, Francis and Vert,
                  Jean‐Philippe},
  booktitle =    {Proceedings of the 30th International Conference on
                  Machine Learning (ICML)},
  month =        {June},
  note =
                  {\url{http://proceedings.mlr.press/v28/richard13.html}},
  openalex =     {W60530159},
  pages =        {1157--1165},
  publisher =    {JMLR.org},
  series =       {Workshop and Conference Proceedings},
  title =        {Intersecting singularities for multi-structured
                  estimation},
  volume =       28,
  year =         2013
}

@inproceedings{rol2013learning,
  address =      {Atlanta, Georgia, USA},
  author =       {Memisevic, Roland and Exarchakis, Georgios},
  booktitle =    {Proceedings of the 30th International Conference on
                  Machine Learning (ICML)},
  month =        {June},
  note =
                  {\url{http://proceedings.mlr.press/v28/memisevic13.html}},
  openalex =     {W2141998831},
  pages =        {100--108},
  publisher =    {JMLR.org},
  series =       {JMLR Workshop and Conference Proceedings},
  title =        {Learning invariant features by harnessing the
                  aperture problem},
  volume =       28,
  year =         2013
}

@inproceedings{romeraparedes2013multilinear,
  address =      {Atlanta, Georgia, USA},
  author =       {Romera‐Paredes, Bernardino and Aung, Hane and
                  Bianchi‐Berthouze, Nadia and Pontil, Massimiliano},
  booktitle =    {Proceedings of the 30th International Conference on
                  Machine Learning (ICML)},
  month =        {June},
  note =
                  {\url{http://proceedings.mlr.press/v28/romera-paredes13.html}},
  openalex =     {W1520871589},
  pages =        {1444--1452},
  publisher =    {Journal of Machine Learning Research (JLMR)},
  series =       {Workshop and Conference Proceedings},
  title =        {Multilinear Multitask Learning},
  volume =       28,
  year =         2013
}

@inproceedings{ross2013learning,
  address =      {Atlanta, Georgia, USA},
  author =       {Ross, Stéphane and Zhou, Jiaji and Yue, Yisong and
                  Dey, Debadeepta and Bagnell, J. Andrew},
  booktitle =    {Proceedings of the 30th International Conference on
                  Machine Learning (ICML)},
  month =        {June},
  note =         {\url{http://proceedings.mlr.press/v28/ross13b.html}},
  openalex =     {W2952196914},
  pages =        {1364--1372},
  publisher =    {JMLR.org},
  series =       {Workshop and Conference Proceedings},
  title =        {Learning Policies for Contextual Submodular
                  Prediction},
  volume =       28,
  year =         2013
}

@inproceedings{ross2013nonparametric,
  address =      {Atlanta, Georgia, USA},
  author =       {Ross, James C. and Dy, Jennifer},
  booktitle =    {Proceedings of the 30th International Conference on
                  Machine Learning (ICML)},
  month =        {June},
  note =         {\url{http://proceedings.mlr.press/v28/ross13a.html}},
  openalex =     {W33832734},
  pages =        {1346--1354},
  publisher =    {JMLR.org},
  series =       {Workshop and Conference Proceedings},
  title =        {Nonparametric Mixture of Gaussian Processes with
                  Constraints},
  volume =       28,
  year =         2013
}

@inproceedings{ruvolo2013ella,
  address =      {Atlanta, Georgia, USA},
  author =       {Ruvolo, Paul and Eaton, Eric},
  booktitle =    {Proceedings of the 30th International Conference on
                  Machine Learning (ICML)},
  month =        {June},
  note =
                  {\url{http://proceedings.mlr.press/v28/ruvolo13.html}},
  openalex =     {W1519626139},
  pages =        {507--515},
  publisher =    {Journal of Machine Learning Research (JMLR)},
  series =       {Workshop and Conference Proceedings},
  title =        {ELLA: An Efficient Lifelong Learning Algorithm},
  volume =       28,
  year =         2013
}

@inproceedings{sabato2013feature,
  address =      {Atlanta, Georgia, USA},
  author =       {Sabato, Sivan and Kalai, Adam},
  booktitle =    {Proceedings of the 30th International Conference on
                  Machine Learning (ICML)},
  month =        {June},
  note =
                  {\url{http://proceedings.mlr.press/v28/sabato13.html}},
  pages =        {810--818},
  publisher =    {JMLR.org},
  series =       {JMLR Workshop and Conference Proceedings},
  title =        {Feature Multi-Selection among Subjective Features},
  volume =       28,
  year =         2013
}

@inproceedings{salazar2013exploring,
  address =      {Atlanta, Georgia, USA},
  author =       {Salazar, Esther and Bogdan, Ryan and Gorka, Adam
                  X. and Hariri, Ahmad R. and Carin, Lawrence},
  booktitle =    {Proceedings of the 30th International Conference on
                  Machine Learning (ICML)},
  month =        {June},
  note =
                  {\url{http://proceedings.mlr.press/v28/salazar13.html}},
  openalex =     {W2148820137},
  pages =        {262--270},
  publisher =    {JMLR.org},
  series =       {JMLR Workshop and Conference Proceedings},
  title =        {Exploring the Mind: Integrating Questionnaires and
                  fMRI},
  volume =       28,
  year =         2013
}

@inproceedings{schaul2013no,
  address =      {Atlanta, Georgia, USA},
  author =       {Schaul, Tom and Zhang, Sixin and LeCun, Yann},
  booktitle =    {Proceedings of the 30th International Conference on
                  Machine Learning (ICML)},
  month =        {June},
  note =
                  {\url{http://proceedings.mlr.press/v28/schaul13.html}},
  openalex =     {W2120420045},
  pages =        {343--351},
  publisher =    {JMLR.org},
  series =       {Workshop and Conference Proceedings},
  title =        {No More Pesky Learning Rates},
  volume =       28,
  year =         2013
}

@inproceedings{seijen2013planning,
  address =      {Atlanta, Georgia, USA},
  author =       {Seijen, Harm van and Sutton, Richard S.},
  booktitle =    {Proceedings of the 30th International Conference on
                  Machine Learning (ICML)},
  month =        {June},
  note =
                  {\url{http://proceedings.mlr.press/v28/vanseijen13.html}},
  openalex =     {W1602154927},
  pages =        {361--369},
  publisher =    {JMLR.org},
  series =       {Workshop and Conference Proceedings},
  title =        {Planning by Prioritized Sweeping with Small Backups},
  volume =       28,
  year =         2013
}

@inproceedings{shalit2013modeling,
  address =      {Atlanta, Georgia, USA},
  author =       {Shalit, Uri and Weinshall, Daphna and Chechik, Gal},
  booktitle =    {Proceedings of the 30th International Conference on
                  Machine Learning (ICML)},
  month =        {June},
  note =
                  {\url{http://proceedings.mlr.press/v28/shalit13.html}},
  openalex =     {W136069565},
  pages =        {244--252},
  publisher =    {JMLR.org},
  series =       {JMLR Workshop and Conference Proceedings},
  title =        {Modeling Musical Influence with Topic Models},
  volume =       28,
  year =         2013
}

@inproceedings{shamir2013stochastic,
  address =      {Atlanta, Georgia, USA},
  author =       {Shamir, Ohad and Zhang, Tong},
  booktitle =    {Proceedings of the 30th International Conference on
                  Machine Learning (ICML)},
  month =        {June},
  note =
                  {\url{\url{http://proceedings.mlr.press/v28/shamir13.html}}},
  openalex =     {W1516903196},
  pages =        {71--79},
  publisher =    {JMLR.org},
  series =       {Workshop and Conference Proceedings},
  title =        {Stochastic Gradient Descent for Non-smooth
                  Optimization: Convergence Results and Optimal
                  Averaging Schemes},
  volume =       28,
  year =         2013
}

@inproceedings{sheldon2013approximate,
  address =      {Atlanta, Georgia, USA},
  author =       {Sheldon, Daniel and Sun, Tao and Kumar, Akshat and
                  Dietterich, Thomas G.},
  booktitle =    {Proceedings of the 30th International Conference on
                  Machine Learning (ICML)},
  month =        {June},
  note =
                  {\url{http://proceedings.mlr.press/v28/sheldon13.html}},
  pages =        {1004--1012},
  publisher =    {JMLR.org},
  series =       {Workshop and Conference Proceedings},
  title =        {Approximate Inference in Collective Graphical
                  Models},
  volume =       28,
  year =         2013
}

@inproceedings{shender2013computationrisk,
  address =      {Atlanta, Georgia, USA},
  author =       {Shender, Dinah and Lafferty, John},
  booktitle =    {Proceedings of the 30th International Conference on
                  Machine Learning (ICML)},
  month =        {June},
  note =
                  {\url{http://proceedings.mlr.press/v28/shender13.html}},
  openalex =     {W2106086802},
  pages =        {756--764},
  publisher =    {JMLR.org},
  series =       {JMLR Workshop and Conference Proceedings},
  title =        {Computation-Risk Tradeoffs for
                  Covariance-Thresholded Regression},
  volume =       28,
  year =         2013
}

@inproceedings{shin2013new,
  address =      {Atlanta, Georgia, USA},
  author =       {Shin, Kilho},
  booktitle =    {Proceedings of the 30th International Conference on
                  Machine Learning (ICML)},
  month =        {June},
  note =
                  {\url{\url{http://proceedings.mlr.press/v28/shin13.html}}},
  openalex =     {W2168535091},
  pages =        {401--409},
  publisher =    {JMLR.org},
  series =       {Workshop and Conference Proceedings},
  title =        {A New Frontier of Kernel Design for Structured Data},
  volume =       28,
  year =         2013
}

@inproceedings{silver2013concurrent,
  address =      {Atlanta, Georgia, USA},
  author =       {Silver, David and Newnham, L. and Barker, David and
                  Weller, Suzanne and McFall, Jason},
  booktitle =    {Proceedings of the 30th International Conference on
                  Machine Learning (ICML)},
  month =        {June},
  note =
                  {\url{http://proceedings.mlr.press/v28/silver13.html}},
  openalex =     {W2142620093},
  pages =        {924--932},
  publisher =    {JMLR.org},
  series =       {JMLR Workshop and Conference Proceedings},
  title =        {Concurrent Reinforcement Learning from Customer
                  Interactions},
  volume =       28,
  year =         2013
}

@inproceedings{simsekli2013learning,
  address =      {Atlanta, Georgia, USA},
  author =       {Şimşekli, Umut and Cemgil, Ali Taylan and Yilmaz,
                  Yusuf Kenan},
  booktitle =    {Proceedings of the 30th International Conference on
                  Machine Learning (ICML)},
  month =        {June},
  note =
                  {\url{http://proceedings.mlr.press/v28/simsekli13.html}},
  openalex =     {W89788180},
  pages =        {1409--1417},
  publisher =    {Journal of Machine Learning Research (JLMR)},
  series =       {Workshop and Conference Proceedings},
  title =        {Learning the beta-Divergence in Tweedie Compound
                  Poisson Matrix Factorization Models},
  volume =       28,
  year =         2013
}

@inproceedings{sodomka2013cocoq,
  address =      {Atlanta, Georgia, USA},
  author =       {Sodomka, Eric and Hilliard, Elizabeth and Littman,
                  Michael L. and Greenwald, Amy},
  booktitle =    {Proceedings of the 30th International Conference on
                  Machine Learning (ICML)},
  month =        {June},
  note =
                  {\url{http://proceedings.mlr.press/v28/sodomka13.html}},
  openalex =     {W2096612958},
  pages =        {1471--1479},
  publisher =    {Journal of Machine Learning Research (JLMR)},
  series =       {Workshop and Conference Proceedings},
  title =        {Coco-Q: Learning in Stochastic Games with Side
                  Payments},
  volume =       28,
  year =         2013
}

@inproceedings{sohn2013learning,
  address =      {Atlanta, Georgia, USA},
  author =       {Sohn, Kihyuk and Zhou, Guanyu and Lee, Chansoo and
                  Lee, Honglak},
  booktitle =    {Proceedings of the 30th International Conference on
                  Machine Learning (ICML)},
  month =        {June},
  note =         {\url{http://proceedings.mlr.press/v28/sohn13.html}},
  openalex =     {W2141779515},
  pages =        {217--225},
  publisher =    {JMLR.org},
  series =       {JMLR Workshop and Conference Proceedings},
  title =        {Learning and Selecting Features Jointly with
                  Point-wise Gated Boltzmann Machines},
  volume =       28,
  year =         2013
}

@inproceedings{song2013hierarchical,
  address =      {Atlanta, Georgia, USA},
  author =       {Song, Le and Ishteva, Mariya and Parikh, Ankur
                  P. and Xing, Eric P. and Park, Haesun},
  booktitle =    {Proceedings of the 30th International Conference on
                  Machine Learning (ICML)},
  month =        {June},
  note =         {\url{http://proceedings.mlr.press/v28/song13.html}},
  openalex =     {W2125124498},
  pages =        {334--342},
  publisher =    {JMLR.org},
  series =       {Workshop and Conference Proceedings},
  title =        {Hierarchical Tensor Decomposition of Latent Tree
                  Graphical Models},
  volume =       28,
  year =         2013
}

@inproceedings{sun2013saving,
  address =      {Atlanta, Georgia, USA},
  author =       {Sun, Peng and Zhou, Jie},
  booktitle =    {Proceedings of the 30th International Conference on
                  Machine Learning (ICML)},
  month =        {June},
  note =         {\url{http://proceedings.mlr.press/v28/sun13.html}},
  openalex =     {W2128586925},
  pages =        {933--941},
  publisher =    {JMLR.org},
  series =       {JMLR Workshop and Conference Proceedings},
  title =        {Saving Evaluation Time for the Decision Function in
                  Boosting: Representation and Reordering Base
                  Learner},
  volume =       28,
  year =         2013
}

@inproceedings{sutskever2013on,
  address =      {Atlanta, Georgia, USA},
  author =       {Sutskever, Ilya and Martens, James and Dahl, George
                  E. and Hinton, Geoffrey E.},
  booktitle =    {Proceedings of the 30th International Conference on
                  Machine Learning (ICML)},
  month =        {June},
  note =
                  {\url{http://proceedings.mlr.press/v28/sutskever13.html}},
  openalex =     {W104184427},
  pages =        {1139--1147},
  publisher =    {JMLR.org},
  series =       {Workshop and Conference Proceedings},
  title =        {On the importance of initialization and momentum in
                  deep learning},
  volume =       28,
  year =         2013
}

@inproceedings{suzuki2013dual,
  address =      {Atlanta, Georgia, USA},
  author =       {Suzuki, Taiji},
  booktitle =    {Proceedings of the 30th International Conference on
                  Machine Learning (ICML)},
  month =        {June},
  note =
                  {\url{\url{http://proceedings.mlr.press/v28/suzuki13.html}}},
  openalex =     {W25321933},
  pages =        {392--400},
  publisher =    {JMLR.org},
  series =       {Workshop and Conference Proceedings},
  title =        {Dual Averaging and Proximal Gradient Descent for
                  Online Alternating Direction Multiplier Method},
  volume =       28,
  year =         2013
}

@inproceedings{sznitman2013optimal,
  address =      {Atlanta, Georgia, USA},
  author =       {Sznitman, Raphael and Lucchi, Aurélien and Frazier,
                  Peter I. and Jedynak, Bruno and Fua, Pascal},
  booktitle =    {Proceedings of the 30th International Conference on
                  Machine Learning (ICML)},
  month =        {June},
  note =
                  {\url{\url{http://proceedings.mlr.press/v28/sznitman13.html}}},
  openalex =     {W2119614141},
  pages =        {1--9},
  publisher =    {JMLR.org},
  series =       {Workshop and Conference Proceedings},
  title =        {An Optimal Policy for Target Localization with
                  Application to Electron Microscopy},
  volume =       28,
  year =         2013
}

@inproceedings{szörenyi2013gossipbased,
  address =      {Atlanta, Georgia, USA},
  author =       {Szörényi, Balázs and Busa‐Fekete, Róbert and
                  Hegedüs, István and Ormándi, Róbert and Jelasity,
                  Márk and Kégl, Balázs},
  booktitle =    {Proceedings of the 30th International Conference on
                  Machine Learning (ICML)},
  month =        {June},
  note =
                  {\url{http://proceedings.mlr.press/v28/szorenyi13.html}},
  openalex =     {W2154806095},
  pages =        {19--27},
  publisher =    {JMLR.org},
  series =       {JMLR Workshop and Conference Proceedings},
  title =        {Gossip-based distributed stochastic bandit
                  algorithms},
  volume =       28,
  year =         2013
}

@inproceedings{takac2013minibatch,
  address =      {Atlanta, Georgia, USA},
  author =       {Takác, Martin and Bijral, Avleen Singh and
                  Richtárik, Peter and Srebro, Nati},
  booktitle =    {Proceedings of the 30th International Conference on
                  Machine Learning (ICML)},
  month =        {June},
  note =         {\url{http://proceedings.mlr.press/v28/takac13.html}},
  pages =        {1022--1030},
  publisher =    {JMLR.org},
  series =       {Workshop and Conference Proceedings},
  title =        {Mini-Batch Primal and Dual Methods for SVMs},
  volume =       28,
  year =         2013
}

@inproceedings{takhanov2013inference,
  address =      {Atlanta, Georgia, USA},
  author =       {Kolmogorov, Vladimir and Takhanov, Rustem},
  booktitle =    {Proceedings of the 30th International Conference on
                  Machine Learning (ICML)},
  month =        {June},
  note =
                  {\url{http://proceedings.mlr.press/v28/kolmogorov13.html}},
  openalex =     {W2157550084},
  pages =        {145--153},
  publisher =    {JMLR.org},
  series =       {JMLR Workshop and Conference Proceedings},
  title =        {Inference Algorithms for Pattern-Based CRFs on
                  Sequence Data},
  volume =       28,
  year =         2013
}

@inproceedings{tamar2013temporal,
  address =      {Atlanta, Georgia, USA},
  author =       {Tamar, Aviv and Castro, Dotan Di and Mannor, Shie},
  booktitle =    {Proceedings of the 30th International Conference on
                  Machine Learning (ICML)},
  month =        {June},
  note =         {\url{http://proceedings.mlr.press/v28/tamar13.html}},
  openalex =     {W89883662},
  pages =        {495--503},
  publisher =    {JMLR.org},
  series =       {Workshop and Conference Proceedings},
  title =        {Temporal Difference Methods for the Variance of the
                  Reward To Go},
  volume =       28,
  year =         2013
}

@inproceedings{tang2013tensor,
  address =      {Atlanta, Georgia, USA},
  author =       {Tang, Yichuan and Salakhutdinov, Ruslan and Hinton,
                  Geoffrey E.},
  booktitle =    {Proceedings of the 30th International Conference on
                  Machine Learning (ICML)},
  month =        {June},
  note =         {\url{http://proceedings.mlr.press/v28/tang13.html}},
  openalex =     {W2294277889},
  pages =        {163--171},
  publisher =    {JMLR.org},
  series =       {JMLR Workshop and Conference Proceedings},
  title =        {Tensor Analyzers},
  volume =       28,
  year =         2013
}

@inproceedings{tarlow2013stochastic,
  address =      {Atlanta, Georgia, USA},
  author =       {Tarlow, Daniel and Swersky, Kevin and Charlin,
                  Laurent and Sutskever, Ilya and Zemel, Rich},
  booktitle =    {Proceedings of the 30th International Conference on
                  Machine Learning (ICML)},
  month =        {June},
  note =
                  {\url{http://proceedings.mlr.press/v28/tarlow13.html}},
  openalex =     {W2161627023},
  pages =        {199--207},
  publisher =    {JMLR.org},
  series =       {Workshop and Conference Proceedings},
  title =        {Stochastic k-Neighborhood Selection for Supervised
                  and Unsupervised Learning},
  volume =       28,
  year =         2013
}

@inproceedings{tesch2013expensive,
  address =      {Atlanta, Georgia, USA},
  author =       {Tesch, Matthew and Schneider, Jeff and Choset,
                  Howie},
  booktitle =    {Proceedings of the 30th International Conference on
                  Machine Learning (ICML)},
  month =        {June},
  note =         {\url{http://proceedings.mlr.press/v28/tesch13.html}},
  openalex =     {W2158873045},
  pages =        {1283--1291},
  publisher =    {JMLR.org},
  series =       {Workshop and Conference Proceedings},
  title =        {Expensive Function Optimization with Stochastic
                  Binary Outcomes},
  volume =       28,
  year =         2013
}

@inproceedings{torkamani2013convex,
  address =      {Atlanta, Georgia, USA},
  author =       {Torkamani, MohamadAli and Lowd, Daniel},
  booktitle =    {Proceedings of the 30th International Conference on
                  Machine Learning (ICML)},
  month =        {June},
  note =
                  {\url{http://proceedings.mlr.press/v28/torkamani13.html}},
  openalex =     {W131956760},
  pages =        {642--650},
  publisher =    {Journal of Machine Learning Research (JMLR)},
  series =       {Workshop and Conference Proceedings},
  title =        {Convex Adversarial Collective Classification},
  volume =       28,
  year =         2013
}

@inproceedings{toulis2013estimation,
  address =      {Atlanta, Georgia, USA},
  author =       {Toulis, Panos and Kao, Edward K.},
  booktitle =    {Proceedings of the 30th International Conference on
                  Machine Learning (ICML)},
  month =        {June},
  note =
                  {\url{http://proceedings.mlr.press/v28/toulis13.html}},
  openalex =     {W2148349356},
  pages =        {1489--1497},
  publisher =    {Journal of Machine Learning Research (JLMR)},
  series =       {Workshop and Conference Proceedings},
  title =        {Estimation of Causal Peer Influence Effects},
  volume =       28,
  year =         2013
}

@inproceedings{tran2013thurstonian,
  address =      {Atlanta, Georgia, USA},
  author =       {Tran, Truyen and Phung, Dinh and Venkatesh, Svetha},
  booktitle =    {Proceedings of the 30th International Conference on
                  Machine Learning (ICML)},
  month =        {June},
  note =         {\url{http://proceedings.mlr.press/v28/tran13.html}},
  openalex =     {W2108643230},
  pages =        {46--54},
  publisher =    {Journal of Machine Learning Research (JMLR)},
  series =       {Workshop and Conference Proceedings},
  title =        {Thurstonian Boltzmann Machines: Learning from
                  Multiple Inequalities},
  volume =       28,
  year =         2013
}

@inproceedings{trandinh2013proximal,
  address =      {Atlanta, Georgia, USA},
  author =       {Dinh, Quoc Tran and Kyrillidis, Anastasios and
                  Cevher, Volkan},
  booktitle =    {Proceedings of the 30th International Conference on
                  Machine Learning (ICML)},
  month =        {June},
  note =
                  {\url{http://proceedings.mlr.press/v28/trandinh13.html}},
  openalex =     {W1566327188},
  pages =        {271--279},
  publisher =    {JMLR.org},
  series =       {JMLR Workshop and Conference Proceedings},
  title =        {A proximal Newton framework for composite
                  minimization: Graph learning without Cholesky
                  decompositions and matrix inversions},
  volume =       28,
  year =         2013
}

@inproceedings{urvoy2013generic,
  address =      {Atlanta, Georgia, USA},
  author =       {Urvoy, Tanguy and Clérot, Fabrice and raud, Raphael
                  F and Naamane, Sami},
  booktitle =    {Proceedings of the 30th International Conference on
                  Machine Learning (ICML)},
  month =        {June},
  note =         {\url{http://proceedings.mlr.press/v28/urvoy13.html}},
  openalex =     {W50636094},
  pages =        {91--99},
  publisher =    {Journal of Machine Learning Research (JMLR)},
  series =       {Workshop and Conference Proceedings},
  title =        {Generic Exploration and K-armed Voting Bandits},
  volume =       28,
  year =         2013
}

@inproceedings{valko2013stochastic,
  address =      {Atlanta, Georgia, USA},
  author =       {Valko, Michal and Carpentier, Alexandra and Munos,
                  Rémi},
  booktitle =    {Proceedings of the 30th International Conference on
                  Machine Learning (ICML)},
  month =        {June},
  note =         {\url{http://proceedings.mlr.press/v28/valko13.html}},
  openalex =     {W57706852},
  pages =        {19--27},
  publisher =    {Journal of Machine Learning Research (JMLR)},
  series =       {Workshop and Conference Proceedings},
  title =        {Stochastic Simultaneous Optimistic Optimization},
  volume =       28,
  year =         2013
}

@inproceedings{vandermaten2013learning,
  address =      {Atlanta, Georgia, USA},
  author =       {Maaten, Laurens van der and Chen, Minmin and Tyree,
                  Stephen and Weinberger, Kilian Q.},
  booktitle =    {Proceedings of the 30th International Conference on
                  Machine Learning (ICML)},
  month =        {June},
  note =
                  {\url{http://proceedings.mlr.press/v28/vandermaaten13.html}},
  openalex =     {W2158542502},
  pages =        {410--418},
  publisher =    {Journal of Machine Learning Research (JMLR)},
  series =       {Workshop and Conference Proceedings},
  title =        {Learning with Marginalized Corrupted Features},
  volume =       28,
  year =         2013
}

@inproceedings{vladymyrov2013entropic,
  address =      {Atlanta, Georgia, USA},
  author =       {Vladymyrov, Max and Carreira-Perpiñán, Miguel Á.},
  booktitle =    {Proceedings of the 30th International Conference on
                  Machine Learning (ICML)},
  month =        {June},
  note =
                  {\url{http://proceedings.mlr.press/v28/vladymyrov13.html}},
  openalex =     {W164606317},
  pages =        {477--485},
  publisher =    {JMLR.org},
  series =       {Workshop and Conference Proceedings},
  title =        {Entropic Affinities: Properties and Efficient
                  Numerical Computation},
  volume =       28,
  year =         2013
}

@inproceedings{wan2013regularization,
  address =      {Atlanta, Georgia, USA},
  author =       {Wan, Li and Zeiler, Matthew D. and Zhang, Sixin and
                  Cun, Y. Le and Fergus, Rob},
  booktitle =    {Proceedings of the 30th International Conference on
                  Machine Learning (ICML)},
  month =        {June},
  note =         {\url{http://proceedings.mlr.press/v28/wan13.html}},
  openalex =     {W4919037},
  pages =        {1058--1066},
  publisher =    {JMLR.org},
  series =       {Workshop and Conference Proceedings},
  title =        {Regularization of Neural Networks using DropConnect},
  volume =       28,
  year =         2013
}

@inproceedings{wang2013adaptive,
  address =      {Atlanta, Georgia, USA},
  author =       {wang, ziyu and Mohamed, Shakir and Freitas, Nando
                  de},
  booktitle =    {Proceedings of the 30th International Conference on
                  Machine Learning (ICML)},
  month =        {June},
  note =         {\url{http://proceedings.mlr.press/v28/wang13e.html}},
  openalex =     {W2951059525},
  pages =        {1462--1470},
  publisher =    {Journal of Machine Learning Research (JLMR)},
  series =       {Workshop and Conference Proceedings},
  title =        {Adaptive Hamiltonian and Riemann Manifold Monte
                  Carlo Samplers},
  volume =       28,
  year =         2013
}

@inproceedings{wang2013fasta,
  address =      {Atlanta, Georgia, USA},
  author =       {Wang, Sida and Manning, Christopher D.},
  booktitle =    {Proceedings of the 30th International Conference on
                  Machine Learning (ICML)},
  month =        {June},
  note =         {\url{http://proceedings.mlr.press/v28/wang13a.html}},
  openalex =     {W35527955},
  pages =        {118--126},
  publisher =    {Journal of Machine Learning Research (JMLR)},
  series =       {Workshop and Conference Proceedings},
  title =        {Fast dropout training},
  volume =       28,
  year =         2013
}

@inproceedings{wang2013fastb,
  address =      {Atlanta, Georgia, USA},
  author =       {Wang, Huayan and Koller, Daphne},
  booktitle =    {Proceedings of the 30th International Conference on
                  Machine Learning (ICML)},
  month =        {June},
  note =         {\url{http://proceedings.mlr.press/v28/wang13f.html}},
  pages =        {190--198},
  publisher =    {JMLR.org},
  series =       {Workshop and Conference Proceedings},
  title =        {A Fast and Exact Energy Minimization Algorithm for
                  Cycle MRFs},
  volume =       28,
  year =         2013
}

@inproceedings{wang2013maxmargin,
  address =      {Atlanta, Georgia, USA},
  author =       {Wang, Xinggang and Wang, Baoyuan and Bai, Xiang and
                  Liu, Wenyu and Tu, Zhuowen},
  booktitle =    {Proceedings of the 30th International Conference on
                  Machine Learning (ICML)},
  month =        {June},
  note =         {\url{http://proceedings.mlr.press/v28/wang13d.html}},
  openalex =     {W2101350717},
  pages =        {846--854},
  publisher =    {JMLR.org},
  series =       {JMLR Workshop and Conference Proceedings},
  title =        {Max-Margin Multiple-Instance Dictionary Learning},
  volume =       28,
  year =         2013
}

@inproceedings{wang2013multiview,
  address =      {Atlanta, Georgia, USA},
  author =       {Wang, Hua and Nie, Feiping and Huang, Heng},
  booktitle =    {Proceedings of the 30th International Conference on
                  Machine Learning (ICML)},
  month =        {June},
  note =         {\url{http://proceedings.mlr.press/v28/wang13c.html}},
  openalex =     {W2105709960},
  pages =        {352--360},
  publisher =    {JMLR.org},
  series =       {Workshop and Conference Proceedings},
  title =        {Multi-View Clustering and Feature Learning via
                  Structured Sparsity},
  volume =       28,
  year =         2013
}

@inproceedings{wang2013noisy,
  address =      {Atlanta, Georgia, USA},
  author =       {Wang, Yu-Xiang and Xu, Huan},
  booktitle =    {Proceedings of the 30th International Conference on
                  Machine Learning (ICML)},
  month =        {June},
  note =
                  {\url{\url{http://proceedings.mlr.press/v28/wang13.html}}},
  openalex =     {W2615383372},
  pages =        {89--97},
  publisher =    {JMLR.org},
  series =       {Workshop and Conference Proceedings},
  title =        {Noisy sparse subspace clustering},
  volume =       28,
  year =         2013
}

@inproceedings{wang2013robust,
  address =      {Atlanta, Georgia, USA},
  author =       {Wang, Hua and Nie, Feiping and Huang, Heng},
  booktitle =    {Proceedings of the 30th International Conference on
                  Machine Learning (ICML)},
  month =        {June},
  note =         {\url{http://proceedings.mlr.press/v28/wang13g.html}},
  openalex =     {W2109693548},
  pages =        {298--306},
  publisher =    {JMLR.org},
  series =       {Workshop and Conference Proceedings},
  title =        {Robust and Discriminative Self-Taught Learning},
  volume =       28,
  year =         2013
}

@inproceedings{wang2013subproblemtree,
  address =      {Atlanta, Georgia, USA},
  author =       {Wang, Huayan and Koller, Daphne},
  booktitle =    {Proceedings of the 30th International Conference on
                  Machine Learning (ICML)},
  month =        {June},
  note =         {\url{http://proceedings.mlr.press/v28/wang13b.html}},
  pages =        {190--198},
  publisher =    {JMLR.org},
  series =       {JMLR Workshop and Conference Proceedings},
  title =        {Subproblem-Tree Calibration: A Unified Approach to
                  Max-Product Message Passing},
  volume =       28,
  year =         2013
}

@inproceedings{wauthier2013efficient,
  address =      {Atlanta, Georgia, USA},
  author =       {Wauthier, Fabian L. and Jordan, Michael I. and
                  Jojić, Nebojša},
  booktitle =    {Proceedings of the 30th International Conference on
                  Machine Learning (ICML)},
  month =        {June},
  note =
                  {\url{http://proceedings.mlr.press/v28/wauthier13.html}},
  openalex =     {W2105089228},
  pages =        {109--117},
  publisher =    {JMLR.org},
  series =       {JMLR Workshop and Conference Proceedings},
  title =        {Efficient Ranking from Pairwise Comparisons},
  volume =       28,
  year =         2013
}

@inproceedings{weinshall2013lda,
  address =      {Atlanta, Georgia, USA},
  author =       {Weinshall, Daphna and Levi, Gal and Hanukaev,
                  Dmitri},
  booktitle =    {Proceedings of the 30th International Conference on
                  Machine Learning (ICML)},
  month =        {June},
  note =
                  {\url{http://proceedings.mlr.press/v28/weinshall13.html}},
  openalex =     {W2157573324},
  pages =        {711--719},
  publisher =    {JMLR.org},
  series =       {JMLR Workshop and Conference Proceedings},
  title =        {LDA Topic Model with Soft Assignment of Descriptors
                  to Words},
  volume =       28,
  year =         2013
}

@inproceedings{wen2013sequential,
  address =      {Atlanta, Georgia, USA},
  author =       {Wen, Zheng and Kveton, Branislav and Eriksson, Brian
                  and Bhamidipati, Sandilya},
  booktitle =    {Proceedings of the 30th International Conference on
                  Machine Learning (ICML)},
  month =        {June},
  note =         {\url{http://proceedings.mlr.press/v28/wen13.html}},
  openalex =     {W2151228446},
  pages =        {226--234},
  publisher =    {JMLR.org},
  series =       {JMLR Workshop and Conference Proceedings},
  title =        {Sequential Bayesian Search},
  volume =       28,
  year =         2013
}

@inproceedings{weston2013label,
  address =      {Atlanta, Georgia, USA},
  author =       {Weston, Jason and Makadia, Ameesh and Yee, Hector},
  booktitle =    {Proceedings of the 30th International Conference on
                  Machine Learning (ICML)},
  month =        {June},
  note =
                  {\url{http://proceedings.mlr.press/v28/weston13.html}},
  openalex =     {W2150385485},
  pages =        {181--189},
  publisher =    {JMLR.org},
  series =       {JMLR Workshop and Conference Proceedings},
  title =        {Label Partitioning For Sublinear Ranking},
  volume =       28,
  year =         2013
}

@inproceedings{williamson2013parallel,
  address =      {Atlanta, Georgia, USA},
  author =       {Williamson, Sinead A. and Dubey, Avinava and Xing,
                  Eric P.},
  booktitle =    {Proceedings of the 30th International Conference on
                  Machine Learning (ICML)},
  month =        {June},
  note =
                  {\url{\url{http://proceedings.mlr.press/v28/williamson13.html}}},
  openalex =     {W2125858773},
  pages =        {98--106},
  publisher =    {JMLR.org},
  series =       {Workshop and Conference Proceedings},
  title =        {Parallel Markov Chain Monte Carlo for Nonparametric
                  Mixture Models},
  volume =       28,
  year =         2013
}

@inproceedings{wilson2013gaussian,
  address =      {Atlanta, Georgia, USA},
  author =       {Wilson, Andrew Gordon and Adams, Ryan Prescott},
  booktitle =    {Proceedings of the 30th International Conference on
                  Machine Learning (ICML)},
  month =        {June},
  note =
                  {\url{http://proceedings.mlr.press/v28/wilson13.html}},
  pages =        {1067--1075},
  publisher =    {JMLR.org},
  series =       {Workshop and Conference Proceedings},
  title =        {Gaussian Process Kernels for Pattern Discovery and
                  Extrapolation},
  volume =       28,
  year =         2013
}

@inproceedings{wong2013adaptive,
  address =      {Atlanta, Georgia, USA},
  author =       {Wong, Eleanor and Awate, Suyash P. and Fletcher,
                  P. Thomas},
  booktitle =    {Proceedings of the 30th International Conference on
                  Machine Learning (ICML)},
  month =        {June},
  note =
                  {\url{\url{http://proceedings.mlr.press/v28/wong13.html}}},
  openalex =     {W2169134675},
  pages =        {311--319},
  publisher =    {JMLR.org},
  series =       {Workshop and Conference Proceedings},
  title =        {Adaptive Sparsity in Gaussian Graphical Models},
  volume =       28,
  year =         2013
}

@inproceedings{wu2013dynamic,
  address =      {Atlanta, Georgia, USA},
  author =       {Wu, Yue and Hernández-Lobato, José Miguel and
                  Ghahramani, Zoubin},
  booktitle =    {Proceedings of the 30th International Conference on
                  Machine Learning (ICML)},
  month =        {June},
  note =         {\url{http://proceedings.mlr.press/v28/wu13.html}},
  openalex =     {W1536715901},
  pages =        {558--566},
  publisher =    {JMLR.org},
  series =       {Workshop and Conference Proceedings},
  title =        {Dynamic Covariance Models for Multivariate Financial
                  Time Series},
  volume =       28,
  year =         2013
}

@inproceedings{wulff2013monochromatic,
  address =      {Atlanta, Georgia, USA},
  author =       {Wulff, Sharon and Urner, Ruth and Ben-David, Shai},
  booktitle =    {Proceedings of the 30th International Conference on
                  Machine Learning (ICML)},
  month =        {June},
  note =         {\url{http://proceedings.mlr.press/v28/wulff13.html}},
  openalex =     {W2136275291},
  pages =        {145--153},
  publisher =    {Journal of Machine Learning Research (JMLR)},
  series =       {Workshop and Conference Proceedings},
  title =        {Monochromatic Bi-Clustering},
  volume =       28,
  year =         2013
}

@inproceedings{wulsin2013parsing,
  address =      {Atlanta, Georgia, USA},
  author =       {Wulsin, Drausin and Fox, Emily B. and Litt, Brian},
  booktitle =    {Proceedings of the 30th International Conference on
                  Machine Learning (ICML)},
  month =        {June},
  note =
                  {\url{\url{http://proceedings.mlr.press/v28/wulsin13.html}}},
  openalex =     {W2115953433},
  pages =        {356--364},
  publisher =    {JMLR.org},
  series =       {Workshop and Conference Proceedings},
  title =        {Parsing epileptic events using a Markov switching
                  process model for correlated time series},
  volume =       28,
  year =         2013
}

@inproceedings{wytock2013sparse,
  address =      {Atlanta, Georgia, USA},
  author =       {Wytock, Matt and Kolter, Zico},
  booktitle =    {Proceedings of the 30th International Conference on
                  Machine Learning (ICML)},
  month =        {June},
  note =
                  {\url{http://proceedings.mlr.press/v28/wytock13.html}},
  openalex =     {W2116150816},
  pages =        {1265--1273},
  publisher =    {JMLR.org},
  series =       {Workshop and Conference Proceedings},
  title =        {Sparse Gaussian Conditional Random Fields:
                  Algorithms, Theory, and Application to Energy
                  Forecasting},
  volume =       28,
  year =         2013
}

@inproceedings{xiang2013efficient,
  address =      {Atlanta, Georgia, USA},
  author =       {Xiang, Shuo and Tong, Xiaoshen and Ye, Jieping},
  booktitle =    {Proceedings of the 30th International Conference on
                  Machine Learning (ICML)},
  month =        {June},
  note =
                  {\url{\url{http://proceedings.mlr.press/v28/xiang13.html}}},
  openalex =     {W2129016596},
  pages =        {284--292},
  publisher =    {JMLR.org},
  series =       {Workshop and Conference Proceedings},
  title =        {Efficient Sparse Group Feature Selection via
                  Nonconvex Optimization},
  volume =       28,
  year =         2013
}

@inproceedings{xiao2013domain,
  address =      {Atlanta, Georgia, USA},
  author =       {Xiao, Min and Guo, Yuhong},
  booktitle =    {Proceedings of the 30th International Conference on
                  Machine Learning (ICML)},
  month =        {June},
  note =
                  {\url{\url{http://proceedings.mlr.press/v28/xiao13.html}}},
  openalex =     {W91242194},
  pages =        {293--301},
  publisher =    {JMLR.org},
  series =       {Workshop and Conference Proceedings},
  title =        {Domain Adaptation for Sequence Labeling Tasks with a
                  Probabilistic Language Adaptation Model},
  volume =       28,
  year =         2013
}

@inproceedings{xu2013anytime,
  address =      {Atlanta, Georgia, USA},
  author =       {Xu, Zhixiang and Kusner, Matt J. and Huang, Gao and
                  Weinberger, Kilian Q.},
  booktitle =    {Proceedings of the 30th International Conference on
                  Machine Learning (ICML)},
  month =        {June},
  note =         {\url{http://proceedings.mlr.press/v28/xu13b.html}},
  openalex =     {W1585589143},
  pages =        {1076--1084},
  publisher =    {JMLR.org},
  series =       {Workshop and Conference Proceedings},
  title =        {Anytime Representation Learning},
  volume =       28,
  year =         2013
}

@inproceedings{xu2013costsensitive,
  address =      {Atlanta, Georgia, USA},
  author =       {Xu, Zhixiang and Kusner, Matt J. and Weinberger,
                  Kilian Q. and Chen, Minmin},
  booktitle =    {Proceedings of the 30th International Conference on
                  Machine Learning (ICML)},
  month =        {June},
  note =
                  {\url{\url{http://proceedings.mlr.press/v28/xu13.html}}},
  openalex =     {W2136192430},
  pages =        {133--141},
  publisher =    {JMLR.org},
  series =       {Workshop and Conference Proceedings},
  title =        {Cost-Sensitive Tree of Classifiers},
  volume =       28,
  year =         2013
}

@inproceedings{xu2013fast,
  address =      {Atlanta, Georgia, USA},
  author =       {Xu, Minjie and Zhu, Jun and Zhang, Bo},
  booktitle =    {Proceedings of the 30th International Conference on
                  Machine Learning (ICML)},
  month =        {June},
  note =         {\url{http://proceedings.mlr.press/v28/xu13a.html}},
  openalex =     {W102036530},
  pages =        {978--986},
  publisher =    {JMLR.org},
  series =       {JMLR Workshop and Conference Proceedings},
  title =        {Fast Max-Margin Matrix Factorization with Data
                  Augmentation},
  volume =       28,
  year =         2013
}

@inproceedings{yang2013activized,
  address =      {Atlanta, Georgia, USA},
  author =       {Yang, Liu and Hanneke, Steve},
  booktitle =    {Proceedings of the 30th International Conference on
                  Machine Learning (ICML)},
  month =        {June},
  note =         {\url{http://proceedings.mlr.press/v28/yang13c.html}},
  pages =        {370--378},
  publisher =    {JMLR.org},
  series =       {JMLR Workshop and Conference Proceedings},
  title =        {Activized Learning with Uniform Classification
                  Noise},
  volume =       28,
  year =         2013
}

@inproceedings{yang2013mixture,
  address =      {Atlanta, Georgia, USA},
  author =       {Yang, Shuang-Hong and Zha, Hongyuan},
  booktitle =    {Proceedings of the 30th International Conference on
                  Machine Learning (ICML)},
  month =        {June},
  note =         {\url{http://proceedings.mlr.press/v28/yang13a.html}},
  openalex =     {W2127434196},
  pages =        {1--9},
  publisher =    {Journal of Machine Learning Research (JMLR)},
  series =       {Workshop and Conference Proceedings},
  title =        {Mixture of Mutually Exciting Processes for Viral
                  Diffusion},
  volume =       28,
  year =         2013
}

@inproceedings{yang2013multitask,
  address =      {Atlanta, Georgia, USA},
  author =       {Yang, Ming and Li, Yingming and Zhang, Zhongfei},
  booktitle =    {Proceedings of the 30th International Conference on
                  Machine Learning (ICML)},
  month =        {June},
  note =         {\url{http://proceedings.mlr.press/v28/yang13d.html}},
  pages =        {423--431},
  publisher =    {JMLR.org},
  series =       {Workshop and Conference Proceedings},
  title =        {Multi-Task Learning with Gaussian Matrix Generalized
                  Inverse Gaussian Model},
  volume =       28,
  year =         2013
}

@inproceedings{yang2013quantile,
  address =      {Atlanta, Georgia, USA},
  author =       {Yang, Jiyan and Meng, Xiangrui and Mahoney, Michael
                  W.},
  booktitle =    {Proceedings of the 30th International Conference on
                  Machine Learning (ICML)},
  month =        {June},
  note =         {\url{http://proceedings.mlr.press/v28/yang13f.html}},
  openalex =     {W2586258055},
  pages =        {881--887},
  publisher =    {JMLR.org},
  series =       {JMLR Workshop and Conference Proceedings},
  title =        {Quantile Regression for Large-Scale Applications},
  volume =       28,
  year =         2013
}

@inproceedings{yang2013scalable,
  address =      {Atlanta, Georgia, USA},
  author =       {Yang, Zhirong and Peltonen, Jaakko and Kaski,
                  Samuel},
  booktitle =    {Proceedings of the 30th International Conference on
                  Machine Learning (ICML)},
  month =        {June},
  note =         {\url{http://proceedings.mlr.press/v28/yang13b.html}},
  openalex =     {W2123948358},
  pages =        {127--135},
  publisher =    {Journal of Machine Learning Research (JMLR)},
  series =       {Workshop and Conference Proceedings},
  title =        {Scalable Optimization of Neighbor Embedding for
                  Visualization},
  volume =       28,
  year =         2013
}

@inproceedings{yang2013unified,
  address =      {Atlanta, Georgia, USA},
  author =       {Yang, Wenzhuo and Xu, Huan},
  booktitle =    {Proceedings of the 30th International Conference on
                  Machine Learning (ICML)},
  month =        {June},
  note =         {\url{http://proceedings.mlr.press/v28/yang13e.html}},
  openalex =     {W2155558356},
  pages =        {585--593},
  publisher =    {JMLR.org},
  series =       {JMLR Workshop and Conference Proceedings},
  title =        {A Unified Robust Regression Model for Lasso-like
                  Algorithms},
  volume =       28,
  year =         2013
}

@inproceedings{yi2013semisupervised,
  address =      {Atlanta, Georgia, USA},
  author =       {Yi, Jinfeng and Zhang, Lijun and Jin, Rong and Qian,
                  Qi and Jain, Anil K.},
  booktitle =    {Proceedings of the 30th International Conference on
                  Machine Learning (ICML)},
  month =        {June},
  note =         {\url{http://proceedings.mlr.press/v28/yi13.html}},
  openalex =     {W2102112650},
  pages =        {1400--1408},
  publisher =    {JMLR.org},
  series =       {Workshop and Conference Proceedings},
  title =        {Semi-supervised Clustering by Input Pattern Assisted
                  Pairwise Similarity Matrix Completion},
  volume =       28,
  year =         2013
}

@inproceedings{yoshii2013infinite,
  address =      {Atlanta, Georgia, USA},
  author =       {Yoshii, Kazuyoshi and Tomioka, Ryota and Mochihashi,
                  Daichi and Goto, Masataka},
  booktitle =    {Proceedings of the 30th International Conference on
                  Machine Learning (ICML)},
  month =        {June},
  note =
                  {\url{http://proceedings.mlr.press/v28/yoshii13.html}},
  openalex =     {W41179353},
  pages =        {576--584},
  publisher =    {JMLR.org},
  series =       {Workshop and Conference Proceedings},
  title =        {Infinite Positive Semidefinite Tensor Factorization
                  for Source Separation of Mixture Signals},
  volume =       28,
  year =         2013
}

@inproceedings{yu2013characterizing,
  address =      {Atlanta, Georgia, USA},
  author =       {Yu, Yaoliang and Cheng, Hao and Schuurmans, Dale and
                  Szepesvári, Csaba},
  booktitle =    {Proceedings of the 30th International Conference on
                  Machine Learning (ICML)},
  month =        {June},
  note =         {\url{http://proceedings.mlr.press/v28/yu13.html}},
  openalex =     {W1943663045},
  pages =        {570--578},
  publisher =    {Journal of Machine Learning Research (JMLR)},
  series =       {Workshop and Conference Proceedings},
  title =        {Characterizing the Representer Theorem},
  volume =       28,
  year =         2013
}

@inproceedings{yu2013svm,
  address =      {Atlanta, Georgia, USA},
  author =       {Yu, Felix X. and Liu, Dong and Kumar, Sanjiv and
                  Jebara, Tony and Chang, Shih‐Fu},
  booktitle =    {Proceedings of the 30th International Conference on
                  Machine Learning (ICML)},
  month =        {June},
  note =         {\url{http://proceedings.mlr.press/v28/yu13a.html}},
  openalex =     {W2185563688},
  pages =        {504--512},
  publisher =    {JMLR.org},
  series =       {Workshop and Conference Proceedings},
  title =        {SVM for learning with label proportions},
  volume =       28,
  year =         2013
}

@inproceedings{zemel2013learning,
  address =      {Atlanta, Georgia, USA},
  author =       {Zemel, Richard S. and Wu, Yu and Swersky, Kevin and
                  Pitassi, Toniann and Dwork, Cynthia},
  booktitle =    {Proceedings of the 30th International Conference on
                  Machine Learning (ICML)},
  month =        {June},
  note =         {\url{http://proceedings.mlr.press/v28/zemel13.html}},
  pages =        {325--333},
  publisher =    {JMLR.org},
  series =       {Workshop and Conference Proceedings},
  title =        {Learning Fair Representations},
  volume =       28,
  year =         2013
}

@inproceedings{zhai2013online,
  address =      {Atlanta, Georgia, USA},
  author =       {Zhai, Ke and Boyd‐Graber, Jordan},
  booktitle =    {Proceedings of the 30th International Conference on
                  Machine Learning (ICML)},
  month =        {June},
  note =         {\url{http://proceedings.mlr.press/v28/zhai13.html}},
  openalex =     {W2106316877},
  pages =        {561--569},
  publisher =    {Journal of Machine Learning Research (JMLR)},
  series =       {Workshop and Conference Proceedings},
  title =        {Online Latent Dirichlet Allocation with Infinite
                  Vocabulary},
  volume =       28,
  year =         2013
}

@inproceedings{zhang2013covariate,
  address =      {Atlanta, Georgia, USA},
  author =       {Zhang, Kai and Zheng, Vincent Wenchen and Wang,
                  Qiaojun and Kwok, James Tin-Yau and Yang, Qiang and
                  Marsic, Ivan},
  booktitle =    {Proceedings of the 30th International Conference on
                  Machine Learning (ICML)},
  month =        {June},
  note =
                  {\url{http://proceedings.mlr.press/v28/zhang13b.html}},
  pages =        {388--395},
  publisher =    {JMLR.org},
  series =       {Workshop and Conference Proceedings},
  title =        {Covariate Shift in Hilbert Space: A Solution via
                  Surrogate Kernels},
  volume =       28,
  year =         2013
}

@inproceedings{zhang2013domain,
  address =      {Atlanta, Georgia, USA},
  author =       {Zhang, Kun and Schlkopf, Bernhard and Muandet,
                  Krikamol and Wang, Zhikun},
  booktitle =    {Proceedings of the 30th International Conference on
                  Machine Learning (ICML)},
  month =        {June},
  note =
                  {\url{http://proceedings.mlr.press/v28/zhang13d.html}},
  openalex =     {W2153929442},
  pages =        {819--827},
  publisher =    {JMLR.org},
  series =       {JMLR Workshop and Conference Proceedings},
  title =        {Domain Adaptation under Target and Conditional
                  Shift},
  volume =       28,
  year =         2013
}

@inproceedings{zhang2013mileage,
  address =      {Atlanta, Georgia, USA},
  author =       {Zhang, Dan and He, Jingrui and Si, Luo and Lawrence,
                  Richard D.},
  booktitle =    {Proceedings of the 30th International Conference on
                  Machine Learning (ICML)},
  month =        {June},
  note =
                  {\url{http://proceedings.mlr.press/v28/zhang13a.html}},
  openalex =     {W2156053569},
  pages =        {82--90},
  publisher =    {JMLR.org},
  series =       {JMLR Workshop and Conference Proceedings},
  title =        {MILEAGE: Multiple Instance LEArning with Global
                  Embedding},
  volume =       28,
  year =         2013
}

@inproceedings{zhang2013ologt,
  address =      {Atlanta, Georgia, USA},
  author =       {Zhang, Lijun and Yang, Tianbao and Jin, Rong and He,
                  Xiaofei},
  booktitle =    {Proceedings of the 30th International Conference on
                  Machine Learning (ICML)},
  month =        {June},
  note =
                  {\url{http://proceedings.mlr.press/v28/zhang13e.html}},
  openalex =     {W2952012226},
  pages =        {1121--1129},
  publisher =    {JMLR.org},
  series =       {Workshop and Conference Proceedings},
  title =        {O(logT) Projections for Stochastic Optimization of
                  Smooth and Strongly Convex Functions},
  volume =       28,
  year =         2013
}

@inproceedings{zhang2013online,
  address =      {Atlanta, Georgia, USA},
  author =       {Zhang, Lijun and Yi, Jinfeng and Jin, Rong and Lin,
                  Ming and He, Xiaofei},
  booktitle =    {Proceedings of the 30th International Conference on
                  Machine Learning (ICML)},
  month =        {June},
  note =
                  {\url{http://proceedings.mlr.press/v28/zhang13c.html}},
  openalex =     {W146164349},
  pages =        {621--629},
  publisher =    {JMLR.org},
  series =       {JMLR Workshop and Conference Proceedings},
  title =        {Online Kernel Learning with a Near Optimal Sparsity
                  Bound},
  volume =       28,
  year =         2013
}

@inproceedings{zhang2013sparse,
  address =      {Atlanta, Georgia, USA},
  author =       {Zhang, Xiaowei and Chu, Delin and Tan, Roger C. E.},
  booktitle =    {Proceedings of the 30th International Conference on
                  Machine Learning (ICML)},
  month =        {June},
  note =
                  {\url{\url{http://proceedings.mlr.press/v28/zhang13.html}}},
  openalex =     {W2427656690},
  pages =        {45--52},
  publisher =    {JMLR.org},
  series =       {Workshop and Conference Proceedings},
  title =        {Sparse Uncorrelated Linear Discriminant Analysis for
                  Undersampled Problems},
  volume =       28,
  year =         2013
}

@inproceedings{zhou2013learning,
  address =      {Atlanta, Georgia, USA},
  author =       {Zhou, Ke and Zha, Hongyuan and Song, Le},
  booktitle =    {Proceedings of the 30th International Conference on
                  Machine Learning (ICML)},
  month =        {June},
  note =         {\url{http://proceedings.mlr.press/v28/zhou13.html}},
  openalex =     {W2096845327},
  pages =        {1301--1309},
  publisher =    {JMLR.org},
  series =       {Workshop and Conference Proceedings},
  title =        {Learning Triggering Kernels for Multi-dimensional
                  Hawkes Processes},
  volume =       28,
  year =         2013
}

@inproceedings{zhu2013gibbs,
  address =      {Atlanta, Georgia, USA},
  author =       {Zhu, Jun and Chen, Ning and Perkins, Hugh and Zhang,
                  Bo},
  booktitle =    {Proceedings of the 30th International Conference on
                  Machine Learning (ICML)},
  month =        {June},
  note =
                  {\url{\url{http://proceedings.mlr.press/v28/zhu13.html}}},
  openalex =     {W2165670763},
  pages =        {124--132},
  publisher =    {JMLR.org},
  series =       {Workshop and Conference Proceedings},
  title =        {Gibbs Max-Margin Topic Models with Fast Sampling
                  Algorithms},
  volume =       28,
  year =         2013
}

@inproceedings{zhu2013local,
  address =      {Atlanta, Georgia, USA},
  author =       {Zhu, Zeyuan Allen and Lattanzi, Silvio and Mirrokni,
                  Vahab},
  booktitle =    {Proceedings of the 30th International Conference on
                  Machine Learning (ICML)},
  month =        {June},
  note =
                  {\url{http://proceedings.mlr.press/v28/allenzhu13.html}},
  openalex =     {W2962751222},
  pages =        {396--404},
  publisher =    {JMLR.org},
  series =       {Workshop and Conference Proceedings},
  title =        {A Local Algorithm for Finding Well-Connected
                  Clusters},
  volume =       28,
  year =         2013
}

@inproceedings{zuluaga2013active,
  address =      {Atlanta, Georgia, USA},
  author =       {Zuluaga, Marcela and Sergent, G. and Krause, Andreas
                  and schel, Markus P},
  booktitle =    {Proceedings of the 30th International Conference on
                  Machine Learning (ICML)},
  month =        {June},
  note =
                  {\url{http://proceedings.mlr.press/v28/zuluaga13.html}},
  openalex =     {W2143785942},
  pages =        {462--470},
  publisher =    {Journal of Machine Learning Research (JMLR)},
  series =       {Workshop and Conference Proceedings},
  title =        {Active Learning for Multi-Objective Optimization},
  volume =       28,
  year =         2013
}

@inproceedings{zweig2013hierarchical,
  address =      {Atlanta, Georgia, USA},
  author =       {Zweig, Alon and Weinshall, Daphna},
  booktitle =    {Proceedings of the 30th International Conference on
                  Machine Learning (ICML)},
  month =        {June},
  note =         {\url{http://proceedings.mlr.press/v28/zweig13.html}},
  openalex =     {W2111399684},
  pages =        {37--45},
  publisher =    {JMLR.org},
  series =       {JMLR Workshop and Conference Proceedings},
  title =        {Hierarchical Regularization Cascade for Joint
                  Learning},
  volume =       28,
  year =         2013
}
