@inproceedings{abbasiyadkori2014tracking,
  address =      {Beijing, China},
  author =       {Abbasi-Yadkori, Yasin and Bartlett, Peter L. and
                  Kanade, Varun},
  booktitle =    {Proceedings of the 31st International Conference on
                  Machine Learning (ICML)},
  month =        {June},
  note =
                  {\url{http://proceedings.mlr.press/v32/abbasi-yadkori14.html}},
  pages =        {369--377},
  publisher =    {Journal of Machine Learning Research (JMLR)},
  series =       {Workshop and Conference Proceedings},
  title =        {Tracking Adversarial Targets},
  volume =       32,
  year =         2014
}

@inproceedings{aff2014learning,
  address =      {Beijing, China},
  author =       {Aff, Raja Hafiz and Fox, Emily B. and Adams, Ryan
                  P. and Taskar, Benjamin},
  booktitle =    {Proceedings of the 31st International Conference on
                  Machine Learning (ICML)},
  month =        {June},
  note =
                  {\url{http://proceedings.mlr.press/v32/affandi14.html}},
  pages =        {1224--1232},
  publisher =    {Journal of Machine Learning Research (JMLR)},
  series =       {Workshop and Conference Proceedings},
  title =        {Learning the Parameters of Determinantal Point
                  Process Kernels},
  volume =       32,
  year =         2014
}

@inproceedings{agarwal2014gevcanonical,
  address =      {Beijing, China},
  author =       {Agarwal, Arpit and Narasimhan, Harikrishna and
                  Kalyanakrishnan, Shivaram and Agarwal, Shivani},
  booktitle =    {Proceedings of the 31st International Conference on
                  Machine Learning (ICML)},
  month =        {June},
  note =
                  {\url{http://proceedings.mlr.press/v32/agarwalc14.html}},
  pages =        {1989--1997},
  publisher =    {Journal of Machine Learning Research (JMLR)},
  series =       {Workshop and Conference Proceedings},
  title =        {GEV-Canonical Regression for Accurate Binary Class
                  Probability Estimation when One Class is Rare},
  volume =       32,
  year =         2014
}

@inproceedings{agarwal2014least,
  address =      {Beijing, China},
  author =       {Agarwal, Alekh and Kakade, Sham M. and
                  Karampatziakis, Nikos and Song, Le and Valiant,
                  Gregory},
  booktitle =    {Proceedings of the 31st International Conference on
                  Machine Learning (ICML)},
  month =        {June},
  note =
                  {\url{http://proceedings.mlr.press/v32/agarwala14.html}},
  pages =        {541--549},
  publisher =    {Journal of Machine Learning Research (JMLR)},
  series =       {Workshop and Conference Proceedings},
  title =        {Least Squares Revisited: Scalable Approaches for
                  Multi-class Prediction},
  volume =       32,
  year =         2014
}

@inproceedings{agarwal2014taming,
  address =      {Beijing, China},
  author =       {Agarwal, Alekh and Hsu, Daniel J. and Kale, Satyen
                  and Langford, John and Li, Lihong and Schapire,
                  Robert E.},
  booktitle =    {Proceedings of the 31st International Conference on
                  Machine Learning (ICML)},
  month =        {June},
  note =
                  {\url{http://proceedings.mlr.press/v32/agarwalb14.html}},
  pages =        {1638--1646},
  publisher =    {JMLR.org},
  series =       {JMLR Workshop and Conference Proceedings},
  title =        {Taming the Monster: A Fast and Simple Algorithm for
                  Contextual Bandits},
  volume =       32,
  year =         2014
}

@inproceedings{ahmed2014hierarchical,
  address =      {Beijing, China},
  author =       {Ahmed, Bilal and Thesen, Thomas and Blackmon, Karen
                  E. and Zhao, Yijun and Devinsky, Orrin and
                  Kuzniecky, Ruben and Brodley, Carla E.},
  booktitle =    {Proceedings of the 31st International Conference on
                  Machine Learning (ICML)},
  month =        {June},
  note =         {\url{http://proceedings.mlr.press/v32/ahmed14.html}},
  pages =        {1080--1088},
  publisher =    {Journal of Machine Learning Research (JMLR)},
  series =       {Workshop and Conference Proceedings},
  title =        {Hierarchical Conditional Random Fields for Outlier
                  Detection: An Application to Detecting Epileptogenic
                  Cortical Malformations},
  volume =       32,
  year =         2014
}

@inproceedings{ahn2014distributed,
  address =      {Beijing, China},
  author =       {Ahn, Sungjin and Shahbaba, Babak and Welling, Max},
  booktitle =    {Proceedings of the 31st International Conference on
                  Machine Learning (ICML)},
  month =        {June},
  note =         {\url{http://proceedings.mlr.press/v32/ahn14.html}},
  pages =        {1044--1052},
  publisher =    {Journal of Machine Learning Research (JMLR)},
  series =       {Workshop and Conference Proceedings},
  title =        {Distributed Stochastic Gradient MCMC},
  volume =       32,
  year =         2014
}

@inproceedings{ailon2014reducing,
  address =      {Beijing, China},
  author =       {Ailon, Nir and Karnin, Zohar Shay and Joachims,
                  Thorsten},
  booktitle =    {Proceedings of the 31st International Conference on
                  Machine Learning (ICML)},
  month =        {June},
  note =         {\url{http://proceedings.mlr.press/v32/ailon14.html}},
  pages =        {856--864},
  publisher =    {Journal of Machine Learning Research (JMLR)},
  series =       {Workshop and Conference Proceedings},
  title =        {Reducing Dueling Bandits to Cardinal Bandits},
  volume =       32,
  year =         2014
}

@inproceedings{alex2014globally,
  address =      {Beijing, China},
  author =       {Alex and Schwing, Er G. and Hazan, Tamir and
                  Pollefeys, Marc and Urtasun, Raquel},
  booktitle =    {Proceedings of the 31st International Conference on
                  Machine Learning (ICML)},
  month =        {June},
  note =
                  {\url{http://proceedings.mlr.press/v32/schwing14.html}},
  pages =        {487--495},
  publisher =    {Journal of Machine Learning Research (JMLR)},
  series =       {Workshop and Conference Proceedings},
  title =        {Globally Convergent Parallel MAP LP Relaxation
                  Solver using the Frank-Wolfe Algorithm},
  volume =       32,
  year =         2014
}

@inproceedings{alex2014putting,
  address =      {Beijing, China},
  author =       {Alex and Novikov, Er and Rodomanov, Anton and
                  Osokin, Anton and Vetrov, Dmitry P.},
  booktitle =    {Proceedings of the 31st International Conference on
                  Machine Learning (ICML)},
  month =        {June},
  note =
                  {\url{http://proceedings.mlr.press/v32/novikov14.html}},
  pages =        {811--819},
  publisher =    {Journal of Machine Learning Research (JMLR)},
  series =       {Workshop and Conference Proceedings},
  title =        {Putting MRFs on a Tensor Train},
  volume =       32,
  year =         2014
}

@inproceedings{amin2014learning,
  address =      {Beijing, China},
  author =       {Amin, Kareem and Heidari, Hoda and Kearns, Michael
                  J.},
  booktitle =    {Proceedings of the 31st International Conference on
                  Machine Learning (ICML)},
  month =        {June},
  note =         {\url{http://proceedings.mlr.press/v32/amin14.html}},
  pages =        {1845--1853},
  publisher =    {Journal of Machine Learning Research (JMLR)},
  series =       {Workshop and Conference Proceedings},
  title =        {Learning from Contagion (Without Timestamps)},
  volume =       32,
  year =         2014
}

@inproceedings{andoni2014learning,
  address =      {Beijing, China},
  author =       {Andoni, R. and Panigrahy, Rina and Valiant, Gregory
                  and Zhang, Li},
  booktitle =    {Proceedings of the 31st International Conference on
                  Machine Learning (ICML)},
  month =        {June},
  note =
                  {\url{http://proceedings.mlr.press/v32/andoni14.html}},
  pages =        {1908--1916},
  publisher =    {Journal of Machine Learning Research (JMLR)},
  series =       {Workshop and Conference Proceedings},
  title =        {Learning Polynomials with Neural Networks},
  volume =       32,
  year =         2014
}

@inproceedings{argyriou2014unifying,
  address =      {Beijing, China},
  author =       {Argyriou, Andreas and Dinuzzo, Francesco},
  booktitle =    {Proceedings of the 31st International Conference on
                  Machine Learning (ICML)},
  month =        {June},
  note =
                  {\url{http://proceedings.mlr.press/v32/argyriou14.html}},
  pages =        {748--756},
  publisher =    {Journal of Machine Learning Research (JMLR)},
  series =       {Workshop and Conference Proceedings},
  title =        {A Unifying View of Representer Theorems},
  volume =       32,
  year =         2014
}

@inproceedings{arora2014provable,
  address =      {Beijing, China},
  author =       {Arora, Sanjeev and Bhaskara, Aditya and Ge, Rong and
                  Ma, Tengyu},
  booktitle =    {Proceedings of the 31st International Conference on
                  Machine Learning (ICML)},
  month =        {June},
  note =
                  {\url{\url{http://proceedings.mlr.press/v32/arora14.html}}},
  pages =        {584--592},
  publisher =    {JMLR.org},
  series =       {Workshop and Conference Proceedings},
  title =        {Provable Bounds for Learning Some Deep
                  Representations},
  year =         2014
}

@inproceedings{asteris2014nonnegative,
  address =      {Beijing, China},
  author =       {Asteris, Megasthenis and Papailiopoulos, Dimitris
                  S. and Dimakis, Ros G. and Alex},
  booktitle =    {Proceedings of the 31st International Conference on
                  Machine Learning (ICML)},
  month =        {June},
  note =
                  {\url{http://proceedings.mlr.press/v32/asteris14.html}},
  pages =        {1728--1736},
  publisher =    {Journal of Machine Learning Research (JMLR)},
  series =       {Workshop and Conference Proceedings},
  title =        {Nonnegative Sparse PCA with Provable Guarantees},
  volume =       32,
  year =         2014
}

@inproceedings{awasthi2014local,
  address =      {Beijing, China},
  author =       {Awasthi, Pranjal and Balcan, Maria-Florina and
                  Voevodski, Konstantin},
  booktitle =    {Proceedings of the 31st International Conference on
                  Machine Learning (ICML)},
  month =        {June},
  note =
                  {\url{http://proceedings.mlr.press/v32/awasthi14.html}},
  pages =        {550--558},
  publisher =    {Journal of Machine Learning Research (JMLR)},
  series =       {Workshop and Conference Proceedings},
  title =        {Local algorithms for interactive clustering},
  volume =       32,
  year =         2014
}

@inproceedings{azadi2014towards,
  address =      {Beijing, China},
  author =       {Azadi, Samaneh and Sra, Suvrit},
  booktitle =    {Proceedings of the 31st International Conference on
                  Machine Learning (ICML)},
  month =        {June},
  note =
                  {\url{\url{http://proceedings.mlr.press/v32/azadi14.html}}},
  pages =        {620--628},
  publisher =    {JMLR.org},
  series =       {Workshop and Conference Proceedings},
  title =        {Towards an optimal stochastic alternating direction
                  method of multipliers},
  year =         2014
}

@inproceedings{azar2014online,
  address =      {Beijing, China},
  author =       {Azar, Mohammad Gheshlaghi and Aless, and Lazaric,
                  R. and Brunskill, Emma},
  booktitle =    {Proceedings of the 31st International Conference on
                  Machine Learning (ICML)},
  month =        {June},
  note =         {\url{http://proceedings.mlr.press/v32/azar14.html}},
  pages =        {1557--1565},
  publisher =    {JMLR.org},
  series =       {JMLR Workshop and Conference Proceedings},
  title =        {Online Stochastic Optimization under Correlated
                  Bandit Feedback},
  volume =       32,
  year =         2014
}

@inproceedings{azizi2014learning,
  address =      {Beijing, China},
  author =       {Azizi, Elham and Airoldi, Edoardo M. and Galagan,
                  James E.},
  booktitle =    {Proceedings of the 31st International Conference on
                  Machine Learning (ICML)},
  month =        {June},
  note =         {\url{http://proceedings.mlr.press/v32/azizi14.html}},
  pages =        {1440--1448},
  publisher =    {JMLR.org},
  series =       {JMLR Workshop and Conference Proceedings},
  title =        {Learning Modular Structures from Network Data and
                  Node Variables},
  volume =       32,
  year =         2014
}

@inproceedings{bai2014bayesian,
  address =      {Beijing, China},
  author =       {Bai, Qinxun and Lam, Henry and Sclaroff, Stan},
  booktitle =    {Proceedings of the 31st International Conference on
                  Machine Learning (ICML)},
  month =        {June},
  note =         {\url{http://proceedings.mlr.press/v32/bai14.html}},
  pages =        {1584--1592},
  publisher =    {JMLR.org},
  series =       {JMLR Workshop and Conference Proceedings},
  title =        {A Bayesian Framework for Online Classifier Ensemble},
  volume =       32,
  year =         2014
}

@inproceedings{balan2014austerity,
  address =      {Beijing, China},
  author =       {Balan, Anoop Korattikara and Chen, Yutian and
                  Welling, Max},
  booktitle =    {Proceedings of the 31st International Conference on
                  Machine Learning (ICML)},
  month =        {June},
  note =
                  {\url{http://proceedings.mlr.press/v32/korattikara14.html}},
  pages =        {181--189},
  publisher =    {Journal of Machine Learning Research (JMLR)},
  series =       {Workshop and Conference Proceedings},
  title =        {Austerity in MCMC Land: Cutting the
                  Metropolis-Hastings Budget},
  volume =       32,
  year =         2014
}

@inproceedings{balle2014methods,
  address =      {Beijing, China},
  author =       {Balle, Borja and Hamilton, William L. and Pineau,
                  Joelle},
  booktitle =    {Proceedings of the 31st International Conference on
                  Machine Learning (ICML)},
  month =        {June},
  note =         {\url{http://proceedings.mlr.press/v32/balle14.html}},
  pages =        {1386--1394},
  publisher =    {JMLR.org},
  series =       {JMLR Workshop and Conference Proceedings},
  title =        {Methods of Moments for Learning Stochastic
                  Languages: Unified Presentation and Empirical
                  Comparison},
  volume =       32,
  year =         2014
}

@inproceedings{barber2014gaussian,
  address =      {Beijing, China},
  author =       {Barber, David and Wang, Yali},
  booktitle =    {Proceedings of the 31st International Conference on
                  Machine Learning (ICML)},
  month =        {June},
  note =
                  {\url{http://proceedings.mlr.press/v32/barber14.html}},
  pages =        {1485--1493},
  publisher =    {JMLR.org},
  series =       {JMLR Workshop and Conference Proceedings},
  title =        {Gaussian Processes for Bayesian Estimation in
                  Ordinary Differential Equations},
  volume =       32,
  year =         2014
}

@inproceedings{bardenet2014towards,
  address =      {Beijing, China},
  author =       {Bardenet, Rémi and Doucet, Arnaud and Holmes,
                  Christopher C.},
  booktitle =    {Proceedings of the 31st International Conference on
                  Machine Learning (ICML)},
  month =        {June},
  note =
                  {\url{http://proceedings.mlr.press/v32/bardenet14.html}},
  pages =        {405--413},
  publisher =    {Journal of Machine Learning Research (JMLR)},
  series =       {Workshop and Conference Proceedings},
  title =        {Towards scaling up Markov chain Monte Carlo: an
                  adaptive subsampling approach},
  volume =       32,
  year =         2014
}

@inproceedings{bartunov2014variational,
  address =      {Beijing, China},
  author =       {Bartunov, Sergey and Vetrov, Dmitry P.},
  booktitle =    {Proceedings of the 31st International Conference on
                  Machine Learning (ICML)},
  month =        {June},
  note =
                  {\url{http://proceedings.mlr.press/v32/bartunov14.html}},
  pages =        {1404--1412},
  publisher =    {JMLR.org},
  series =       {JMLR Workshop and Conference Proceedings},
  title =        {Variational Inference for Sequential Distance
                  Dependent Chinese Restaurant Process},
  volume =       32,
  year =         2014
}

@inproceedings{beijbom2014guessaverse,
  address =      {Beijing, China},
  author =       {Beijbom, Oscar and Saberian, Mohammad J. and
                  Kriegman, David J. and Vasconcelos, Nuno},
  booktitle =    {Proceedings of the 31st International Conference on
                  Machine Learning (ICML)},
  month =        {June},
  note =
                  {\url{http://proceedings.mlr.press/v32/beijbom14.html}},
  pages =        {586--594},
  publisher =    {Journal of Machine Learning Research (JMLR)},
  series =       {Workshop and Conference Proceedings},
  title =        {Guess-Averse Loss Functions For Cost-Sensitive
                  Multiclass Boosting},
  volume =       32,
  year =         2014
}

@inproceedings{bellemare2014skip,
  address =      {Beijing, China},
  author =       {Bellemare, Marc G. and Veness, Joel and Talvitie,
                  Erik},
  booktitle =    {Proceedings of the 31st International Conference on
                  Machine Learning (ICML)},
  month =        {June},
  note =
                  {\url{http://proceedings.mlr.press/v32/bellemare14.html}},
  pages =        {1458--1466},
  publisher =    {JMLR.org},
  series =       {JMLR Workshop and Conference Proceedings},
  title =        {Skip Context Tree Switching},
  volume =       32,
  year =         2014
}

@inproceedings{benavoli2014bayesian,
  address =      {Beijing, China},
  author =       {Benavoli, Alessio and Corani, Giorgio and Mangili,
                  Francesca and Zaffalon, Marco and Ruggeri, Fabrizio},
  booktitle =    {Proceedings of the 31st International Conference on
                  Machine Learning (ICML)},
  month =        {June},
  note =
                  {\url{http://proceedings.mlr.press/v32/benavoli14.html}},
  pages =        {1026--1034},
  publisher =    {Journal of Machine Learning Research (JMLR)},
  series =       {Workshop and Conference Proceedings},
  title =        {A Bayesian Wilcoxon signed-rank test based on the
                  Dirichlet process},
  volume =       32,
  year =         2014
}

@inproceedings{bendavid2014clustering,
  address =      {Beijing, China},
  author =       {Ben-David, Shai and Haghtalab, Nika},
  booktitle =    {Proceedings of the 31st International Conference on
                  Machine Learning (ICML)},
  month =        {June},
  note =
                  {\url{http://proceedings.mlr.press/v32/ben-david14.html}},
  pages =        {280--288},
  publisher =    {JMLR.org},
  series =       {{JMLR} Workshop and Conference Proceedings},
  title =        {Clustering in the Presence of Background Noise},
  volume =       32,
  year =         2014
}

@inproceedings{bengio2014deep,
  address =      {Beijing, China},
  author =       {Bengio, Yoshua and Laufer, Eric and Alain, Guillaume
                  and Yosinski, Jason},
  booktitle =    {Proceedings of the 31st International Conference on
                  Machine Learning (ICML)},
  month =        {June},
  note =
                  {\url{http://proceedings.mlr.press/v32/bengio14.html}},
  pages =        {226--234},
  publisher =    {JMLR.org},
  series =       {{JMLR} Workshop and Conference Proceedings},
  title =        {Deep Generative Stochastic Networks Trainable by
                  Backprop},
  volume =       32,
  year =         2014
}

@inproceedings{bhojanapalli2014universal,
  address =      {Beijing, China},
  author =       {Bhojanapalli, Srinadh and Jain, Prateek},
  booktitle =    {Proceedings of the 31st International Conference on
                  Machine Learning (ICML)},
  month =        {June},
  note =
                  {\url{http://proceedings.mlr.press/v32/bhojanapalli14.html}},
  pages =        {1881--1889},
  publisher =    {Journal of Machine Learning Research (JMLR)},
  series =       {Workshop and Conference Proceedings},
  title =        {Universal Matrix Completion},
  volume =       32,
  year =         2014
}

@inproceedings{botha2014compositional,
  address =      {Beijing, China},
  author =       {Botha, Jan A. and Blunsom, Phil},
  booktitle =    {Proceedings of the 31st International Conference on
                  Machine Learning (ICML)},
  month =        {June},
  note =         {\url{http://proceedings.mlr.press/v32/botha14.html}},
  pages =        {1899--1907},
  publisher =    {Journal of Machine Learning Research (JMLR)},
  series =       {Workshop and Conference Proceedings},
  title =        {Compositional Morphology for Word Representations
                  and Language Modelling},
  volume =       32,
  year =         2014
}

@inproceedings{bouammar2014online,
  address =      {Beijing, China},
  author =       {Bou-Ammar, Haitham and Eaton, Eric and Ruvolo, Paul
                  and Taylor, Matthew E.},
  booktitle =    {Proceedings of the 31st International Conference on
                  Machine Learning (ICML)},
  month =        {June},
  note =         {\url{http://proceedings.mlr.press/v32/ammar14.html}},
  pages =        {1206--1214},
  publisher =    {Journal of Machine Learning Research (JMLR)},
  series =       {Workshop and Conference Proceedings},
  title =        {Online Multi-Task Learning for Policy Gradient
                  Methods},
  volume =       32,
  year =         2014
}

@inproceedings{bratieres2014scalable,
  address =      {Beijing, China},
  author =       {Bratières, Sébastien and Quadrianto, Novi and
                  Nowozin, Sebastian and Ghahramani, Zoubin},
  booktitle =    {Proceedings of the 31st International Conference on
                  Machine Learning (ICML)},
  month =        {June},
  note =
                  {\url{http://proceedings.mlr.press/v32/bratieres14.html}},
  pages =        {334--342},
  publisher =    {JMLR.org},
  series =       {{JMLR} Workshop and Conference Proceedings},
  title =        {Scalable Gaussian Process Structured Prediction for
                  Grid Factor Graph Applications},
  volume =       32,
  year =         2014
}

@inproceedings{brunskill2014pacinspired,
  address =      {Beijing, China},
  author =       {Brunskill, Emma and Li, Lihong},
  booktitle =    {Proceedings of the 31st International Conference on
                  Machine Learning (ICML)},
  month =        {June},
  note =
                  {\url{http://proceedings.mlr.press/v32/brunskill14.html}},
  pages =        {316--324},
  publisher =    {JMLR.org},
  series =       {{JMLR} Workshop and Conference Proceedings},
  title =        {PAC-inspired Option Discovery in Lifelong
                  Reinforcement Learning},
  volume =       32,
  year =         2014
}

@inproceedings{busafekete2014preferencebased,
  address =      {Beijing, China},
  author =       {Busa-Fekete, Róbert and Hüllermeier, Eyke and
                  Szörényi, Balázs},
  booktitle =    {Proceedings of the 31st International Conference on
                  Machine Learning (ICML)},
  month =        {June},
  note =
                  {\url{http://proceedings.mlr.press/v32/busa-fekete14.html}},
  pages =        {1071--1079},
  publisher =    {Journal of Machine Learning Research (JMLR)},
  series =       {Workshop and Conference Proceedings},
  title =        {Preference-Based Rank Elicitation using Statistical
                  Models: The Case of Mallows},
  volume =       32,
  year =         2014
}

@inproceedings{carlsson2014hierarchical,
  address =      {Beijing, China},
  author =       {Carlsson, Gunnar E. and Mémoli, Facundo and Alej and
                  Ribeiro, Ro and Segarra, Santiago},
  booktitle =    {Proceedings of the 31st International Conference on
                  Machine Learning (ICML)},
  month =        {June},
  note =
                  {\url{http://proceedings.mlr.press/v32/carlsson14.html}},
  pages =        {352--360},
  publisher =    {JMLR.org},
  series =       {{JMLR} Workshop and Conference Proceedings},
  title =        {Hierarchical Quasi-Clustering Methods for Asymmetric
                  Networks},
  volume =       32,
  year =         2014
}

@inproceedings{celik2014efficient,
  address =      {Beijing, China},
  author =       {Celik, Safiye and Logsdon, Benjamin A. and Lee,
                  Su-In},
  booktitle =    {Proceedings of the 31st International Conference on
                  Machine Learning (ICML)},
  month =        {June},
  note =         {\url{http://proceedings.mlr.press/v32/celik14.html}},
  pages =        {1953--1961},
  publisher =    {Journal of Machine Learning Research (JMLR)},
  series =       {Workshop and Conference Proceedings},
  title =        {Efficient Dimensionality Reduction for
                  High-Dimensional Network Estimation},
  volume =       32,
  year =         2014
}

@inproceedings{celikkaya2014deterministic,
  address =      {Beijing, China},
  author =       {Celikkaya, E. Busra and Shelton, Christian R.},
  booktitle =    {Proceedings of the 31st International Conference on
                  Machine Learning (ICML)},
  month =        {June},
  note =
                  {\url{http://proceedings.mlr.press/v32/celikkaya14.html}},
  pages =        {1962--1970},
  publisher =    {Journal of Machine Learning Research (JMLR)},
  series =       {Workshop and Conference Proceedings},
  title =        {Deterministic Anytime Inference for Stochastic
                  Continuous-Time Markov Processes},
  volume =       32,
  year =         2014
}

@inproceedings{chaganty2014estimating,
  address =      {Beijing, China},
  author =       {Chaganty, Arun Tejasvi and Liang, Percy},
  booktitle =    {Proceedings of the 31st International Conference on
                  Machine Learning (ICML)},
  month =        {June},
  note =
                  {\url{http://proceedings.mlr.press/v32/chaganty14.html}},
  pages =        {1872--1880},
  publisher =    {Journal of Machine Learning Research (JMLR)},
  series =       {Workshop and Conference Proceedings},
  title =        {Estimating Latent-Variable Graphical Models using
                  Moments and Likelihoods},
  volume =       32,
  year =         2014
}

@inproceedings{chakrabarti2014joint,
  address =      {Beijing, China},
  author =       {Chakrabarti, Deepayan and Funiak, Stanislav and
                  Chang, Jonathan and Macskassy, Sofus A.},
  booktitle =    {Proceedings of the 31st International Conference on
                  Machine Learning (ICML)},
  month =        {June},
  note =
                  {\url{http://proceedings.mlr.press/v32/chakrabarti14.html}},
  pages =        {874--882},
  publisher =    {Journal of Machine Learning Research (JMLR)},
  series =       {Workshop and Conference Proceedings},
  title =        {Joint Inference of Multiple Label Types in Large
                  Networks},
  volume =       32,
  year =         2014
}

@inproceedings{chan2014consistent,
  address =      {Beijing, China},
  author =       {Chan, Stanley H. and Airoldi, Edoardo M.},
  booktitle =    {Proceedings of the 31st International Conference on
                  Machine Learning (ICML)},
  month =        {June},
  note =         {\url{http://proceedings.mlr.press/v32/chan14.html}},
  pages =        {208--216},
  publisher =    {Journal of Machine Learning Research (JMLR)},
  series =       {Workshop and Conference Proceedings},
  title =        {A Consistent Histogram Estimator for Exchangeable
                  Graph Models},
  volume =       32,
  year =         2014
}

@inproceedings{chapados2014effective,
  address =      {Beijing, China},
  author =       {Chapados, Nicolas},
  booktitle =    {Proceedings of the 31st International Conference on
                  Machine Learning (ICML)},
  month =        {June},
  note =
                  {\url{http://proceedings.mlr.press/v32/chapados14.html}},
  pages =        {1395--1403},
  publisher =    {JMLR.org},
  series =       {JMLR Workshop and Conference Proceedings},
  title =        {Effective Bayesian Modeling of Groups of Related
                  Count Time Series},
  volume =       32,
  year =         2014
}

@inproceedings{chazal2014convergence,
  address =      {Beijing, China},
  author =       {Chazal, Frédéric and Glisse, Marc and Labruère,
                  Catherine and Bertr, Michel},
  booktitle =    {Proceedings of the 31st International Conference on
                  Machine Learning (ICML)},
  month =        {June},
  note =
                  {\url{http://proceedings.mlr.press/v32/chazal14.html}},
  pages =        {163--171},
  publisher =    {Journal of Machine Learning Research (JMLR)},
  series =       {Workshop and Conference Proceedings},
  title =        {Convergence rates for persistence diagram estimation
                  in Topological Data Analysis},
  volume =       32,
  year =         2014
}

@inproceedings{chen2014active,
  address =      {Beijing, China},
  author =       {Chen, Yuxin and Shioi, Hiroaki and Montesinos, Cesar
                  Fuentes and Koh, Lian Pin and Wich, Serge A. and
                  Krause, Andreas},
  booktitle =    {Proceedings of the 31st International Conference on
                  Machine Learning (ICML)},
  month =        {June},
  note =         {\url{http://proceedings.mlr.press/v32/chena14.html}},
  pages =        {55--63},
  publisher =    {Journal of Machine Learning Research (JMLR)},
  series =       {Workshop and Conference Proceedings},
  title =        {Active Detection via Adaptive Submodularity},
  volume =       32,
  year =         2014
}

@inproceedings{chen2014boosting,
  address =      {Beijing, China},
  author =       {Chen, Shang-Tse and Lin, Hsuan-Tien and Lu, Chi-Jen},
  booktitle =    {Proceedings of the 31st International Conference on
                  Machine Learning (ICML)},
  month =        {June},
  note =         {\url{http://proceedings.mlr.press/v32/chenb14.html}},
  pages =        {342--350},
  publisher =    {Journal of Machine Learning Research (JMLR)},
  series =       {Workshop and Conference Proceedings},
  title =        {Boosting with Online Binary Learners for the
                  Multiclass Bandit Problem},
  volume =       32,
  year =         2014
}

@inproceedings{chen2014coherent,
  address =      {Beijing, China},
  author =       {Chen, Yudong and Bhojanapalli, Srinadh and Sanghavi,
                  Sujay and Ward, Rachel A.},
  booktitle =    {Proceedings of the 31st International Conference on
                  Machine Learning (ICML)},
  month =        {June},
  note =
                  {\url{\url{http://proceedings.mlr.press/v32/chenc14.html}}},
  pages =        {674--682},
  publisher =    {JMLR.org},
  series =       {Workshop and Conference Proceedings},
  title =        {Coherent Matrix Completion},
  year =         2014
}

@inproceedings{chen2014marginalized,
  address =      {Beijing, China},
  author =       {Chen, Minmin and Weinberger, Kilian Q. and Sha, Fei
                  and Bengio, Yoshua},
  booktitle =    {Proceedings of the 31st International Conference on
                  Machine Learning (ICML)},
  month =        {June},
  note =         {\url{http://proceedings.mlr.press/v32/cheng14.html}},
  pages =        {1476--1484},
  publisher =    {JMLR.org},
  series =       {JMLR Workshop and Conference Proceedings},
  title =        {Marginalized Denoising Auto-encoders for Nonlinear
                  Representations},
  volume =       32,
  year =         2014
}

@inproceedings{chen2014nearoptimal,
  address =      {Beijing, China},
  author =       {Chen, Yuxin and Guibas, Leonidas J. and Huang,
                  Qi-Xing},
  booktitle =    {Proceedings of the 31st International Conference on
                  Machine Learning (ICML)},
  month =        {June},
  note =         {\url{http://proceedings.mlr.press/v32/chend14.html}},
  pages =        {100--108},
  publisher =    {JMLR.org},
  series =       {{JMLR} Workshop and Conference Proceedings},
  title =        {Near-Optimal Joint Object Matching via Convex
                  Relaxation},
  volume =       32,
  year =         2014
}

@inproceedings{chen2014statisticalcomputational,
  address =      {Beijing, China},
  author =       {Chen, Yudong and Xu, Jiaming},
  booktitle =    {Proceedings of the 31st International Conference on
                  Machine Learning (ICML)},
  month =        {June},
  note =         {\url{http://proceedings.mlr.press/v32/chene14.html}},
  pages =        {244--252},
  publisher =    {JMLR.org},
  series =       {{JMLR} Workshop and Conference Proceedings},
  title =        {Statistical-Computational Phase Transitions in
                  Planted Models: The High-Dimensional Setting},
  volume =       32,
  year =         2014
}

@inproceedings{chen2014stochastic,
  address =      {Beijing, China},
  author =       {Chen, Tianqi and Fox, Emily B. and Guestrin, Carlos},
  booktitle =    {Proceedings of the 31st International Conference on
                  Machine Learning (ICML)},
  month =        {June},
  note =         {\url{http://proceedings.mlr.press/v32/cheni14.html}},
  pages =        {1683--1691},
  publisher =    {JMLR.org},
  series =       {JMLR Workshop and Conference Proceedings},
  title =        {Stochastic Gradient Hamiltonian Monte Carlo},
  volume =       32,
  year =         2014
}

@inproceedings{chen2014topic,
  address =      {Beijing, China},
  author =       {Chen, Zhiyuan and Liu, Bing},
  booktitle =    {Proceedings of the 31st International Conference on
                  Machine Learning (ICML)},
  month =        {June},
  note =         {\url{http://proceedings.mlr.press/v32/chenf14.html}},
  pages =        {703--711},
  publisher =    {Journal of Machine Learning Research (JMLR)},
  series =       {Workshop and Conference Proceedings},
  title =        {Topic Modeling using Topics from Many Domains,
                  Lifelong Learning and Big Data},
  volume =       32,
  year =         2014
}

@inproceedings{chen2014weighted,
  address =      {Beijing, China},
  author =       {Chen, Yudong and Lim, Shiau Hong and Xu, Huan},
  booktitle =    {Proceedings of the 31st International Conference on
                  Machine Learning (ICML)},
  month =        {June},
  note =         {\url{http://proceedings.mlr.press/v32/chenh14.html}},
  pages =        {1566--1574},
  publisher =    {JMLR.org},
  series =       {JMLR Workshop and Conference Proceedings},
  title =        {Weighted Graph Clustering with Non-Uniform
                  Uncertainties},
  volume =       32,
  year =         2014
}

@inproceedings{cherian2014nearest,
  address =      {Beijing, China},
  author =       {Cherian, Anoop},
  booktitle =    {Proceedings of the 31st International Conference on
                  Machine Learning (ICML)},
  month =        {June},
  note =
                  {\url{http://proceedings.mlr.press/v32/cherian14.html}},
  pages =        {1053--1061},
  publisher =    {Journal of Machine Learning Research (JMLR)},
  series =       {Workshop and Conference Proceedings},
  title =        {Nearest Neighbors Using Compact Sparse Codes},
  volume =       32,
  year =         2014
}

@inproceedings{chwialkowski2014kernel,
  address =      {Beijing, China},
  author =       {Chwialkowski, Kacper and Gretton, Arthur},
  booktitle =    {Proceedings of the 31st International Conference on
                  Machine Learning (ICML)},
  month =        {June},
  note =
                  {\url{http://proceedings.mlr.press/v32/chwialkowski14.html}},
  pages =        {1422--1430},
  publisher =    {JMLR.org},
  series =       {JMLR Workshop and Conference Proceedings},
  title =        {A Kernel Independence Test for Random Processes},
  volume =       32,
  year =         2014
}

@inproceedings{clemencon2014anomaly,
  address =      {Beijing, China},
  author =       {Clémençon, Stéphan and Robbiano, Sylvain},
  booktitle =    {Proceedings of the 31st International Conference on
                  Machine Learning (ICML)},
  month =        {June},
  note =
                  {\url{http://proceedings.mlr.press/v32/clemencon14.html}},
  pages =        {343--351},
  publisher =    {JMLR.org},
  series =       {{JMLR} Workshop and Conference Proceedings},
  title =        {Anomaly Ranking as Supervised Bipartite Ranking},
  volume =       32,
  year =         2014
}

@inproceedings{cohen2014learning,
  address =      {Beijing, China},
  author =       {Cohen, Taco and Welling, Max},
  booktitle =    {Proceedings of the 31st International Conference on
                  Machine Learning (ICML)},
  month =        {June},
  note =         {\url{http://proceedings.mlr.press/v32/cohen14.html}},
  pages =        {1755--1763},
  publisher =    {Journal of Machine Learning Research (JMLR)},
  series =       {Workshop and Conference Proceedings},
  title =        {Learning the Irreducible Representations of
                  Commutative Lie Groups},
  volume =       32,
  year =         2014
}

@inproceedings{combes2014unimodal,
  address =      {Beijing, China},
  author =       {Combes, Richard and Alex, A. and Poutiére, Ré},
  booktitle =    {Proceedings of the 31st International Conference on
                  Machine Learning (ICML)},
  month =        {June},
  note =
                  {\url{\url{http://proceedings.mlr.press/v32/combes14.html}}},
  pages =        {521--529},
  publisher =    {JMLR.org},
  series =       {Workshop and Conference Proceedings},
  title =        {Unimodal Bandits: Regret Lower Bounds and Optimal
                  Algorithms},
  year =         2014
}

@inproceedings{contal2014gaussian,
  address =      {Beijing, China},
  author =       {Contal, Emile and Perchet, Vianney and Vayatis,
                  Nicolas},
  booktitle =    {Proceedings of the 31st International Conference on
                  Machine Learning (ICML)},
  month =        {June},
  note =
                  {\url{http://proceedings.mlr.press/v32/contal14.html}},
  pages =        {253--261},
  publisher =    {JMLR.org},
  series =       {{JMLR} Workshop and Conference Proceedings},
  title =        {Gaussian Process Optimization with Mutual
                  Information},
  volume =       32,
  year =         2014
}

@inproceedings{cortes2014deep,
  address =      {Beijing, China},
  author =       {Cortes, Corinna and Mohri, Mehryar and Syed, Umar},
  booktitle =    {Proceedings of the 31st International Conference on
                  Machine Learning (ICML)},
  month =        {June},
  note =
                  {\url{http://proceedings.mlr.press/v32/cortesb14.html}},
  pages =        {1179--1187},
  publisher =    {Journal of Machine Learning Research (JMLR)},
  series =       {Workshop and Conference Proceedings},
  title =        {Deep Boosting},
  volume =       32,
  year =         2014
}

@inproceedings{cortes2014ensemble,
  address =      {Beijing, China},
  author =       {Cortes, Corinna and Kuznetsov, Vitaly and Mohri,
                  Mehryar},
  booktitle =    {Proceedings of the 31st International Conference on
                  Machine Learning (ICML)},
  month =        {June},
  note =
                  {\url{http://proceedings.mlr.press/v32/cortesa14.html}},
  pages =        {1134--1142},
  publisher =    {Journal of Machine Learning Research (JMLR)},
  series =       {Workshop and Conference Proceedings},
  title =        {Ensemble Methods for Structured Prediction},
  volume =       32,
  year =         2014
}

@inproceedings{cuturi2014fast,
  address =      {Beijing, China},
  author =       {Cuturi, Marco and Doucet, Arnaud},
  booktitle =    {Proceedings of the 31st International Conference on
                  Machine Learning (ICML)},
  month =        {June},
  note =
                  {\url{http://proceedings.mlr.press/v32/cuturi14.html}},
  pages =        {685--693},
  publisher =    {Journal of Machine Learning Research (JMLR)},
  series =       {Workshop and Conference Proceedings},
  title =        {Fast Computation of Wasserstein Barycenters},
  volume =       32,
  year =         2014
}

@inproceedings{das2014automated,
  address =      {Beijing, China},
  author =       {Das, Sanmay and Lavoie, Allen},
  booktitle =    {Proceedings of the 31st International Conference on
                  Machine Learning (ICML)},
  month =        {June},
  note =         {\url{http://proceedings.mlr.press/v32/das14.html}},
  pages =        {82--90},
  publisher =    {JMLR.org},
  series =       {{JMLR} Workshop and Conference Proceedings},
  title =        {Automated inference of point of view from user
                  interactions in collective intelligence venues},
  volume =       32,
  year =         2014
}

@inproceedings{defazio2014finito,
  address =      {Beijing, China},
  author =       {Defazio, Aaron and Domke, Justin and Caetano,
                  Tibério S.},
  booktitle =    {Proceedings of the 31st International Conference on
                  Machine Learning (ICML)},
  month =        {June},
  note =
                  {\url{http://proceedings.mlr.press/v32/defazio14.html}},
  pages =        {1125--1133},
  publisher =    {Journal of Machine Learning Research (JMLR)},
  series =       {Workshop and Conference Proceedings},
  title =        {Finito: A faster, permutable incremental gradient
                  method for big data problems},
  volume =       32,
  year =         2014
}

@inproceedings{denil2014narrowing,
  address =      {Beijing, China},
  author =       {Denil, Misha and Matheson, David and Freitas, O. de},
  booktitle =    {Proceedings of the 31st International Conference on
                  Machine Learning (ICML)},
  month =        {June},
  note =
                  {\url{\url{http://proceedings.mlr.press/v32/denil14.html}}},
  pages =        {665--673},
  publisher =    {JMLR.org},
  series =       {Workshop and Conference Proceedings},
  title =        {Narrowing the Gap: Random Forests In Theory and In
                  Practice},
  year =         2014
}

@inproceedings{denis2014dimensionfree,
  address =      {Beijing, China},
  author =       {Denis, François and Gybels, Mattias and Habrard,
                  Amaury},
  booktitle =    {Proceedings of the 31st International Conference on
                  Machine Learning (ICML)},
  month =        {June},
  note =
                  {\url{\url{http://proceedings.mlr.press/v32/denis14.html}}},
  pages =        {449--457},
  publisher =    {JMLR.org},
  series =       {Workshop and Conference Proceedings},
  title =        {Dimension-free Concentration Bounds on Hankel
                  Matrices for Spectral Learning},
  year =         2014
}

@inproceedings{dick2014online,
  address =      {Beijing, China},
  author =       {Dick, Travis and György, András and Szepesvári,
                  Csaba},
  booktitle =    {Proceedings of the 31st International Conference on
                  Machine Learning (ICML)},
  month =        {June},
  note =
                  {\url{\url{http://proceedings.mlr.press/v32/dick14.html}}},
  pages =        {512--520},
  publisher =    {JMLR.org},
  series =       {Workshop and Conference Proceedings},
  title =        {Online Learning in Markov Decision Processes with
                  Changing Cost Sequences},
  year =         2014
}

@inproceedings{donahue2014decaf,
  address =      {Beijing, China},
  author =       {Donahue, Jeff and Jia, Yangqing and Vinyals, Oriol
                  and Hoffman, Judy and Zhang, Ning and Tzeng, Eric
                  and Darrell, Trevor},
  booktitle =    {Proceedings of the 31st International Conference on
                  Machine Learning (ICML)},
  month =        {June},
  note =
                  {\url{\url{http://proceedings.mlr.press/v32/donahue14.html}}},
  pages =        {647--655},
  publisher =    {JMLR.org},
  series =       {Workshop and Conference Proceedings},
  title =        {DeCAF: A Deep Convolutional Activation Feature for
                  Generic Visual Recognition},
  year =         2014
}

@inproceedings{du2014influence,
  address =      {Beijing, China},
  author =       {Du, Nan and Liang, Yingyu and Balcan, Maria-Florina
                  and Song, Le},
  booktitle =    {Proceedings of the 31st International Conference on
                  Machine Learning (ICML)},
  month =        {June},
  note =         {\url{http://proceedings.mlr.press/v32/du14.html}},
  pages =        {2016--2024},
  publisher =    {Journal of Machine Learning Research (JMLR)},
  series =       {Workshop and Conference Proceedings},
  title =        {Influence Function Learning in Information Diffusion
                  Networks},
  volume =       32,
  year =         2014
}

@inproceedings{dworkin2014pursuitevasion,
  address =      {Beijing, China},
  author =       {Dworkin, Lili and Kearns, Michael J. and Nevmyvaka,
                  Yuriy},
  booktitle =    {Proceedings of the 31st International Conference on
                  Machine Learning (ICML)},
  month =        {June},
  note =
                  {\url{http://proceedings.mlr.press/v32/dworkin14.html}},
  pages =        {1521--1529},
  publisher =    {JMLR.org},
  series =       {JMLR Workshop and Conference Proceedings},
  title =        {Pursuit-Evasion Without Regret, with an Application
                  to Trading},
  volume =       32,
  year =         2014
}

@inproceedings{eban2014discrete,
  address =      {Beijing, China},
  author =       {Eban, Elad and Mezuman, Elad and Globerson, Amir},
  booktitle =    {Proceedings of the 31st International Conference on
                  Machine Learning (ICML)},
  month =        {June},
  note =         {\url{http://proceedings.mlr.press/v32/eban14.html}},
  pages =        {1233--1241},
  publisher =    {Journal of Machine Learning Research (JMLR)},
  series =       {Workshop and Conference Proceedings},
  title =        {Discrete Chebyshev Classifiers},
  volume =       32,
  year =         2014
}

@inproceedings{ermon2014lowdensity,
  address =      {Beijing, China},
  author =       {Ermon, Stefano and Gomes, Carla P. and Sabharwal,
                  Ashish and Selman, Bart},
  booktitle =    {Proceedings of the 31st International Conference on
                  Machine Learning (ICML)},
  month =        {June},
  note =         {\url{http://proceedings.mlr.press/v32/ermon14.html}},
  pages =        {271--279},
  publisher =    {Journal of Machine Learning Research (JMLR)},
  series =       {Workshop and Conference Proceedings},
  title =        {Low-density Parity Constraints for Hashing-Based
                  Discrete Integration},
  volume =       32,
  year =         2014
}

@inproceedings{estrach2014signal,
  address =      {Beijing, China},
  author =       {Estrach, Joan Bruna and Szlam, Arthur and LeCun,
                  Yann},
  booktitle =    {Proceedings of the 31st International Conference on
                  Machine Learning (ICML)},
  month =        {June},
  note =
                  {\url{http://proceedings.mlr.press/v32/estrach14.html}},
  pages =        {307--315},
  publisher =    {JMLR.org},
  series =       {{JMLR} Workshop and Conference Proceedings},
  title =        {Signal recovery from Pooling Representations},
  volume =       32,
  year =         2014
}

@inproceedings{fang2014graphbased,
  address =      {Beijing, China},
  author =       {Fang, Yuan and Chang, Kevin Chen-Chuan and Lauw,
                  Hady Wirawan},
  booktitle =    {Proceedings of the 31st International Conference on
                  Machine Learning (ICML)},
  month =        {June},
  note =         {\url{http://proceedings.mlr.press/v32/fang14.html}},
  pages =        {406--414},
  publisher =    {JMLR.org},
  series =       {{JMLR} Workshop and Conference Proceedings},
  title =        {Graph-based Semi-supervised Learning: Realizing
                  Pointwise Smoothness Probabilistically},
  volume =       32,
  year =         2014
}

@inproceedings{ferdin2014diagnosis,
  address =      {Beijing, China},
  author =       {Ferdin, Luca and Cicalese, O. and Laber, Eduardo
                  Sany and Saettler, Aline Medeiros},
  booktitle =    {Proceedings of the 31st International Conference on
                  Machine Learning (ICML)},
  month =        {June},
  note =
                  {\url{\url{http://proceedings.mlr.press/v32/cicalese14.html}}},
  pages =        {414--422},
  publisher =    {JMLR.org},
  series =       {Workshop and Conference Proceedings},
  title =        {Diagnosis determination: decision trees optimizing
                  simultaneously worst and expected testing cost},
  year =         2014
}

@inproceedings{fujiwara2014efficient,
  address =      {Beijing, China},
  author =       {Fujiwara, Yasuhiro and Irie, Go},
  booktitle =    {Proceedings of the 31st International Conference on
                  Machine Learning (ICML)},
  month =        {June},
  note =
                  {\url{http://proceedings.mlr.press/v32/fujiwara14.html}},
  pages =        {784--792},
  publisher =    {Journal of Machine Learning Research (JMLR)},
  series =       {Workshop and Conference Proceedings},
  title =        {Efficient Label Propagation},
  volume =       32,
  year =         2014
}

@inproceedings{gaboardi2014dual,
  address =      {Beijing, China},
  author =       {Gaboardi, Marco and Arias, Emilio Jesús Gallego and
                  Hsu, Justin and Roth, Aaron and Wu, Zhiwei Steven},
  booktitle =    {Proceedings of the 31st International Conference on
                  Machine Learning (ICML)},
  month =        {June},
  note =
                  {\url{http://proceedings.mlr.press/v32/gaboardi14.html}},
  pages =        {1170--1178},
  publisher =    {Journal of Machine Learning Research (JMLR)},
  series =       {Workshop and Conference Proceedings},
  title =        {Dual Query: Practical Private Query Release for High
                  Dimensional Data},
  volume =       32,
  year =         2014
}

@inproceedings{gal2014pitfalls,
  address =      {Beijing, China},
  author =       {Gal, Yarin and Ghahramani, Zoubin},
  booktitle =    {Proceedings of the 31st International Conference on
                  Machine Learning (ICML)},
  month =        {June},
  note =         {\url{http://proceedings.mlr.press/v32/gal14.html}},
  pages =        {208--216},
  publisher =    {JMLR.org},
  series =       {{JMLR} Workshop and Conference Proceedings},
  title =        {Pitfalls in the use of Parallel Inference for the
                  Dirichlet Process},
  volume =       32,
  year =         2014
}

@inproceedings{gardner2014bayesian,
  address =      {Beijing, China},
  author =       {Gardner, Jacob R. and Kusner, Matt J. and Xu,
                  Zhixiang Eddie and Weinberger, Kilian Q. and
                  Cunningham, John P.},
  booktitle =    {Proceedings of the 31st International Conference on
                  Machine Learning (ICML)},
  month =        {June},
  note =
                  {\url{http://proceedings.mlr.press/v32/gardner14.html}},
  pages =        {937--945},
  publisher =    {Journal of Machine Learning Research (JMLR)},
  series =       {Workshop and Conference Proceedings},
  title =        {Bayesian Optimization with Inequality Constraints},
  volume =       32,
  year =         2014
}

@inproceedings{gentile2014online,
  address =      {Beijing, China},
  author =       {Gentile, Claudio and Li, Shuai and Zappella,
                  Giovanni},
  booktitle =    {Proceedings of the 31st International Conference on
                  Machine Learning (ICML)},
  month =        {June},
  note =
                  {\url{http://proceedings.mlr.press/v32/gentile14.html}},
  pages =        {757--765},
  publisher =    {Journal of Machine Learning Research (JMLR)},
  series =       {Workshop and Conference Proceedings},
  title =        {Online Clustering of Bandits},
  volume =       32,
  year =         2014
}

@inproceedings{gieseke2014buffer,
  address =      {Beijing, China},
  author =       {Gieseke, Fabian and Heinermann, Justin and Oancea,
                  Cosmin E. and Igel, Christian},
  booktitle =    {Proceedings of the 31st International Conference on
                  Machine Learning (ICML)},
  month =        {June},
  note =
                  {\url{http://proceedings.mlr.press/v32/gieseke14.html}},
  pages =        {172--180},
  publisher =    {Journal of Machine Learning Research (JMLR)},
  series =       {Workshop and Conference Proceedings},
  title =        {Buffer k-d Trees: Processing Massive Nearest
                  Neighbor Queries on GPUs},
  volume =       32,
  year =         2014
}

@inproceedings{giesen2014robust,
  address =      {Beijing, China},
  author =       {Giesen, Joachim and Laue, Sören and Wieschollek,
                  Patrick},
  booktitle =    {Proceedings of the 31st International Conference on
                  Machine Learning (ICML)},
  month =        {June},
  note =
                  {\url{http://proceedings.mlr.press/v32/giesen14.html}},
  pages =        {1296--1304},
  publisher =    {JMLR.org},
  series =       {JMLR Workshop and Conference Proceedings},
  title =        {Robust and Efficient Kernel Hyperparameter Paths
                  with Guarantees},
  volume =       32,
  year =         2014
}

@inproceedings{gleich2014antidifferentiating,
  address =      {Beijing, China},
  author =       {Gleich, David F. and Mahoney, Michael W.},
  booktitle =    {Proceedings of the 31st International Conference on
                  Machine Learning (ICML)},
  month =        {June},
  note =
                  {\url{http://proceedings.mlr.press/v32/gleich14.html}},
  pages =        {1018--1025},
  publisher =    {Journal of Machine Learning Research (JMLR)},
  series =       {Workshop and Conference Proceedings},
  title =        {Anti-differentiating approximation algorithms: A
                  case study with min-cuts, spectral, and flow},
  volume =       32,
  year =         2014
}

@inproceedings{gopal2014von,
  address =      {Beijing, China},
  author =       {Gopal, Siddharth and Yang, Yiming},
  booktitle =    {Proceedings of the 31st International Conference on
                  Machine Learning (ICML)},
  month =        {June},
  note =         {\url{http://proceedings.mlr.press/v32/gopal14.html}},
  pages =        {154--162},
  publisher =    {Journal of Machine Learning Research (JMLR)},
  series =       {Workshop and Conference Proceedings},
  title =        {Von Mises-Fisher Clustering Models},
  volume =       32,
  year =         2014
}

@inproceedings{gopalan2014thompson,
  address =      {Beijing, China},
  author =       {Gopalan, Aditya and Mannor, Shie and Mansour,
                  Yishay},
  booktitle =    {Proceedings of the 31st International Conference on
                  Machine Learning (ICML)},
  month =        {June},
  note =
                  {\url{http://proceedings.mlr.press/v32/gopalan14.html}},
  pages =        {100--108},
  publisher =    {Journal of Machine Learning Research (JMLR)},
  series =       {Workshop and Conference Proceedings},
  title =        {Thompson Sampling for Complex Online Problems},
  volume =       32,
  year =         2014
}

@inproceedings{gr2014sample,
  address =      {Beijing, China},
  author =       {Gr, Robert C. and e, and Walsh, Thomas J. and How,
                  Jonathan P.},
  booktitle =    {Proceedings of the 31st International Conference on
                  Machine Learning (ICML)},
  month =        {June},
  note =
                  {\url{http://proceedings.mlr.press/v32/grande14.html}},
  pages =        {1332--1340},
  publisher =    {JMLR.org},
  series =       {JMLR Workshop and Conference Proceedings},
  title =        {Sample Efficient Reinforcement Learning with
                  Gaussian Processes},
  volume =       32,
  year =         2014
}

@inproceedings{graves2014towards,
  address =      {Beijing, China},
  author =       {Graves, Alex and Jaitly, Navdeep},
  booktitle =    {Proceedings of the 31st International Conference on
                  Machine Learning (ICML)},
  month =        {June},
  note =
                  {\url{http://proceedings.mlr.press/v32/graves14.html}},
  pages =        {1764--1772},
  publisher =    {Journal of Machine Learning Research (JMLR)},
  series =       {Workshop and Conference Proceedings},
  title =        {Towards End-To-End Speech Recognition with Recurrent
                  Neural Networks},
  volume =       32,
  year =         2014
}

@inproceedings{gregor2014deep,
  address =      {Beijing, China},
  author =       {Gregor, Karol and Danihelka, Ivo and Mnih, Andriy
                  and Blundell, Charles and Wierstra, Daan},
  booktitle =    {Proceedings of the 31st International Conference on
                  Machine Learning (ICML)},
  month =        {June},
  note =
                  {\url{http://proceedings.mlr.press/v32/gregor14.html}},
  pages =        {1242--1250},
  publisher =    {Journal of Machine Learning Research (JMLR)},
  series =       {Workshop and Conference Proceedings},
  title =        {Deep AutoRegressive Networks},
  volume =       32,
  year =         2014
}

@inproceedings{gunasekar2014exponential,
  address =      {Beijing, China},
  author =       {Gunasekar, Suriya and Ravikumar, Pradeep and Ghosh,
                  Joydeep},
  booktitle =    {Proceedings of the 31st International Conference on
                  Machine Learning (ICML)},
  month =        {June},
  note =
                  {\url{http://proceedings.mlr.press/v32/gunasekar14.html}},
  pages =        {1917--1925},
  publisher =    {Journal of Machine Learning Research (JMLR)},
  series =       {Workshop and Conference Proceedings},
  title =        {Exponential Family Matrix Completion under
                  Structural Constraints},
  volume =       32,
  year =         2014
}

@inproceedings{haeffele2014structured,
  address =      {Beijing, China},
  author =       {Haeffele, Benjamin D. and Young, Eric and Vidal,
                  René},
  booktitle =    {Proceedings of the 31st International Conference on
                  Machine Learning (ICML)},
  month =        {June},
  note =
                  {\url{http://proceedings.mlr.press/v32/haeffele14.html}},
  pages =        {2007--2015},
  publisher =    {Journal of Machine Learning Research (JMLR)},
  series =       {Workshop and Conference Proceedings},
  title =        {Structured Low-Rank Matrix Factorization:
                  Optimality, Algorithm, and Applications to Image
                  Processing},
  volume =       32,
  year =         2014
}

@inproceedings{hajiaghayi2014efficient,
  address =      {Beijing, China},
  author =       {Hajiaghayi, Monir and Kirkpatrick, Bonnie and Wang,
                  Liangliang and Alex, A. and Bouchard-Coté, Ré},
  booktitle =    {Proceedings of the 31st International Conference on
                  Machine Learning (ICML)},
  month =        {June},
  note =
                  {\url{\url{http://proceedings.mlr.press/v32/hajiaghayi14.html}}},
  pages =        {638--646},
  publisher =    {JMLR.org},
  series =       {Workshop and Conference Proceedings},
  title =        {Efficient Continuous-Time Markov Chain Estimation},
  year =         2014
}

@inproceedings{hamid2014compact,
  address =      {Beijing, China},
  author =       {Hamid, Raffay and Xiao, Ying and Gittens, Alex and
                  DeCoste, Dennis},
  booktitle =    {Proceedings of the 31st International Conference on
                  Machine Learning (ICML)},
  month =        {June},
  note =
                  {\url{\url{http://proceedings.mlr.press/v32/hamid14.html}}},
  pages =        {19--27},
  publisher =    {JMLR.org},
  series =       {Workshop and Conference Proceedings},
  title =        {Compact Random Feature Maps},
  year =         2014
}

@inproceedings{harel2014concept,
  address =      {Beijing, China},
  author =       {Harel, Maayan and Mannor, Shie and El-Yaniv, Ran and
                  Crammer, Koby},
  booktitle =    {Proceedings of the 31st International Conference on
                  Machine Learning (ICML)},
  month =        {June},
  note =         {\url{http://proceedings.mlr.press/v32/harel14.html}},
  pages =        {1009--1017},
  publisher =    {Journal of Machine Learning Research (JMLR)},
  series =       {Workshop and Conference Proceedings},
  title =        {Concept Drift Detection Through Resampling},
  volume =       32,
  year =         2014
}

@inproceedings{heaukulani2014beta,
  address =      {Beijing, China},
  author =       {Heaukulani, Creighton and Knowles, David A. and
                  Ghahramani, Zoubin},
  booktitle =    {Proceedings of the 31st International Conference on
                  Machine Learning (ICML)},
  month =        {June},
  note =
                  {\url{http://proceedings.mlr.press/v32/heaukulani14.html}},
  pages =        {1809--1817},
  publisher =    {Journal of Machine Learning Research (JMLR)},
  series =       {Workshop and Conference Proceedings},
  title =        {Beta Diffusion Trees},
  volume =       32,
  year =         2014
}

@inproceedings{heinemann2014inferning,
  address =      {Beijing, China},
  author =       {Heinemann, Uri and Globerson, Amir},
  booktitle =    {Proceedings of the 31st International Conference on
                  Machine Learning (ICML)},
  month =        {June},
  note =
                  {\url{http://proceedings.mlr.press/v32/heinemann14.html}},
  pages =        {1260--1268},
  publisher =    {Journal of Machine Learning Research (JMLR)},
  series =       {Workshop and Conference Proceedings},
  title =        {Inferning with High Girth Graphical Models},
  volume =       32,
  year =         2014
}

@inproceedings{hernandezlobato2014probabilistic,
  address =      {Beijing, China},
  author =       {Hernández-Lobato, José Miguel and Houlsby, Neil and
                  Ghahramani, Zoubin},
  booktitle =    {Proceedings of the 31st International Conference on
                  Machine Learning (ICML)},
  month =        {June},
  note =
                  {\url{http://proceedings.mlr.press/v32/hernandez-lobatob14.html}},
  pages =        {1512--1520},
  publisher =    {JMLR.org},
  series =       {JMLR Workshop and Conference Proceedings},
  title =        {Probabilistic Matrix Factorization with Non-random
                  Missing Data},
  volume =       32,
  year =         2014
}

@inproceedings{hernandezlobato2014stochastic,
  address =      {Beijing, China},
  author =       {Hernández-Lobato, José Miguel and Houlsby, Neil and
                  Ghahramani, Zoubin},
  booktitle =    {Proceedings of the 31st International Conference on
                  Machine Learning (ICML)},
  month =        {June},
  note =
                  {\url{http://proceedings.mlr.press/v32/hernandez-lobatoa14.html}},
  pages =        {379--387},
  publisher =    {JMLR.org},
  series =       {{JMLR} Workshop and Conference Proceedings},
  title =        {Stochastic Inference for Scalable Probabilistic
                  Modeling of Binary Matrices},
  volume =       32,
  year =         2014
}

@inproceedings{hoang2014nonmyopic,
  address =      {Beijing, China},
  author =       {Hoang, Trong Nghia and Low, Bryan Kian Hsiang and
                  Jaillet, Patrick and Kankanhalli, Mohan S.},
  booktitle =    {Proceedings of the 31st International Conference on
                  Machine Learning (ICML)},
  month =        {June},
  note =         {\url{http://proceedings.mlr.press/v32/hoang14.html}},
  pages =        {739--747},
  publisher =    {Journal of Machine Learning Research (JMLR)},
  series =       {Workshop and Conference Proceedings},
  title =        {Nonmyopic ϵ-Bayes-Optimal Active Learning of
                  Gaussian Processes},
  volume =       32,
  year =         2014
}

@inproceedings{honorio2014unified,
  address =      {Beijing, China},
  author =       {Honorio, Jean and Jaakkola, Tommi S.},
  booktitle =    {Proceedings of the 31st International Conference on
                  Machine Learning (ICML)},
  month =        {June},
  note =
                  {\url{http://proceedings.mlr.press/v32/honorio14.html}},
  pages =        {136--144},
  publisher =    {JMLR.org},
  series =       {{JMLR} Workshop and Conference Proceedings},
  title =        {A Unified Framework for Consistency of Regularized
                  Loss Minimizers},
  volume =       32,
  year =         2014
}

@inproceedings{houlsby2014coldstart,
  address =      {Beijing, China},
  author =       {Houlsby, Neil and Hernández-Lobato, José Miguel and
                  Ghahramani, Zoubin},
  booktitle =    {Proceedings of the 31st International Conference on
                  Machine Learning (ICML)},
  month =        {June},
  note =
                  {\url{http://proceedings.mlr.press/v32/houlsby14.html}},
  pages =        {766--774},
  publisher =    {Journal of Machine Learning Research (JMLR)},
  series =       {Workshop and Conference Proceedings},
  title =        {Cold-start Active Learning with Robust Ordinal
                  Matrix Factorization},
  volume =       32,
  year =         2014
}

@inproceedings{hsieh2014divideandconquer,
  address =      {Beijing, China},
  author =       {Hsieh, Cho-Jui and Si, Si and Dhillon, Inderjit S.},
  booktitle =    {Proceedings of the 31st International Conference on
                  Machine Learning (ICML)},
  month =        {June},
  note =
                  {\url{\url{http://proceedings.mlr.press/v32/hsieha14.html}}},
  pages =        {566--574},
  publisher =    {JMLR.org},
  series =       {Workshop and Conference Proceedings},
  title =        {A Divide-and-Conquer Solver for Kernel Support
                  Vector Machines},
  year =         2014
}

@inproceedings{hsieh2014nuclear,
  address =      {Beijing, China},
  author =       {Hsieh, Cho-Jui and Olsen, Peder A.},
  booktitle =    {Proceedings of the 31st International Conference on
                  Machine Learning (ICML)},
  month =        {June},
  note =
                  {\url{\url{http://proceedings.mlr.press/v32/hsiehb14.html}}},
  pages =        {575--583},
  publisher =    {JMLR.org},
  series =       {Workshop and Conference Proceedings},
  title =        {Nuclear Norm Minimization via Active Subspace
                  Selection},
  year =         2014
}

@inproceedings{hsu2014heavytailed,
  address =      {Beijing, China},
  author =       {Hsu, Daniel J. and Sabato, Sivan},
  booktitle =    {Proceedings of the 31st International Conference on
                  Machine Learning (ICML)},
  month =        {June},
  note =
                  {\url{\url{http://proceedings.mlr.press/v32/hsu14.html}}},
  pages =        {37--45},
  publisher =    {JMLR.org},
  series =       {Workshop and Conference Proceedings},
  title =        {Heavy-tailed regression with a generalized
                  median-of-means},
  year =         2014
}

@inproceedings{hu2014multiperiod,
  address =      {Beijing, China},
  author =       {Hu, Jinli and Storkey, Amos J.},
  booktitle =    {Proceedings of the 31st International Conference on
                  Machine Learning (ICML)},
  month =        {June},
  note =         {\url{http://proceedings.mlr.press/v32/hu14.html}},
  pages =        {1773--1781},
  publisher =    {Journal of Machine Learning Research (JMLR)},
  series =       {Workshop and Conference Proceedings},
  title =        {Multi-period Trading Prediction Markets with
                  Connections to Machine Learning},
  volume =       32,
  year =         2014
}

@inproceedings{huang2014scalable,
  address =      {Beijing, China},
  author =       {Huang, Qi-Xing and Chen, Yuxin and Guibas, Leonidas
                  J.},
  booktitle =    {Proceedings of the 31st International Conference on
                  Machine Learning (ICML)},
  month =        {June},
  note =         {\url{http://proceedings.mlr.press/v32/huang14.html}},
  pages =        {64--72},
  publisher =    {JMLR.org},
  series =       {{JMLR} Workshop and Conference Proceedings},
  title =        {Scalable Semidefinite Relaxation for Maximum A
                  Posterior Estimation},
  volume =       32,
  year =         2014
}

@inproceedings{hutter2014efficient,
  address =      {Beijing, China},
  author =       {Hutter, Frank and Hoos, Holger H. and Leyton-Brown,
                  Kevin},
  booktitle =    {Proceedings of the 31st International Conference on
                  Machine Learning (ICML)},
  month =        {June},
  note =
                  {\url{\url{http://proceedings.mlr.press/v32/hutter14.html}}},
  pages =        {754--762},
  publisher =    {JMLR.org},
  series =       {Workshop and Conference Proceedings},
  title =        {An Efficient Approach for Assessing Hyperparameter
                  Importance},
  year =         2014
}

@inproceedings{inouye2014admixture,
  address =      {Beijing, China},
  author =       {Inouye, David I. and Ravikumar, Pradeep and Dhillon,
                  Inderjit S.},
  booktitle =    {Proceedings of the 31st International Conference on
                  Machine Learning (ICML)},
  month =        {June},
  note =
                  {\url{\url{http://proceedings.mlr.press/v32/inouye14.html}}},
  pages =        {683--691},
  publisher =    {JMLR.org},
  series =       {Workshop and Conference Proceedings},
  title =        {Admixture of Poisson MRFs: A Topic Model with Word
                  Dependencies},
  year =         2014
}

@inproceedings{iyer2014maximum,
  address =      {Beijing, China},
  author =       {Iyer, Arun Shankar and Nath, J. Saketha and
                  Sarawagi, Sunita},
  booktitle =    {Proceedings of the 31st International Conference on
                  Machine Learning (ICML)},
  month =        {June},
  note =
                  {\url{\url{http://proceedings.mlr.press/v32/iyer14.html}}},
  pages =        {530--538},
  publisher =    {JMLR.org},
  series =       {Workshop and Conference Proceedings},
  title =        {Maximum Mean Discrepancy for Class Ratio Estimation:
                  Convergence Bounds and Kernel Selection},
  year =         2014
}

@inproceedings{jain2014near,
  address =      {Beijing, China},
  author =       {Jain, Prateek and Thakurta, Abhradeep Guha},
  booktitle =    {Proceedings of the 31st International Conference on
                  Machine Learning (ICML)},
  month =        {June},
  note =
                  {\url{\url{http://proceedings.mlr.press/v32/jain14.html}}},
  pages =        {476--484},
  publisher =    {JMLR.org},
  series =       {Workshop and Conference Proceedings},
  title =        {Near Dimension Independent Risk Bounds for
                  Differentially Private Learning},
  year =         2014
}

@inproceedings{jawanpuria2014on,
  address =      {Beijing, China},
  author =       {Jawanpuria, Pratik and Varma, Manik and Nath,
                  J. Saketha},
  booktitle =    {Proceedings of the 31st International Conference on
                  Machine Learning (ICML)},
  month =        {June},
  note =
                  {\url{http://proceedings.mlr.press/v32/jawanpuria14.html}},
  pages =        {118--126},
  publisher =    {JMLR.org},
  series =       {{JMLR} Workshop and Conference Proceedings},
  title =        {On p-norm Path Following in Multiple Kernel Learning
                  for Non-linear Feature Selection},
  volume =       32,
  year =         2014
}

@inproceedings{johansson2014global,
  address =      {Beijing, China},
  author =       {Johansson, Fredrik D. and Jethava, Vinay and
                  Dubhashi, Devdatt P. and Bhattacharyya, Chiranjib},
  booktitle =    {Proceedings of the 31st International Conference on
                  Machine Learning (ICML)},
  month =        {June},
  note =
                  {\url{http://proceedings.mlr.press/v32/johansson14.html}},
  pages =        {694--702},
  publisher =    {Journal of Machine Learning Research (JMLR)},
  series =       {Workshop and Conference Proceedings},
  title =        {Global graph kernels using geometric embeddings},
  volume =       32,
  year =         2014
}

@inproceedings{johnson2014stochastic,
  address =      {Beijing, China},
  author =       {Johnson, Matthew James and Willsky, Alan S.},
  booktitle =    {Proceedings of the 31st International Conference on
                  Machine Learning (ICML)},
  month =        {June},
  note =
                  {\url{http://proceedings.mlr.press/v32/johnson14.html}},
  pages =        {1854--1862},
  publisher =    {Journal of Machine Learning Research (JMLR)},
  series =       {Workshop and Conference Proceedings},
  title =        {Stochastic Variational Inference for Bayesian Time
                  Series Models},
  volume =       32,
  year =         2014
}

@inproceedings{jun2014memory,
  address =      {Beijing, China},
  author =       {Jun, Seong-Hwan and Alex and Bouchard-Côté, Ré},
  booktitle =    {Proceedings of the 31st International Conference on
                  Machine Learning (ICML)},
  month =        {June},
  note =         {\url{http://proceedings.mlr.press/v32/jun14.html}},
  pages =        {514--522},
  publisher =    {Journal of Machine Learning Research (JMLR)},
  series =       {Workshop and Conference Proceedings},
  title =        {Memory (and Time) Efficient Sequential Monte Carlo},
  volume =       32,
  year =         2014
}

@inproceedings{karampatziakis2014discriminative,
  address =      {Beijing, China},
  author =       {Karampatziakis, Nikos and Mineiro, Paul},
  booktitle =    {Proceedings of the 31st International Conference on
                  Machine Learning (ICML)},
  month =        {June},
  note =
                  {\url{\url{http://proceedings.mlr.press/v32/karampatziakis14.html}}},
  pages =        {494--502},
  publisher =    {JMLR.org},
  series =       {Workshop and Conference Proceedings},
  title =        {Discriminative Features via Generalized
                  Eigenvectors},
  year =         2014
}

@inproceedings{karnin2014hard,
  address =      {Beijing, China},
  author =       {Karnin, Zohar Shay and Hazan, Elad},
  booktitle =    {Proceedings of the 31st International Conference on
                  Machine Learning (ICML)},
  month =        {June},
  note =
                  {\url{http://proceedings.mlr.press/v32/karnin14.html}},
  pages =        {883--891},
  publisher =    {Journal of Machine Learning Research (JMLR)},
  series =       {Workshop and Conference Proceedings},
  title =        {Hard-Margin Active Linear Regression},
  volume =       32,
  year =         2014
}

@inproceedings{khaleghi2014asymptotically,
  address =      {Beijing, China},
  author =       {Khaleghi, Azadeh and Ryabko, Daniil},
  booktitle =    {Proceedings of the 31st International Conference on
                  Machine Learning (ICML)},
  month =        {June},
  note =
                  {\url{\url{http://proceedings.mlr.press/v32/khaleghi14.html}}},
  pages =        {539--547},
  publisher =    {JMLR.org},
  series =       {Workshop and Conference Proceedings},
  title =        {Asymptotically consistent estimation of the number
                  of change points in highly dependent time series},
  year =         2014
}

@inproceedings{kim2014hierarchical,
  address =      {Beijing, China},
  author =       {Kim, Dongwoo and Oh, Alice},
  booktitle =    {Proceedings of the 31st International Conference on
                  Machine Learning (ICML)},
  month =        {June},
  note =         {\url{http://proceedings.mlr.press/v32/kim14.html}},
  pages =        {973--981},
  publisher =    {Journal of Machine Learning Research (JMLR)},
  series =       {Workshop and Conference Proceedings},
  title =        {Hierarchical Dirichlet Scaling Process},
  volume =       32,
  year =         2014
}

@inproceedings{kingma2014efficient,
  address =      {Beijing, China},
  author =       {Kingma, Diederik P. and Welling, Max},
  booktitle =    {Proceedings of the 31st International Conference on
                  Machine Learning (ICML)},
  month =        {June},
  note =
                  {\url{http://proceedings.mlr.press/v32/kingma14.html}},
  pages =        {1782--1790},
  publisher =    {Journal of Machine Learning Research (JMLR)},
  series =       {Workshop and Conference Proceedings},
  title =        {Efficient Gradient-Based Inference through
                  Transformations between Bayes Nets and Neural Nets},
  volume =       32,
  year =         2014
}

@inproceedings{kiros2014multimodal,
  address =      {Beijing, China},
  author =       {Kiros, Ryan and Salakhutdinov, Ruslan and Zemel,
                  Richard S.},
  booktitle =    {Proceedings of the 31st International Conference on
                  Machine Learning (ICML)},
  month =        {June},
  note =         {\url{http://proceedings.mlr.press/v32/kiros14.html}},
  pages =        {595--603},
  publisher =    {Journal of Machine Learning Research (JMLR)},
  series =       {Workshop and Conference Proceedings},
  title =        {Multimodal Neural Language Models},
  volume =       32,
  year =         2014
}

@inproceedings{knowles2014reversible,
  address =      {Beijing, China},
  author =       {Knowles, David A. and Ghahramani, Zoubin and Palla,
                  Konstantina},
  booktitle =    {Proceedings of the 31st International Conference on
                  Machine Learning (ICML)},
  month =        {June},
  note =
                  {\url{http://proceedings.mlr.press/v32/knowles14.html}},
  pages =        {1998--2006},
  publisher =    {Journal of Machine Learning Research (JMLR)},
  series =       {Workshop and Conference Proceedings},
  title =        {A reversible infinite HMM using normalised random
                  measures},
  volume =       32,
  year =         2014
}

@inproceedings{kondor2014multiresolution,
  address =      {Beijing, China},
  author =       {Kondor, Risi and Teneva, Nedelina and Garg, Vikas
                  K.},
  booktitle =    {Proceedings of the 31st International Conference on
                  Machine Learning (ICML)},
  month =        {June},
  note =
                  {\url{http://proceedings.mlr.press/v32/kondor14.html}},
  pages =        {1620--1628},
  publisher =    {JMLR.org},
  series =       {JMLR Workshop and Conference Proceedings},
  title =        {Multiresolution Matrix Factorization},
  volume =       32,
  year =         2014
}

@inproceedings{kontorovich2014concentration,
  address =      {Beijing, China},
  author =       {Kontorovich, Aryeh},
  booktitle =    {Proceedings of the 31st International Conference on
                  Machine Learning (ICML)},
  month =        {June},
  note =
                  {\url{\url{http://proceedings.mlr.press/v32/kontorovicha14.html}}},
  pages =        {28--36},
  publisher =    {JMLR.org},
  series =       {Workshop and Conference Proceedings},
  title =        {Concentration in unbounded metric spaces and
                  algorithmic stability},
  year =         2014
}

@inproceedings{kontorovich2014maximum,
  address =      {Beijing, China},
  author =       {Kontorovich, Aryeh and Weiss, Roi},
  booktitle =    {Proceedings of the 31st International Conference on
                  Machine Learning (ICML)},
  month =        {June},
  note =
                  {\url{http://proceedings.mlr.press/v32/kontorovichb14.html}},
  pages =        {892--900},
  publisher =    {Journal of Machine Learning Research (JMLR)},
  series =       {Workshop and Conference Proceedings},
  title =        {Maximum Margin Multiclass Nearest Neighbors},
  volume =       32,
  year =         2014
}

@inproceedings{koutnik2014clockwork,
  address =      {Beijing, China},
  author =       {Koutník, Jan and Greff, Klaus and Gomez, Faustino
                  J. and Schmidhuber, Jürgen},
  booktitle =    {Proceedings of the 31st International Conference on
                  Machine Learning (ICML)},
  month =        {June},
  note =
                  {\url{http://proceedings.mlr.press/v32/koutnik14.html}},
  pages =        {1863--1871},
  publisher =    {Journal of Machine Learning Research (JMLR)},
  series =       {Workshop and Conference Proceedings},
  title =        {A Clockwork RNN},
  volume =       32,
  year =         2014
}

@inproceedings{kpotufe2014consistency,
  address =      {Beijing, China},
  author =       {Kpotufe, Samory and Sgouritsa, Eleni and Janzing,
                  Dominik and Schölkopf, Bernhard},
  booktitle =    {Proceedings of the 31st International Conference on
                  Machine Learning (ICML)},
  month =        {June},
  note =
                  {\url{http://proceedings.mlr.press/v32/kpotufe14.html}},
  pages =        {478--486},
  publisher =    {Journal of Machine Learning Research (JMLR)},
  series =       {Workshop and Conference Proceedings},
  title =        {Consistency of Causal Inference under the Additive
                  Noise Model},
  volume =       32,
  year =         2014
}

@inproceedings{krichene2014on,
  address =      {Beijing, China},
  author =       {Krichene, Walid and Drighès, Benjamin and Alex and
                  Bayen, Remi M.},
  booktitle =    {Proceedings of the 31st International Conference on
                  Machine Learning (ICML)},
  month =        {June},
  note =
                  {\url{http://proceedings.mlr.press/v32/krichene14.html}},
  pages =        {163--171},
  publisher =    {JMLR.org},
  series =       {{JMLR} Workshop and Conference Proceedings},
  title =        {On the convergence of no-regret learning in selfish
                  routing},
  volume =       32,
  year =         2014
}

@inproceedings{krishnamurthy2014nonparametric,
  address =      {Beijing, China},
  author =       {Krishnamurthy, Akshay and K, Kirthevasan and Póczos,
                  Barnabás and Wasserman, Larry A.},
  booktitle =    {Proceedings of the 31st International Conference on
                  Machine Learning (ICML)},
  month =        {June},
  note =
                  {\url{http://proceedings.mlr.press/v32/krishnamurthy14.html}},
  pages =        {919--927},
  publisher =    {Journal of Machine Learning Research (JMLR)},
  series =       {Workshop and Conference Proceedings},
  title =        {Nonparametric Estimation of Renyi Divergence and
                  Friends},
  volume =       32,
  year =         2014
}

@inproceedings{kurras2014fadjusted,
  address =      {Beijing, China},
  author =       {Kurras, Sven and Luxburg, Ulrike von and Blanchard,
                  Gilles},
  booktitle =    {Proceedings of the 31st International Conference on
                  Machine Learning (ICML)},
  month =        {June},
  note =
                  {\url{http://proceedings.mlr.press/v32/kurras14.html}},
  pages =        {1530--1538},
  publisher =    {JMLR.org},
  series =       {JMLR Workshop and Conference Proceedings},
  title =        {The f-Adjusted Graph Laplacian: a Diagonal
                  Modification with a Geometric Interpretation},
  volume =       32,
  year =         2014
}

@inproceedings{kusner2014stochastic,
  address =      {Beijing, China},
  author =       {Kusner, Matt J. and Tyree, Stephen and Weinberger,
                  Kilian Q. and Agrawal, Kunal},
  booktitle =    {Proceedings of the 31st International Conference on
                  Machine Learning (ICML)},
  month =        {June},
  note =
                  {\url{http://proceedings.mlr.press/v32/kusner14.html}},
  pages =        {622--630},
  publisher =    {Journal of Machine Learning Research (JMLR)},
  series =       {Workshop and Conference Proceedings},
  title =        {Stochastic Neighbor Compression},
  volume =       32,
  year =         2014
}

@inproceedings{lajugie2014largemargin,
  address =      {Beijing, China},
  author =       {Lajugie, Rémi and Bach, Francis R. and Arlot,
                  Sylvain},
  booktitle =    {Proceedings of the 31st International Conference on
                  Machine Learning (ICML)},
  month =        {June},
  note =
                  {\url{http://proceedings.mlr.press/v32/lajugie14.html}},
  pages =        {297--305},
  publisher =    {Journal of Machine Learning Research (JMLR)},
  series =       {Workshop and Conference Proceedings},
  title =        {Large-Margin Metric Learning for Constrained
                  Partitioning Problems},
  volume =       32,
  year =         2014
}

@inproceedings{lan2014spherical,
  address =      {Beijing, China},
  author =       {Lan, Shiwei and Zhou, Bo and Shahbaba, Babak},
  booktitle =    {Proceedings of the 31st International Conference on
                  Machine Learning (ICML)},
  month =        {June},
  note =
                  {\url{\url{http://proceedings.mlr.press/v32/lan14.html}}},
  pages =        {629--637},
  publisher =    {JMLR.org},
  series =       {Workshop and Conference Proceedings},
  title =        {Spherical Hamiltonian Monte Carlo for Constrained
                  Target Distributions},
  year =         2014
}

@inproceedings{le2014distributed,
  address =      {Beijing, China},
  author =       {Le, Quoc V. and Mikolov, Tomáš},
  booktitle =    {Proceedings of the 31st International Conference on
                  Machine Learning (ICML)},
  month =        {June},
  note =         {\url{http://proceedings.mlr.press/v32/le14.html}},
  pages =        {1188--1196},
  publisher =    {Journal of Machine Learning Research (JMLR)},
  series =       {Workshop and Conference Proceedings},
  title =        {Distributed Representations of Sentences and
                  Documents},
  volume =       32,
  year =         2014
}

@inproceedings{lefakis2014dynamic,
  address =      {Beijing, China},
  author =       {Lefakis, Leonidas and Fleuret, François},
  booktitle =    {Proceedings of the 31st International Conference on
                  Machine Learning (ICML)},
  month =        {June},
  note =
                  {\url{http://proceedings.mlr.press/v32/lefakis14.html}},
  pages =        {1548--1556},
  publisher =    {JMLR.org},
  series =       {JMLR Workshop and Conference Proceedings},
  title =        {Dynamic Programming Boosting for Discriminative
                  Macro-Action Discovery},
  volume =       32,
  year =         2014
}

@inproceedings{letham2014latent,
  address =      {Beijing, China},
  author =       {Letham, Benjamin and Sun, Wei and Sheopuri, Anshul},
  booktitle =    {Proceedings of the 31st International Conference on
                  Machine Learning (ICML)},
  month =        {June},
  note =
                  {\url{http://proceedings.mlr.press/v32/letham14.html}},
  pages =        {217--225},
  publisher =    {Journal of Machine Learning Research (JMLR)},
  series =       {Workshop and Conference Proceedings},
  title =        {Latent Variable Copula Inference for Bundle Pricing
                  from Retail Transaction Data},
  volume =       32,
  year =         2014
}

@inproceedings{levine2014learning,
  address =      {Beijing, China},
  author =       {Levine, Sergey and Koltun, Vladlen},
  booktitle =    {Proceedings of the 31st International Conference on
                  Machine Learning (ICML)},
  month =        {June},
  note =
                  {\url{http://proceedings.mlr.press/v32/levine14.html}},
  pages =        {829--837},
  publisher =    {Journal of Machine Learning Research (JMLR)},
  series =       {Workshop and Conference Proceedings},
  title =        {Learning Complex Neural Network Policies with
                  Trajectory Optimization},
  volume =       32,
  year =         2014
}

@inproceedings{li2014bayesian,
  address =      {Beijing, China},
  author =       {Li, Chengtao and Zhu, Jun and Chen, Jianfei},
  booktitle =    {Proceedings of the 31st International Conference on
                  Machine Learning (ICML)},
  month =        {June},
  note =         {\url{http://proceedings.mlr.press/v32/lic14.html}},
  pages =        {415--423},
  publisher =    {JMLR.org},
  series =       {{JMLR} Workshop and Conference Proceedings},
  title =        {Bayesian Max-margin Multi-Task Learning with Data
                  Augmentation},
  volume =       32,
  year =         2014
}

@inproceedings{li2014coding,
  address =      {Beijing, China},
  author =       {Li, Ping and Mitzenmacher, Michael and Shrivastava,
                  Anshumali},
  booktitle =    {Proceedings of the 31st International Conference on
                  Machine Learning (ICML)},
  month =        {June},
  note =         {\url{http://proceedings.mlr.press/v32/lie14.html}},
  pages =        {676--684},
  publisher =    {Journal of Machine Learning Research (JMLR)},
  series =       {Workshop and Conference Proceedings},
  title =        {Coding for Random Projections},
  volume =       32,
  year =         2014
}

@inproceedings{li2014condensed,
  address =      {Beijing, China},
  author =       {Li, Chun-Liang and Lin, Hsuan-Tien},
  booktitle =    {Proceedings of the 31st International Conference on
                  Machine Learning (ICML)},
  month =        {June},
  note =
                  {\url{\url{http://proceedings.mlr.press/v32/lia14.html}}},
  pages =        {423--431},
  publisher =    {JMLR.org},
  series =       {Workshop and Conference Proceedings},
  title =        {Condensed Filter Tree for Cost-Sensitive Multi-Label
                  Classification},
  year =         2014
}

@inproceedings{li2014high,
  address =      {Beijing, China},
  author =       {Li, Yujia and Zemel, Richard S.},
  booktitle =    {Proceedings of the 31st International Conference on
                  Machine Learning (ICML)},
  month =        {June},
  note =         {\url{http://proceedings.mlr.press/v32/lif14.html}},
  pages =        {1368--1376},
  publisher =    {JMLR.org},
  series =       {JMLR Workshop and Conference Proceedings},
  title =        {High Order Regularization for Semi-Supervised
                  Learning of Structured Output Problems},
  volume =       32,
  year =         2014
}

@inproceedings{li2014latent,
  address =      {Beijing, China},
  author =       {Li, Xin and Guo, Yuhong},
  booktitle =    {Proceedings of the 31st International Conference on
                  Machine Learning (ICML)},
  month =        {June},
  note =         {\url{http://proceedings.mlr.press/v32/lid14.html}},
  pages =        {532--540},
  publisher =    {Journal of Machine Learning Research (JMLR)},
  series =       {Workshop and Conference Proceedings},
  title =        {Latent Semantic Representation Learning for Scene
                  Classification},
  volume =       32,
  year =         2014
}

@inproceedings{li2014on,
  address =      {Beijing, China},
  author =       {Li, Zhixing and Wen, Siqiang and Li, Juanzi and
                  Zhang, Peng and Tang, Jie},
  booktitle =    {Proceedings of the 31st International Conference on
                  Machine Learning (ICML)},
  month =        {June},
  note =
                  {\url{\url{http://proceedings.mlr.press/v32/lib14.html}}},
  pages =        {458--466},
  publisher =    {JMLR.org},
  series =       {Workshop and Conference Proceedings},
  title =        {On Modelling Non-linear Topical Dependencies},
  year =         2014
}

@inproceedings{lian2014modeling,
  address =      {Beijing, China},
  author =       {Lian, Wenzhao and Rao, Vinayak A. and Eriksson,
                  Brian and Carin, Lawrence},
  booktitle =    {Proceedings of the 31st International Conference on
                  Machine Learning (ICML)},
  month =        {June},
  note =         {\url{http://proceedings.mlr.press/v32/lian14.html}},
  pages =        {396--404},
  publisher =    {Journal of Machine Learning Research (JMLR)},
  series =       {Workshop and Conference Proceedings},
  title =        {Modeling Correlated Arrival Events with Latent
                  Semi-Markov Processes},
  volume =       32,
  year =         2014
}

@inproceedings{lim2014efficient,
  address =      {Beijing, China},
  author =       {Lim, Daryl and Lanckriet, Gert R. G.},
  booktitle =    {Proceedings of the 31st International Conference on
                  Machine Learning (ICML)},
  month =        {June},
  note =         {\url{http://proceedings.mlr.press/v32/lim14.html}},
  pages =        {1980--1988},
  publisher =    {Journal of Machine Learning Research (JMLR)},
  series =       {Workshop and Conference Proceedings},
  title =        {Efficient Learning of Mahalanobis Metrics for
                  Ranking},
  volume =       32,
  year =         2014
}

@inproceedings{lin2014adaptive,
  address =      {Beijing, China},
  author =       {Lin, Qihang and Xiao, Lin},
  booktitle =    {Proceedings of the 31st International Conference on
                  Machine Learning (ICML)},
  month =        {June},
  note =         {\url{http://proceedings.mlr.press/v32/lin14.html}},
  pages =        {73--81},
  publisher =    {Journal of Machine Learning Research (JMLR)},
  series =       {Workshop and Conference Proceedings},
  title =        {An Adaptive Accelerated Proximal Gradient Method and
                  its Homotopy Continuation for Sparse Optimization},
  volume =       32,
  year =         2014
}

@inproceedings{lin2014combinatorial,
  address =      {Beijing, China},
  author =       {Lin, Tian and Abrahao, Bruno D. and Kleinberg,
                  Robert D. and Lui, John C. S. and Chen, Wei},
  booktitle =    {Proceedings of the 31st International Conference on
                  Machine Learning (ICML)},
  month =        {June},
  note =         {\url{http://proceedings.mlr.press/v32/lind14.html}},
  pages =        {901--909},
  publisher =    {Journal of Machine Learning Research (JMLR)},
  series =       {Workshop and Conference Proceedings},
  title =        {Combinatorial Partial Monitoring Game with Linear
                  Feedback and Its Applications},
  volume =       32,
  year =         2014
}

@inproceedings{lin2014geodesic,
  address =      {Beijing, China},
  author =       {Lin, Binbin and Yang, Ji and He, Xiaofei and Ye,
                  Jieping},
  booktitle =    {Proceedings of the 31st International Conference on
                  Machine Learning (ICML)},
  month =        {June},
  note =         {\url{http://proceedings.mlr.press/v32/linb14.html}},
  pages =        {145--153},
  publisher =    {JMLR.org},
  series =       {{JMLR} Workshop and Conference Proceedings},
  title =        {Geodesic Distance Function Learning via Heat Flow on
                  Vector Fields},
  volume =       32,
  year =         2014
}

@inproceedings{lin2014multilabel,
  address =      {Beijing, China},
  author =       {Lin, Zijia and Ding, Guiguang and Hu, Mingqing and
                  Wang, Jianmin},
  booktitle =    {Proceedings of the 31st International Conference on
                  Machine Learning (ICML)},
  month =        {June},
  note =         {\url{http://proceedings.mlr.press/v32/linc14.html}},
  pages =        {325--333},
  publisher =    {JMLR.org},
  series =       {{JMLR} Workshop and Conference Proceedings},
  title =        {Multi-label Classification via Feature-aware
                  Implicit Label Space Encoding},
  volume =       32,
  year =         2014
}

@inproceedings{lin2014stable,
  address =      {Beijing, China},
  author =       {Lin, Tsung-Han and Kung, H. T.},
  booktitle =    {Proceedings of the 31st International Conference on
                  Machine Learning (ICML)},
  month =        {June},
  note =         {\url{http://proceedings.mlr.press/v32/line14.html}},
  pages =        {1323--1331},
  publisher =    {JMLR.org},
  series =       {JMLR Workshop and Conference Proceedings},
  title =        {Stable and Efficient Representation Learning with
                  Nonnegativity Constraints},
  volume =       32,
  year =         2014
}

@inproceedings{linderman2014discovering,
  address =      {Beijing, China},
  author =       {Linderman, Scott W. and Adams, Ryan P.},
  booktitle =    {Proceedings of the 31st International Conference on
                  Machine Learning (ICML)},
  month =        {June},
  note =
                  {\url{http://proceedings.mlr.press/v32/linderman14.html}},
  pages =        {1413--1421},
  publisher =    {JMLR.org},
  series =       {JMLR Workshop and Conference Proceedings},
  title =        {Discovering Latent Network Structure in Point
                  Process Data},
  volume =       32,
  year =         2014
}

@inproceedings{liu2014efficient,
  address =      {Beijing, China},
  author =       {Liu, Yong and Jiang, Shali and Liao, Shizhong},
  booktitle =    {Proceedings of the 31st International Conference on
                  Machine Learning (ICML)},
  month =        {June},
  note =         {\url{http://proceedings.mlr.press/v32/liua14.html}},
  pages =        {324--332},
  publisher =    {Journal of Machine Learning Research (JMLR)},
  series =       {Workshop and Conference Proceedings},
  title =        {Efficient Approximation of Cross-Validation for
                  Kernel Methods using Bouligand Influence Function},
  volume =       32,
  year =         2014
}

@inproceedings{liu2014forwardbackward,
  address =      {Beijing, China},
  author =       {Liu, Ji and Ye, Jieping and Fujimaki, Ryohei},
  booktitle =    {Proceedings of the 31st International Conference on
                  Machine Learning (ICML)},
  month =        {June},
  note =
                  {\url{\url{http://proceedings.mlr.press/v32/liub14.html}}},
  pages =        {503--511},
  publisher =    {JMLR.org},
  series =       {Workshop and Conference Proceedings},
  title =        {Forward-Backward Greedy Algorithms for General
                  Convex Smooth Functions over A Cardinality
                  Constraint},
  year =         2014
}

@inproceedings{liu2014gaussian,
  address =      {Beijing, China},
  author =       {Liu, Li-Ping and Sheldon, Daniel and Dietterich,
                  Thomas G.},
  booktitle =    {Proceedings of the 31st International Conference on
                  Machine Learning (ICML)},
  month =        {June},
  note =         {\url{http://proceedings.mlr.press/v32/liuf14.html}},
  pages =        {1602--1610},
  publisher =    {JMLR.org},
  series =       {JMLR Workshop and Conference Proceedings},
  title =        {Gaussian Approximation of Collective Graphical
                  Models},
  volume =       32,
  year =         2014
}

@inproceedings{liu2014learnability,
  address =      {Beijing, China},
  author =       {Liu, Li-Ping and Dietterich, Thomas G.},
  booktitle =    {Proceedings of the 31st International Conference on
                  Machine Learning (ICML)},
  month =        {June},
  note =         {\url{http://proceedings.mlr.press/v32/liug14.html}},
  pages =        {1629--1637},
  publisher =    {JMLR.org},
  series =       {JMLR Workshop and Conference Proceedings},
  title =        {Learnability of the Superset Label Learning Problem},
  volume =       32,
  year =         2014
}

@inproceedings{liu2014multiple,
  address =      {Beijing, China},
  author =       {Liu, Jie and Zhang, Chunming and Burnside, Elizabeth
                  S. and Page, David},
  booktitle =    {Proceedings of the 31st International Conference on
                  Machine Learning (ICML)},
  month =        {June},
  note =         {\url{http://proceedings.mlr.press/v32/liue14.html}},
  pages =        {955--963},
  publisher =    {Journal of Machine Learning Research (JMLR)},
  series =       {Workshop and Conference Proceedings},
  title =        {Multiple Testing under Dependence via Semiparametric
                  Graphical Models},
  volume =       32,
  year =         2014
}

@inproceedings{liu2014safe,
  address =      {Beijing, China},
  author =       {Liu, Jun and Zhao, Zheng and Wang, Jie and Ye,
                  Jieping},
  booktitle =    {Proceedings of the 31st International Conference on
                  Machine Learning (ICML)},
  month =        {June},
  note =         {\url{http://proceedings.mlr.press/v32/liuc14.html}},
  pages =        {289--297},
  publisher =    {JMLR.org},
  series =       {{JMLR} Workshop and Conference Proceedings},
  title =        {Safe Screening with Variational Inequalities and Its
                  Application to Lasso},
  volume =       32,
  year =         2014
}

@inproceedings{liuj2014asynchronous,
  address =      {Beijing, China},
  author =       {Liu, Ji and Wright, Stephen J. and Ré, Christopher
                  and Bittorf, Victor and Sridhar, Srikrishna},
  booktitle =    {Proceedings of the 31st International Conference on
                  Machine Learning (ICML)},
  month =        {June},
  note =         {\url{http://proceedings.mlr.press/v32/liud14.html}},
  pages =        {469--477},
  publisher =    {Journal of Machine Learning Research (JMLR)},
  series =       {Workshop and Conference Proceedings},
  title =        {An Asynchronous Parallel Stochastic Coordinate
                  Descent Algorithm},
  volume =       32,
  year =         2014
}

@inproceedings{lopezpaz2014randomized,
  address =      {Beijing, China},
  author =       {Lopez-Paz, David and Sra, Suvrit and Alex, and
                  Smola, J. and Ghahramani, Zoubin and Schölkopf,
                  Bernhard},
  booktitle =    {Proceedings of the 31st International Conference on
                  Machine Learning (ICML)},
  month =        {June},
  note =
                  {\url{http://proceedings.mlr.press/v32/lopez-paz14.html}},
  pages =        {1359--1367},
  publisher =    {JMLR.org},
  series =       {JMLR Workshop and Conference Proceedings},
  title =        {Randomized Nonlinear Component Analysis},
  volume =       32,
  year =         2014
}

@inproceedings{luo2014towards,
  address =      {Beijing, China},
  author =       {Luo, Haipeng and Schapire, Robert E.},
  booktitle =    {Proceedings of the 31st International Conference on
                  Machine Learning (ICML)},
  month =        {June},
  note =         {\url{http://proceedings.mlr.press/v32/luo14.html}},
  pages =        {226--234},
  publisher =    {Journal of Machine Learning Research (JMLR)},
  series =       {Workshop and Conference Proceedings},
  title =        {Towards Minimax Online Learning with Unknown Time
                  Horizon},
  volume =       32,
  year =         2014
}

@inproceedings{ma2014statistical,
  address =      {Beijing, China},
  author =       {Ma, Ping and Mahoney, Michael W. and Yu, Bin},
  booktitle =    {Proceedings of the 31st International Conference on
                  Machine Learning (ICML)},
  month =        {June},
  note =         {\url{http://proceedings.mlr.press/v32/ma14.html}},
  pages =        {91--99},
  publisher =    {Journal of Machine Learning Research (JMLR)},
  series =       {Workshop and Conference Proceedings},
  title =        {A Statistical Perspective on Algorithmic Leveraging},
  volume =       32,
  year =         2014
}

@inproceedings{maddison2014structured,
  address =      {Beijing, China},
  author =       {Maddison, Chris J. and Tarlow, Daniel},
  booktitle =    {Proceedings of the 31st International Conference on
                  Machine Learning (ICML)},
  month =        {June},
  note =
                  {\url{http://proceedings.mlr.press/v32/maddison14.html}},
  pages =        {649--657},
  publisher =    {Journal of Machine Learning Research (JMLR)},
  series =       {Workshop and Conference Proceedings},
  title =        {Structured Generative Models of Natural Source Code},
  volume =       32,
  year =         2014
}

@inproceedings{maillard2014latent,
  address =      {Beijing, China},
  author =       {Maillard, Odalric-Ambrym and Mannor, Shie},
  booktitle =    {Proceedings of the 31st International Conference on
                  Machine Learning (ICML)},
  month =        {June},
  note =
                  {\url{http://proceedings.mlr.press/v32/maillard14.html}},
  pages =        {136--144},
  publisher =    {Journal of Machine Learning Research (JMLR)},
  series =       {Workshop and Conference Proceedings},
  title =        {Latent Bandits},
  volume =       32,
  year =         2014
}

@inproceedings{malek2014linear,
  address =      {Beijing, China},
  author =       {Malek, Alan and Abbasi-Yadkori, Yasin and Bartlett,
                  Peter L.},
  booktitle =    {Proceedings of the 31st International Conference on
                  Machine Learning (ICML)},
  month =        {June},
  note =         {\url{http://proceedings.mlr.press/v32/malek14.html}},
  pages =        {496--504},
  publisher =    {Journal of Machine Learning Research (JMLR)},
  series =       {Workshop and Conference Proceedings},
  title =        {Linear Programming for Large-Scale Markov Decision
                  Problems},
  volume =       32,
  year =         2014
}

@inproceedings{malioutov2014convex,
  address =      {Beijing, China},
  author =       {Malioutov, Dmitry and Slavov, Nikolai},
  booktitle =    {Proceedings of the 31st International Conference on
                  Machine Learning (ICML)},
  month =        {June},
  note =
                  {\url{http://proceedings.mlr.press/v32/malioutov14.html}},
  pages =        {109--117},
  publisher =    {JMLR.org},
  series =       {{JMLR} Workshop and Conference Proceedings},
  title =        {Convex Total Least Squares},
  volume =       32,
  year =         2014
}

@inproceedings{mann2014scaling,
  address =      {Beijing, China},
  author =       {Mann, Timothy A. and Mannor, Shie},
  booktitle =    {Proceedings of the 31st International Conference on
                  Machine Learning (ICML)},
  month =        {June},
  note =         {\url{http://proceedings.mlr.press/v32/mann14.html}},
  pages =        {127--135},
  publisher =    {Journal of Machine Learning Research (JMLR)},
  series =       {Workshop and Conference Proceedings},
  title =        {Scaling Up Approximate Value Iteration with Options:
                  Better Policies with Fewer Iterations},
  volume =       32,
  year =         2014
}

@inproceedings{mann2014timeregularized,
  address =      {Beijing, China},
  author =       {Mann, Timothy A. and Mankowitz, Daniel J. and
                  Mannor, Shie},
  booktitle =    {Proceedings of the 31st International Conference on
                  Machine Learning (ICML)},
  month =        {June},
  note =         {\url{http://proceedings.mlr.press/v32/mannb14.html}},
  pages =        {1350--1358},
  publisher =    {JMLR.org},
  series =       {JMLR Workshop and Conference Proceedings},
  title =        {Time-Regularized Interrupting Options (TRIO)},
  volume =       32,
  year =         2014
}

@inproceedings{mary2014improving,
  address =      {Beijing, China},
  author =       {Mary, Jérémie and Preux, Philippe and Nicol,
                  Olivier},
  booktitle =    {Proceedings of the 31st International Conference on
                  Machine Learning (ICML)},
  month =        {June},
  note =         {\url{http://proceedings.mlr.press/v32/mary14.html}},
  pages =        {172--180},
  publisher =    {JMLR.org},
  series =       {{JMLR} Workshop and Conference Proceedings},
  title =        {Improving offline evaluation of contextual bandit
                  algorithms via bootstrapping techniques},
  volume =       32,
  year =         2014
}

@inproceedings{mcgibbon2014understanding,
  address =      {Beijing, China},
  author =       {McGibbon, Robert and Ramsundar, Bharath and Sultan,
                  Mohammad and Kiss, Gert and Vijay S. P.},
  booktitle =    {Proceedings of the 31st International Conference on
                  Machine Learning (ICML)},
  month =        {June},
  note =
                  {\url{http://proceedings.mlr.press/v32/mcgibbon14.html}},
  pages =        {1197--1205},
  publisher =    {Journal of Machine Learning Research (JMLR)},
  series =       {Workshop and Conference Proceedings},
  title =        {Understanding Protein Dynamics with L1-Regularized
                  Reversible Hidden Markov Models},
  volume =       32,
  year =         2014
}

@inproceedings{mei2014robust,
  address =      {Beijing, China},
  author =       {Mei, Shike and Zhu, Jun and Zhu, Jerry},
  booktitle =    {Proceedings of the 31st International Conference on
                  Machine Learning (ICML)},
  month =        {June},
  note =         {\url{http://proceedings.mlr.press/v32/mei14.html}},
  pages =        {253--261},
  publisher =    {Journal of Machine Learning Research (JMLR)},
  series =       {Workshop and Conference Proceedings},
  title =        {Robust RegBayes: Selectively Incorporating
                  First-Order Logic Domain Knowledge into Bayesian
                  Models},
  volume =       32,
  year =         2014
}

@inproceedings{meng2014learning,
  address =      {Beijing, China},
  author =       {Meng, Zhaoshi and Eriksson, Brian and Alfred O. Hero
                  III},
  booktitle =    {Proceedings of the 31st International Conference on
                  Machine Learning (ICML)},
  month =        {June},
  note =         {\url{http://proceedings.mlr.press/v32/meng14.html}},
  pages =        {1269--1277},
  publisher =    {Journal of Machine Learning Research (JMLR)},
  series =       {Workshop and Conference Proceedings},
  title =        {Learning Latent Variable Gaussian Graphical Models},
  volume =       32,
  year =         2014
}

@inproceedings{miller2014factorized,
  address =      {Beijing, China},
  author =       {Miller, Andrew C. and Bornn, Luke and Adams, Ryan
                  P. and Goldsberry, Kirk},
  booktitle =    {Proceedings of the 31st International Conference on
                  Machine Learning (ICML)},
  month =        {June},
  note =
                  {\url{http://proceedings.mlr.press/v32/miller14.html}},
  pages =        {235--243},
  publisher =    {Journal of Machine Learning Research (JMLR)},
  series =       {Workshop and Conference Proceedings},
  title =        {Factorized Point Process Intensities: A Spatial
                  Analysis of Professional Basketball},
  volume =       32,
  year =         2014
}

@inproceedings{minsker2014scalable,
  address =      {Beijing, China},
  author =       {Minsker, Stanislav and Srivastava, Sanvesh and Lin,
                  Lizhen and Dunson, David B.},
  booktitle =    {Proceedings of the 31st International Conference on
                  Machine Learning (ICML)},
  month =        {June},
  note =
                  {\url{http://proceedings.mlr.press/v32/minsker14.html}},
  pages =        {1656--1664},
  publisher =    {JMLR.org},
  series =       {JMLR Workshop and Conference Proceedings},
  title =        {Scalable and Robust Bayesian Inference via the
                  Median Posterior},
  volume =       32,
  year =         2014
}

@inproceedings{mittelman2014structured,
  address =      {Beijing, China},
  author =       {Mittelman, Roni and Kuipers, Benjamin and Savarese,
                  Silvio and Lee, Honglak},
  booktitle =    {Proceedings of the 31st International Conference on
                  Machine Learning (ICML)},
  month =        {June},
  note =
                  {\url{http://proceedings.mlr.press/v32/mittelman14.html}},
  pages =        {1647--1655},
  publisher =    {JMLR.org},
  series =       {JMLR Workshop and Conference Proceedings},
  title =        {Structured Recurrent Temporal Restricted Boltzmann
                  Machines},
  volume =       32,
  year =         2014
}

@inproceedings{mizrahi2014linear,
  address =      {Beijing, China},
  author =       {Mizrahi, Yariv Dror and Denil, Misha and N and
                  Freitas, O de},
  booktitle =    {Proceedings of the 31st International Conference on
                  Machine Learning (ICML)},
  month =        {June},
  note =
                  {\url{http://proceedings.mlr.press/v32/mizrahi14.html}},
  pages =        {199--207},
  publisher =    {JMLR.org},
  series =       {{JMLR} Workshop and Conference Proceedings},
  title =        {Linear and Parallel Learning of Markov Random
                  Fields},
  volume =       32,
  year =         2014
}

@inproceedings{mnih2014neural,
  address =      {Beijing, China},
  author =       {Mnih, Andriy and Gregor, Karol},
  booktitle =    {Proceedings of the 31st International Conference on
                  Machine Learning (ICML)},
  month =        {June},
  note =         {\url{http://proceedings.mlr.press/v32/mnih14.html}},
  pages =        {1791--1799},
  publisher =    {Journal of Machine Learning Research (JMLR)},
  series =       {Workshop and Conference Proceedings},
  title =        {Neural Variational Inference and Learning in Belief
                  Networks},
  volume =       32,
  year =         2014
}

@inproceedings{mohri2014learning,
  address =      {Beijing, China},
  author =       {Mohri, Mehryar and Medina, Andres Muñoz},
  booktitle =    {Proceedings of the 31st International Conference on
                  Machine Learning (ICML)},
  month =        {June},
  note =         {\url{http://proceedings.mlr.press/v32/mohri14.html}},
  pages =        {262--270},
  publisher =    {Journal of Machine Learning Research (JMLR)},
  series =       {Workshop and Conference Proceedings},
  title =        {Learning Theory and Algorithms for revenue
                  optimization in second price auctions with reserve},
  volume =       32,
  year =         2014
}

@inproceedings{mu2014kernel,
  address =      {Beijing, China},
  author =       {Mu, Krikamol and Fukumizu, Kenji and Sriperumbudur,
                  Bharath K. and Gretton, Arthur and Schölkopf,
                  Bernhard},
  booktitle =    {Proceedings of the 31st International Conference on
                  Machine Learning (ICML)},
  month =        {June},
  note =
                  {\url{http://proceedings.mlr.press/v32/muandet14.html}},
  pages =        {10--18},
  publisher =    {Journal of Machine Learning Research (JMLR)},
  series =       {Workshop and Conference Proceedings},
  title =        {Kernel Mean Estimation and Stein Effect},
  volume =       32,
  year =         2014
}

@inproceedings{mu2014square,
  address =      {Beijing, China},
  author =       {Mu, Cun and Huang, Bo and Wright, John and Goldfarb,
                  Donald},
  booktitle =    {Proceedings of the 31st International Conference on
                  Machine Learning (ICML)},
  month =        {June},
  note =         {\url{http://proceedings.mlr.press/v32/mu14.html}},
  pages =        {73--81},
  publisher =    {JMLR.org},
  series =       {{JMLR} Workshop and Conference Proceedings},
  title =        {Square Deal: Lower Bounds and Improved Relaxations
                  for Tensor Recovery},
  volume =       32,
  year =         2014
}

@inproceedings{mukuta2014probabilistic,
  address =      {Beijing, China},
  author =       {Mukuta, Yusuke and Harada, Tatsuya},
  booktitle =    {Proceedings of the 31st International Conference on
                  Machine Learning (ICML)},
  month =        {June},
  note =
                  {\url{http://proceedings.mlr.press/v32/mukuta14.html}},
  pages =        {1449--1457},
  publisher =    {JMLR.org},
  series =       {JMLR Workshop and Conference Proceedings},
  title =        {Probabilistic Partial Canonical Correlation
                  Analysis},
  volume =       32,
  year =         2014
}

@inproceedings{nakano2014rectangular,
  address =      {Beijing, China},
  author =       {Nakano, Masahiro and Ishiguro, Katsuhiko and Kimura,
                  Akisato and Yamada, Takeshi and Ueda, Naonori},
  booktitle =    {Proceedings of the 31st International Conference on
                  Machine Learning (ICML)},
  month =        {June},
  note =
                  {\url{http://proceedings.mlr.press/v32/nakano14.html}},
  pages =        {361--369},
  publisher =    {JMLR.org},
  series =       {{JMLR} Workshop and Conference Proceedings},
  title =        {Rectangular Tiling Process},
  volume =       32,
  year =         2014
}

@inproceedings{neufeld2014adaptive,
  address =      {Beijing, China},
  author =       {Neufeld, James and György, András and Szepesvári,
                  Csaba and Schuurmans, Dale},
  booktitle =    {Proceedings of the 31st International Conference on
                  Machine Learning (ICML)},
  month =        {June},
  note =
                  {\url{http://proceedings.mlr.press/v32/neufeld14.html}},
  pages =        {1944--1952},
  publisher =    {Journal of Machine Learning Research (JMLR)},
  series =       {Workshop and Conference Proceedings},
  title =        {Adaptive Monte Carlo via Bandit Allocation},
  volume =       32,
  year =         2014
}

@inproceedings{nguyen2014bayesian,
  address =      {Beijing, China},
  author =       {Nguyen, Tien-Vu and Phung, Dinh Quoc and Nguyen,
                  XuanLong and Venkatesh, Svetha and Bui, Hung},
  booktitle =    {Proceedings of the 31st International Conference on
                  Machine Learning (ICML)},
  month =        {June},
  note =
                  {\url{http://proceedings.mlr.press/v32/nguyenb14.html}},
  pages =        {288--296},
  publisher =    {Journal of Machine Learning Research (JMLR)},
  series =       {Workshop and Conference Proceedings},
  title =        {Bayesian Nonparametric Multilevel Clustering with
                  Group-Level Contexts},
  volume =       32,
  year =         2014
}

@inproceedings{nguyen2014fast,
  address =      {Beijing, China},
  author =       {Nguyen, Trung V. and Bonilla, Edwin V.},
  booktitle =    {Proceedings of the 31st International Conference on
                  Machine Learning (ICML)},
  month =        {June},
  note =
                  {\url{http://proceedings.mlr.press/v32/nguyena14.html}},
  pages =        {145--153},
  publisher =    {Journal of Machine Learning Research (JMLR)},
  series =       {Workshop and Conference Proceedings},
  title =        {Fast Allocation of Gaussian Process Experts},
  volume =       32,
  year =         2014
}

@inproceedings{nguyen2014multivariate,
  address =      {Beijing, China},
  author =       {Nguyen, Hoang Vu and Müller, Emmanuel and Vreeken,
                  Jilles and Efros, Pavel and Böhm, Klemens},
  booktitle =    {Proceedings of the 31st International Conference on
                  Machine Learning (ICML)},
  month =        {June},
  note =
                  {\url{http://proceedings.mlr.press/v32/nguyenc14.html}},
  pages =        {775--783},
  publisher =    {Journal of Machine Learning Research (JMLR)},
  series =       {Workshop and Conference Proceedings},
  title =        {Multivariate Maximal Correlation Analysis},
  volume =       32,
  year =         2014
}

@inproceedings{nie2014linear,
  address =      {Beijing, China},
  author =       {Nie, Feiping and Huang, Yizhen and Huang, Heng},
  booktitle =    {Proceedings of the 31st International Conference on
                  Machine Learning (ICML)},
  month =        {June},
  note =         {\url{http://proceedings.mlr.press/v32/niea14.html}},
  pages =        {505--513},
  publisher =    {Journal of Machine Learning Research (JMLR)},
  series =       {Workshop and Conference Proceedings},
  title =        {Linear Time Solver for Primal SVM},
  volume =       32,
  year =         2014
}

@inproceedings{nie2014optimal,
  address =      {Beijing, China},
  author =       {Nie, Feiping and Yuan, Jianjun and Huang, Heng},
  booktitle =    {Proceedings of the 31st International Conference on
                  Machine Learning (ICML)},
  month =        {June},
  note =         {\url{http://proceedings.mlr.press/v32/nieb14.html}},
  pages =        {1062--1070},
  publisher =    {Journal of Machine Learning Research (JMLR)},
  series =       {Workshop and Conference Proceedings},
  title =        {Optimal Mean Robust Principal Component Analysis},
  volume =       32,
  year =         2014
}

@inproceedings{niepert2014exchangeable,
  address =      {Beijing, China},
  author =       {Niepert, Mathias and Domingos, Pedro M.},
  booktitle =    {Proceedings of the 31st International Conference on
                  Machine Learning (ICML)},
  month =        {June},
  note =
                  {\url{http://proceedings.mlr.press/v32/niepert14.html}},
  pages =        {271--279},
  publisher =    {JMLR.org},
  series =       {{JMLR} Workshop and Conference Proceedings},
  title =        {Exchangeable Variable Models},
  volume =       32,
  year =         2014
}

@inproceedings{niu2014transductive,
  address =      {Beijing, China},
  author =       {Niu, Gang and Dai, Bo and Plessis, Marthinus
                  Christoffel du and Sugiyama, Masashi},
  booktitle =    {Proceedings of the 31st International Conference on
                  Machine Learning (ICML)},
  month =        {June},
  note =         {\url{http://proceedings.mlr.press/v32/niu14.html}},
  pages =        {1377--1385},
  publisher =    {JMLR.org},
  series =       {JMLR Workshop and Conference Proceedings},
  title =        {Transductive Learning with Multi-class Volume
                  Approximation},
  volume =       32,
  year =         2014
}

@inproceedings{orabona2014on,
  address =      {Beijing, China},
  author =       {Orabona, Francesco and Hazan, Tamir and An, Ian and
                  Sarwate, D. and Jaakkola, Tommi S.},
  booktitle =    {Proceedings of the 31st International Conference on
                  Machine Learning (ICML)},
  month =        {June},
  note =
                  {\url{\url{http://proceedings.mlr.press/v32/orabona14.html}}},
  pages =        {432--440},
  publisher =    {JMLR.org},
  series =       {Workshop and Conference Proceedings},
  title =        {On Measure Concentration of Random Maximum
                  A-Posteriori Perturbations},
  year =         2014
}

@inproceedings{pacheco2014preserving,
  address =      {Beijing, China},
  author =       {Pacheco, Jason and Zuffi, Silvia and Black, Michael
                  J. and Sudderth, Erik B.},
  booktitle =    {Proceedings of the 31st International Conference on
                  Machine Learning (ICML)},
  month =        {June},
  note =
                  {\url{http://proceedings.mlr.press/v32/pacheco14.html}},
  pages =        {1152--1160},
  publisher =    {Journal of Machine Learning Research (JMLR)},
  series =       {Workshop and Conference Proceedings},
  title =        {Preserving Modes and Messages via Diverse Particle
                  Selection},
  volume =       32,
  year =         2014
}

@inproceedings{paige2014compilation,
  address =      {Beijing, China},
  author =       {Paige, Brooks and Wood, Frank D.},
  booktitle =    {Proceedings of the 31st International Conference on
                  Machine Learning (ICML)},
  month =        {June},
  note =         {\url{http://proceedings.mlr.press/v32/paige14.html}},
  pages =        {1935--1943},
  publisher =    {Journal of Machine Learning Research (JMLR)},
  series =       {Workshop and Conference Proceedings},
  title =        {A Compilation Target for Probabilistic Programming
                  Languages},
  volume =       32,
  year =         2014
}

@inproceedings{pandey2014learning,
  address =      {Beijing, China},
  author =       {Dukkipati, Ambedkar and P, Gaurav and ey},
  booktitle =    {Proceedings of the 31st International Conference on
                  Machine Learning (ICML)},
  month =        {June},
  note =
                  {\url{http://proceedings.mlr.press/v32/pandey14.html}},
  pages =        {1719--1727},
  publisher =    {Journal of Machine Learning Research (JMLR)},
  series =       {Workshop and Conference Proceedings},
  title =        {Learning by Stretching Deep Networks},
  volume =       32,
  year =         2014
}

@inproceedings{papailiopoulos2014finding,
  address =      {Beijing, China},
  author =       {Papailiopoulos, Dimitris S. and Mitliagkas, Ioannis
                  and Dimakis, Ros G. and Alex and Caramanis,
                  Constantine},
  booktitle =    {Proceedings of the 31st International Conference on
                  Machine Learning (ICML)},
  month =        {June},
  note =
                  {\url{http://proceedings.mlr.press/v32/papailiopoulos14.html}},
  pages =        {1890--1898},
  publisher =    {Journal of Machine Learning Research (JMLR)},
  series =       {Workshop and Conference Proceedings},
  title =        {Finding Dense Subgraphs via Low-Rank Bilinear
                  Optimization},
  volume =       32,
  year =         2014
}

@inproceedings{pentina2014pacbayesian,
  address =      {Beijing, China},
  author =       {Pentina, Anastasia and Lampert, Christoph H.},
  booktitle =    {Proceedings of the 31st International Conference on
                  Machine Learning (ICML)},
  month =        {June},
  note =
                  {\url{http://proceedings.mlr.press/v32/pentina14.html}},
  pages =        {991--999},
  publisher =    {Journal of Machine Learning Research (JMLR)},
  series =       {Workshop and Conference Proceedings},
  title =        {A PAC-Bayesian bound for Lifelong Learning},
  volume =       32,
  year =         2014
}

@inproceedings{ping2014marginal,
  address =      {Beijing, China},
  author =       {Ping, Wei and Liu, Qiang and Alex and Ihler, Eric},
  booktitle =    {Proceedings of the 31st International Conference on
                  Machine Learning (ICML)},
  month =        {June},
  note =         {\url{http://proceedings.mlr.press/v32/ping14.html}},
  pages =        {190--198},
  publisher =    {JMLR.org},
  series =       {{JMLR} Workshop and Conference Proceedings},
  title =        {Marginal Structured SVM with Hidden Variables},
  volume =       32,
  year =         2014
}

@inproceedings{pinheiro2014recurrent,
  address =      {Beijing, China},
  author =       {Pinheiro, Pedro H. O. and Collobert, Ronan},
  booktitle =    {Proceedings of the 31st International Conference on
                  Machine Learning (ICML)},
  month =        {June},
  note =
                  {\url{http://proceedings.mlr.press/v32/pinheiro14.html}},
  pages =        {82--90},
  publisher =    {Journal of Machine Learning Research (JMLR)},
  series =       {Workshop and Conference Proceedings},
  title =        {Recurrent Convolutional Neural Networks for Scene
                  Labeling},
  volume =       32,
  year =         2014
}

@inproceedings{pourkamalianaraki2014memory,
  address =      {Beijing, China},
  author =       {Pourkamali-Anaraki, Farhad and Hughes, Shannon M.},
  booktitle =    {Proceedings of the 31st International Conference on
                  Machine Learning (ICML)},
  month =        {June},
  note =
                  {\url{http://proceedings.mlr.press/v32/anaraki14.html}},
  pages =        {1341--1349},
  publisher =    {JMLR.org},
  series =       {JMLR Workshop and Conference Proceedings},
  title =        {Memory and Computation Efficient PCA via Very Sparse
                  Random Projections},
  volume =       32,
  year =         2014
}

@inproceedings{qin2014sparse,
  address =      {Beijing, China},
  author =       {Qin, Zhiwei and Li, Weichang and Janoos, Firdaus},
  booktitle =    {Proceedings of the 31st International Conference on
                  Machine Learning (ICML)},
  month =        {June},
  note =         {\url{http://proceedings.mlr.press/v32/qin14.html}},
  pages =        {424--432},
  publisher =    {JMLR.org},
  series =       {{JMLR} Workshop and Conference Proceedings},
  title =        {Sparse Reinforcement Learning via Convex
                  Optimization},
  volume =       32,
  year =         2014
}

@inproceedings{quattoni2014spectral,
  address =      {Beijing, China},
  author =       {Quattoni, Ariadna and Balle, Borja and Carreras,
                  Xavier and Globerson, Amir},
  booktitle =    {Proceedings of the 31st International Conference on
                  Machine Learning (ICML)},
  month =        {June},
  note =
                  {\url{http://proceedings.mlr.press/v32/quattoni14.html}},
  pages =        {1710--1718},
  publisher =    {Journal of Machine Learning Research (JMLR)},
  series =       {Workshop and Conference Proceedings},
  title =        {Spectral Regularization for Max-Margin Sequence
                  Tagging},
  volume =       32,
  year =         2014
}

@inproceedings{rabinovich2014inverse,
  address =      {Beijing, China},
  author =       {Rabinovich, Maxim and Blei, David M.},
  booktitle =    {Proceedings of the 31st International Conference on
                  Machine Learning (ICML)},
  month =        {June},
  note =
                  {\url{http://proceedings.mlr.press/v32/rabinovich14.html}},
  pages =        {199--207},
  publisher =    {Journal of Machine Learning Research (JMLR)},
  series =       {Workshop and Conference Proceedings},
  title =        {The Inverse Regression Topic Model},
  volume =       32,
  year =         2014
}

@inproceedings{rai2014scalable,
  address =      {Beijing, China},
  author =       {Rai, Piyush and Wang, Yingjian and Guo, Shengbo and
                  Chen, Gary and Dunson, David B. and Carin, Lawrence},
  booktitle =    {Proceedings of the 31st International Conference on
                  Machine Learning (ICML)},
  month =        {June},
  note =         {\url{http://proceedings.mlr.press/v32/rai14.html}},
  pages =        {1800--1808},
  publisher =    {Journal of Machine Learning Research (JMLR)},
  series =       {Workshop and Conference Proceedings},
  title =        {Scalable Bayesian Low-Rank Decomposition of
                  Incomplete Multiway Tensors},
  volume =       32,
  year =         2014
}

@inproceedings{rajkumar2014statistical,
  address =      {Beijing, China},
  author =       {Rajkumar, Arun and Agarwal, Shivani},
  booktitle =    {Proceedings of the 31st International Conference on
                  Machine Learning (ICML)},
  month =        {June},
  note =
                  {\url{http://proceedings.mlr.press/v32/rajkumar14.html}},
  pages =        {118--126},
  publisher =    {Journal of Machine Learning Research (JMLR)},
  series =       {Workshop and Conference Proceedings},
  title =        {A Statistical Convergence Perspective of Algorithms
                  for Rank Aggregation from Pairwise Data},
  volume =       32,
  year =         2014
}

@inproceedings{ravanbakhsh2014minmax,
  address =      {Beijing, China},
  author =       {Ravanbakhsh, Siamak and Srinivasa, Christopher and
                  Frey, Brendan J. and Greiner, Russell},
  booktitle =    {Proceedings of the 31st International Conference on
                  Machine Learning (ICML)},
  month =        {June},
  note =
                  {\url{http://proceedings.mlr.press/v32/ravanbakhsh14.html}},
  pages =        {1035--1043},
  publisher =    {Journal of Machine Learning Research (JMLR)},
  series =       {Workshop and Conference Proceedings},
  title =        {Min-Max Problems on Factor Graphs},
  volume =       32,
  year =         2014
}

@inproceedings{reed2014learning,
  address =      {Beijing, China},
  author =       {Reed, Scott E. and Sohn, Kihyuk and Zhang, Yuting
                  and Lee, Honglak},
  booktitle =    {Proceedings of the 31st International Conference on
                  Machine Learning (ICML)},
  month =        {June},
  note =         {\url{http://proceedings.mlr.press/v32/reed14.html}},
  pages =        {1431--1439},
  publisher =    {JMLR.org},
  series =       {JMLR Workshop and Conference Proceedings},
  title =        {Learning to Disentangle Factors of Variation with
                  Manifold Interaction},
  volume =       32,
  year =         2014
}

@inproceedings{rey2014sparse,
  address =      {Beijing, China},
  author =       {Rey, Mélanie and Roth, Volker and Fuchs, Thomas J.},
  booktitle =    {Proceedings of the 31st International Conference on
                  Machine Learning (ICML)},
  month =        {June},
  note =         {\url{http://proceedings.mlr.press/v32/rey14.html}},
  pages =        {910--918},
  publisher =    {Journal of Machine Learning Research (JMLR)},
  series =       {Workshop and Conference Proceedings},
  title =        {Sparse meta-Gaussian information bottleneck},
  volume =       32,
  year =         2014
}

@inproceedings{rezende2014stochastic,
  address =      {Beijing, China},
  author =       {Rezende, Danilo Jimenez and Mohamed, Shakir and
                  Wierstra, Daan},
  booktitle =    {Proceedings of the 31st International Conference on
                  Machine Learning (ICML)},
  month =        {June},
  note =
                  {\url{http://proceedings.mlr.press/v32/rezende14.html}},
  pages =        {1278--1286},
  publisher =    {Journal of Machine Learning Research (JMLR)},
  series =       {Workshop and Conference Proceedings},
  title =        {Stochastic Backpropagation and Approximate Inference
                  in Deep Generative Models},
  volume =       32,
  year =         2014
}

@inproceedings{rippel2014learning,
  address =      {Beijing, China},
  author =       {Rippel, Oren and Gelbart, Michael A. and Adams, Ryan
                  P.},
  booktitle =    {Proceedings of the 31st International Conference on
                  Machine Learning (ICML)},
  month =        {June},
  note =
                  {\url{http://proceedings.mlr.press/v32/rippel14.html}},
  pages =        {1746--1754},
  publisher =    {Journal of Machine Learning Research (JMLR)},
  series =       {Workshop and Conference Proceedings},
  title =        {Learning Ordered Representations with Nested
                  Dropout},
  volume =       32,
  year =         2014
}

@inproceedings{rodrigues2014gaussian,
  address =      {Beijing, China},
  author =       {Rodrigues, Filipe and Pereira, Francisco C. and
                  Ribeiro, Bernardete},
  booktitle =    {Proceedings of the 31st International Conference on
                  Machine Learning (ICML)},
  month =        {June},
  note =
                  {\url{http://proceedings.mlr.press/v32/rodrigues14.html}},
  pages =        {433--441},
  publisher =    {JMLR.org},
  series =       {{JMLR} Workshop and Conference Proceedings},
  title =        {Gaussian Process Classification and Active Learning
                  with Multiple Annotators},
  volume =       32,
  year =         2014
}

@inproceedings{romano2014standardized,
  address =      {Beijing, China},
  author =       {Romano, Simone and Bailey, James and Nguyen, Xuan
                  Vinh and Verspoor, Karin},
  booktitle =    {Proceedings of the 31st International Conference on
                  Machine Learning (ICML)},
  month =        {June},
  note =
                  {\url{http://proceedings.mlr.press/v32/romano14.html}},
  pages =        {1143--1151},
  publisher =    {Journal of Machine Learning Research (JMLR)},
  series =       {Workshop and Conference Proceedings},
  title =        {Standardized Mutual Information for Clustering
                  Comparisons: One Step Further in Adjustment for
                  Chance},
  volume =       32,
  year =         2014
}

@inproceedings{rooshenas2014learning,
  address =      {Beijing, China},
  author =       {Rooshenas, Amirmohammad and Lowd, Daniel},
  booktitle =    {Proceedings of the 31st International Conference on
                  Machine Learning (ICML)},
  month =        {June},
  note =
                  {\url{\url{http://proceedings.mlr.press/v32/rooshenas14.html}}},
  pages =        {710--718},
  publisher =    {JMLR.org},
  series =       {Workshop and Conference Proceedings},
  title =        {Learning Sum-Product Networks with Direct and
                  Indirect Variable Interactions},
  year =         2014
}

@inproceedings{samdani2014discriminative,
  address =      {Beijing, China},
  author =       {Samdani, Rajhans and Chang, Kai-Wei and Roth, Dan},
  booktitle =    {Proceedings of the 31st International Conference on
                  Machine Learning (ICML)},
  month =        {June},
  note =
                  {\url{http://proceedings.mlr.press/v32/samdani14.html}},
  pages =        {1--9},
  publisher =    {Journal of Machine Learning Research (JMLR)},
  series =       {Workshop and Conference Proceedings},
  title =        {A Discriminative Latent Variable Model for Online
                  Clustering},
  volume =       32,
  year =         2014
}

@inproceedings{santos2014learning,
  address =      {Beijing, China},
  author =       {Santos, Cícero Nogueira dos and Zadrozny, Bianca},
  booktitle =    {Proceedings of the 31st International Conference on
                  Machine Learning (ICML)},
  month =        {June},
  note =
                  {\url{http://proceedings.mlr.press/v32/santos14.html}},
  pages =        {1818--1826},
  publisher =    {Journal of Machine Learning Research (JMLR)},
  series =       {Workshop and Conference Proceedings},
  title =        {Learning Character-level Representations for
                  Part-of-Speech Tagging},
  volume =       32,
  year =         2014
}

@inproceedings{sato2014approximation,
  address =      {Beijing, China},
  author =       {Sato, Issei and Nakagawa, Hiroshi},
  booktitle =    {Proceedings of the 31st International Conference on
                  Machine Learning (ICML)},
  month =        {June},
  note =         {\url{http://proceedings.mlr.press/v32/satoa14.html}},
  pages =        {982--990},
  publisher =    {Journal of Machine Learning Research (JMLR)},
  series =       {Workshop and Conference Proceedings},
  title =        {Approximation Analysis of Stochastic Gradient
                  Langevin Dynamics by using Fokker-Planck Equation
                  and Ito Process},
  volume =       32,
  year =         2014
}

@inproceedings{sato2014latent,
  address =      {Beijing, China},
  author =       {Sato, Issei and Kashima, Hisashi and Nakagawa,
                  Hiroshi},
  booktitle =    {Proceedings of the 31st International Conference on
                  Machine Learning (ICML)},
  month =        {June},
  note =         {\url{http://proceedings.mlr.press/v32/satob14.html}},
  pages =        {1116--1124},
  publisher =    {Journal of Machine Learning Research (JMLR)},
  series =       {Workshop and Conference Proceedings},
  title =        {Latent Confusion Analysis by Normalized Gamma
                  Construction},
  volume =       32,
  year =         2014
}

@inproceedings{scherrer2014approximate,
  address =      {Beijing, China},
  author =       {Scherrer, Bruno},
  booktitle =    {Proceedings of the 31st International Conference on
                  Machine Learning (ICML)},
  month =        {June},
  note =
                  {\url{http://proceedings.mlr.press/v32/scherrer14.html}},
  pages =        {1314--1322},
  publisher =    {JMLR.org},
  series =       {JMLR Workshop and Conference Proceedings},
  title =        {Approximate Policy Iteration Schemes: A Comparison},
  volume =       32,
  year =         2014
}

@inproceedings{schoenauer2014programming,
  address =      {Beijing, China},
  author =       {Schoenauer, Marc and Akrour, Riad and Sebag, Michèle
                  and Souplet, Jean-Christophe},
  booktitle =    {Proceedings of the 31st International Conference on
                  Machine Learning (ICML)},
  month =        {June},
  note =
                  {\url{http://proceedings.mlr.press/v32/schoenauer14.html}},
  pages =        {1503--1511},
  publisher =    {JMLR.org},
  series =       {JMLR Workshop and Conference Proceedings},
  title =        {Programming by Feedback},
  volume =       32,
  year =         2014
}

@inproceedings{scholz2014physicsbased,
  address =      {Beijing, China},
  author =       {Scholz, Jonathan and Levihn, Martin and Jr., Charles
                  Lee Isbell and Wingate, David},
  booktitle =    {Proceedings of the 31st International Conference on
                  Machine Learning (ICML)},
  month =        {June},
  note =
                  {\url{http://proceedings.mlr.press/v32/scholz14.html}},
  pages =        {1089--1097},
  publisher =    {Journal of Machine Learning Research (JMLR)},
  series =       {Workshop and Conference Proceedings},
  title =        {A Physics-Based Model Prior for Object-Oriented
                  MDPs},
  volume =       32,
  year =         2014
}

@inproceedings{seijen2014true,
  address =      {Beijing, China},
  author =       {Seijen, Harm van and Sutton, Richard S.},
  booktitle =    {Proceedings of the 31st International Conference on
                  Machine Learning (ICML)},
  month =        {June},
  note =
                  {\url{\url{http://proceedings.mlr.press/v32/seijen14.html}}},
  pages =        {692--700},
  publisher =    {JMLR.org},
  series =       {Workshop and Conference Proceedings},
  title =        {True Online TD(lambda)},
  year =         2014
}

@inproceedings{sejdinovic2014kernel,
  address =      {Beijing, China},
  author =       {Sejdinovic, Dino and Strathmann, Heiko and Garcia,
                  Maria Lomeli and Andrieu, Christophe and Gretton,
                  Arthur},
  booktitle =    {Proceedings of the 31st International Conference on
                  Machine Learning (ICML)},
  month =        {June},
  note =
                  {\url{http://proceedings.mlr.press/v32/sejdinovic14.html}},
  pages =        {1665--1673},
  publisher =    {JMLR.org},
  series =       {JMLR Workshop and Conference Proceedings},
  title =        {Kernel Adaptive Metropolis-Hastings},
  volume =       32,
  year =         2014
}

@inproceedings{seldin2014practical,
  address =      {Beijing, China},
  author =       {Seldin, Yevgeny and Aleks, and Slivkins, R.},
  booktitle =    {Proceedings of the 31st International Conference on
                  Machine Learning (ICML)},
  month =        {June},
  note =
                  {\url{http://proceedings.mlr.press/v32/seldinb14.html}},
  pages =        {1287--1295},
  publisher =    {JMLR.org},
  series =       {JMLR Workshop and Conference Proceedings},
  title =        {One Practical Algorithm for Both Stochastic and
                  Adversarial Bandits},
  volume =       32,
  year =         2014
}

@inproceedings{seldin2014prediction,
  address =      {Beijing, China},
  author =       {Seldin, Yevgeny and Bartlett, Peter L. and Crammer,
                  Koby and Abbasi-Yadkori, Yasin},
  booktitle =    {Proceedings of the 31st International Conference on
                  Machine Learning (ICML)},
  month =        {June},
  note =
                  {\url{http://proceedings.mlr.press/v32/seldin14.html}},
  pages =        {280--287},
  publisher =    {Journal of Machine Learning Research (JMLR)},
  series =       {Workshop and Conference Proceedings},
  title =        {Prediction with Limited Advice and Multiarmed
                  Bandits with Paid Observations},
  volume =       32,
  year =         2014
}

@inproceedings{shalevshwartz2014accelerated,
  address =      {Beijing, China},
  author =       {Shalev-Shwartz, Shai and Zhang, Tong},
  booktitle =    {Proceedings of the 31st International Conference on
                  Machine Learning (ICML)},
  month =        {June},
  note =
                  {\url{http://proceedings.mlr.press/v32/shalev-shwartz14.html}},
  pages =        {64--72},
  publisher =    {Journal of Machine Learning Research (JMLR)},
  series =       {Workshop and Conference Proceedings},
  title =        {Accelerated Proximal Stochastic Dual Coordinate
                  Ascent for Regularized Loss Minimization},
  volume =       32,
  year =         2014
}

@inproceedings{shalit2014coordinatedescent,
  address =      {Beijing, China},
  author =       {Shalit, Uri and Chechik, Gal},
  booktitle =    {Proceedings of the 31st International Conference on
                  Machine Learning (ICML)},
  month =        {June},
  note =
                  {\url{\url{http://proceedings.mlr.press/v32/shalit14.html}}},
  pages =        {548--556},
  publisher =    {JMLR.org},
  series =       {Workshop and Conference Proceedings},
  title =        {Coordinate-descent for learning orthogonal matrices
                  through Givens rotations},
  year =         2014
}

@inproceedings{shamir2014communicationefficient,
  address =      {Beijing, China},
  author =       {Shamir, Ohad and Srebro, Nathan and Zhang, Tong},
  booktitle =    {Proceedings of the 31st International Conference on
                  Machine Learning (ICML)},
  month =        {June},
  note =
                  {\url{http://proceedings.mlr.press/v32/shamir14.html}},
  pages =        {1000--1008},
  publisher =    {Journal of Machine Learning Research (JMLR)},
  series =       {Workshop and Conference Proceedings},
  title =        {Communication-Efficient Distributed Optimization
                  using an Approximate Newton-type Method},
  volume =       32,
  year =         2014
}

@inproceedings{shi2014online,
  address =      {Beijing, China},
  author =       {Shi, Tianlin and Zhu, Jun},
  booktitle =    {Proceedings of the 31st International Conference on
                  Machine Learning (ICML)},
  month =        {June},
  note =         {\url{http://proceedings.mlr.press/v32/shi14.html}},
  pages =        {378--386},
  publisher =    {Journal of Machine Learning Research (JMLR)},
  series =       {Workshop and Conference Proceedings},
  title =        {Online Bayesian Passive-Aggressive Learning},
  volume =       32,
  year =         2014
}

@inproceedings{shrivastava2014densifying,
  address =      {Beijing, China},
  author =       {Shrivastava, Anshumali and Li, Ping},
  booktitle =    {Proceedings of the 31st International Conference on
                  Machine Learning (ICML)},
  month =        {June},
  note =
                  {\url{\url{http://proceedings.mlr.press/v32/shrivastava14.html}}},
  pages =        {557--565},
  publisher =    {JMLR.org},
  series =       {Workshop and Conference Proceedings},
  title =        {Densifying One Permutation Hashing via Rotation for
                  Fast Near Neighbor Search},
  year =         2014
}

@inproceedings{si2014memory,
  address =      {Beijing, China},
  author =       {Si, Si and Hsieh, Cho-Jui and Dhillon, Inderjit S.},
  booktitle =    {Proceedings of the 31st International Conference on
                  Machine Learning (ICML)},
  month =        {June},
  note =
                  {\url{\url{http://proceedings.mlr.press/v32/si14.html}}},
  pages =        {701--709},
  publisher =    {JMLR.org},
  series =       {Workshop and Conference Proceedings},
  title =        {Memory Efficient Kernel Approximation},
  year =         2014
}

@inproceedings{silva2014active,
  address =      {Beijing, China},
  author =       {Silva, Bruno Castro da and Konidaris, George Dimitri
                  and Barto, Andrew G.},
  booktitle =    {Proceedings of the 31st International Conference on
                  Machine Learning (ICML)},
  month =        {June},
  note =         {\url{http://proceedings.mlr.press/v32/silva14.html}},
  pages =        {1737--1745},
  publisher =    {Journal of Machine Learning Research (JMLR)},
  series =       {Workshop and Conference Proceedings},
  title =        {Active Learning of Parameterized Skills},
  volume =       32,
  year =         2014
}

@inproceedings{silver2014deterministic,
  address =      {Beijing, China},
  author =       {Silver, David and Lever, Guy and Heess, Nicolas and
                  Degris, Thomas and Wierstra, Daan and Riedmiller,
                  Martin A.},
  booktitle =    {Proceedings of the 31st International Conference on
                  Machine Learning (ICML)},
  month =        {June},
  note =
                  {\url{http://proceedings.mlr.press/v32/silver14.html}},
  pages =        {387--395},
  publisher =    {Journal of Machine Learning Research (JMLR)},
  series =       {Workshop and Conference Proceedings},
  title =        {Deterministic Policy Gradient Algorithms},
  volume =       32,
  year =         2014
}

@inproceedings{singh2014generalized,
  address =      {Beijing, China},
  author =       {Singh, Shashank and Póczos, Barnabás},
  booktitle =    {Proceedings of the 31st International Conference on
                  Machine Learning (ICML)},
  month =        {June},
  note =         {\url{http://proceedings.mlr.press/v32/singh14.html}},
  pages =        {333--341},
  publisher =    {Journal of Machine Learning Research (JMLR)},
  series =       {Workshop and Conference Proceedings},
  title =        {Generalized Exponential Concentration Inequality for
                  Renyi Divergence Estimation},
  volume =       32,
  year =         2014
}

@inproceedings{singla2014nearoptimally,
  address =      {Beijing, China},
  author =       {Singla, Adish and Bogunovic, Ilija and Bartók, Gábor
                  and Karbasi, Amin and Krause, Andreas},
  booktitle =    {Proceedings of the 31st International Conference on
                  Machine Learning (ICML)},
  month =        {June},
  note =
                  {\url{http://proceedings.mlr.press/v32/singla14.html}},
  pages =        {154--162},
  publisher =    {JMLR.org},
  series =       {{JMLR} Workshop and Conference Proceedings},
  title =        {Near-Optimally Teaching the Crowd to Classify},
  volume =       32,
  year =         2014
}

@inproceedings{snoek2014input,
  address =      {Beijing, China},
  author =       {Snoek, Jasper and Swersky, Kevin and Zemel, Richard
                  S. and Adams, Ryan P.},
  booktitle =    {Proceedings of the 31st International Conference on
                  Machine Learning (ICML)},
  month =        {June},
  note =         {\url{http://proceedings.mlr.press/v32/snoek14.html}},
  pages =        {1674--1682},
  publisher =    {JMLR.org},
  series =       {JMLR Workshop and Conference Proceedings},
  title =        {Input Warping for Bayesian Optimization of
                  Non-Stationary Functions},
  volume =       32,
  year =         2014
}

@inproceedings{sohldickstein2014fast,
  address =      {Beijing, China},
  author =       {Sohl-Dickstein, Jascha and Poole, Ben and Ganguli,
                  Surya},
  booktitle =    {Proceedings of the 31st International Conference on
                  Machine Learning (ICML)},
  month =        {June},
  note =
                  {\url{http://proceedings.mlr.press/v32/sohl-dicksteinb14.html}},
  pages =        {604--612},
  publisher =    {Journal of Machine Learning Research (JMLR)},
  series =       {Workshop and Conference Proceedings},
  title =        {Fast large-scale optimization by unifying stochastic
                  gradient and quasi-Newton methods},
  volume =       32,
  year =         2014
}

@inproceedings{sohldickstein2014hamiltonian,
  address =      {Beijing, China},
  author =       {Sohl-Dickstein, Jascha and Mudigonda, Mayur and
                  DeWeese, Michael Robert},
  booktitle =    {Proceedings of the 31st International Conference on
                  Machine Learning (ICML)},
  month =        {June},
  note =
                  {\url{\url{http://proceedings.mlr.press/v32/sohl-dickstein14.html}}},
  pages =        {719--726},
  publisher =    {JMLR.org},
  series =       {Workshop and Conference Proceedings},
  title =        {Hamiltonian Monte Carlo Without Detailed Balance},
  year =         2014
}

@inproceedings{solomon2014wasserstein,
  address =      {Beijing, China},
  author =       {Solomon, Justin and Rustamov, Raif M. and Guibas,
                  Leonidas J. and Butscher, Adrian},
  booktitle =    {Proceedings of the 31st International Conference on
                  Machine Learning (ICML)},
  month =        {June},
  note =
                  {\url{http://proceedings.mlr.press/v32/solomon14.html}},
  pages =        {306--314},
  publisher =    {Journal of Machine Learning Research (JMLR)},
  series =       {Workshop and Conference Proceedings},
  title =        {Wasserstein Propagation for Semi-Supervised
                  Learning},
  volume =       32,
  year =         2014
}

@inproceedings{soma2014optimal,
  address =      {Beijing, China},
  author =       {Soma, Tasuku and Kakimura, Naonori and Inaba,
                  Kazuhiro and Kawarabayashi, Ken-ichi},
  booktitle =    {Proceedings of the 31st International Conference on
                  Machine Learning (ICML)},
  month =        {June},
  note =         {\url{http://proceedings.mlr.press/v32/soma14.html}},
  pages =        {351--359},
  publisher =    {Journal of Machine Learning Research (JMLR)},
  series =       {Workshop and Conference Proceedings},
  title =        {Optimal Budget Allocation: Theoretical Guarantee and
                  Efficient Algorithm},
  volume =       32,
  year =         2014
}

@inproceedings{song2014nonparametric,
  address =      {Beijing, China},
  author =       {Song, Le and An, Animashree and Kumar and Dai, Bo
                  and Xie, Bo},
  booktitle =    {Proceedings of the 31st International Conference on
                  Machine Learning (ICML)},
  month =        {June},
  note =         {\url{http://proceedings.mlr.press/v32/songa14.html}},
  pages =        {640--648},
  publisher =    {Journal of Machine Learning Research (JMLR)},
  series =       {Workshop and Conference Proceedings},
  title =        {Nonparametric Estimation of Multi-View Latent
                  Variable Models},
  volume =       32,
  year =         2014
}

@inproceedings{song2014on,
  address =      {Beijing, China},
  author =       {Song, Hyun Oh and Girshick, Ross B. and Jegelka,
                  Stefanie and Mairal, Julien and Harchaoui, Zaïd and
                  Darrell, Trevor},
  booktitle =    {Proceedings of the 31st International Conference on
                  Machine Learning (ICML)},
  month =        {June},
  note =         {\url{http://proceedings.mlr.press/v32/songb14.html}},
  pages =        {1611--1619},
  publisher =    {JMLR.org},
  series =       {JMLR Workshop and Conference Proceedings},
  title =        {On learning to localize objects with minimal
                  supervision},
  volume =       32,
  year =         2014
}

@inproceedings{soufiani2014computing,
  address =      {Beijing, China},
  author =       {Soufiani, Hossein Azari and Parkes, David C. and
                  Xia, Lirong},
  booktitle =    {Proceedings of the 31st International Conference on
                  Machine Learning (ICML)},
  month =        {June},
  note =
                  {\url{http://proceedings.mlr.press/v32/soufiani14.html}},
  pages =        {360--368},
  publisher =    {Journal of Machine Learning Research (JMLR)},
  series =       {Workshop and Conference Proceedings},
  title =        {Computing Parametric Ranking Models via
                  Rank-Breaking},
  volume =       32,
  year =         2014
}

@inproceedings{steeg2014demystifying,
  address =      {Beijing, China},
  author =       {Steeg, Greg Ver and Galstyan, Aram and Sha, Fei and
                  DeDeo, Simon},
  booktitle =    {Proceedings of the 31st International Conference on
                  Machine Learning (ICML)},
  month =        {June},
  note =         {\url{http://proceedings.mlr.press/v32/steeg14.html}},
  pages =        {19--27},
  publisher =    {Journal of Machine Learning Research (JMLR)},
  series =       {Workshop and Conference Proceedings},
  title =        {Demystifying Information-Theoretic Clustering},
  volume =       32,
  year =         2014
}

@inproceedings{steinhardt2014adaptivity,
  address =      {Beijing, China},
  author =       {Steinhardt, Jacob and Liang, Percy},
  booktitle =    {Proceedings of the 31st International Conference on
                  Machine Learning (ICML)},
  month =        {June},
  note =
                  {\url{http://proceedings.mlr.press/v32/steinhardtb14.html}},
  pages =        {1593--1601},
  publisher =    {JMLR.org},
  series =       {JMLR Workshop and Conference Proceedings},
  title =        {Adaptivity and Optimism: An Improved Exponentiated
                  Gradient Algorithm},
  volume =       32,
  year =         2014
}

@inproceedings{steinhardt2014filtering,
  address =      {Beijing, China},
  author =       {Steinhardt, Jacob and Liang, Percy},
  booktitle =    {Proceedings of the 31st International Conference on
                  Machine Learning (ICML)},
  month =        {June},
  note =
                  {\url{\url{http://proceedings.mlr.press/v32/steinhardt14.html}}},
  pages =        {727--735},
  publisher =    {JMLR.org},
  series =       {Workshop and Conference Proceedings},
  title =        {Filtering with Abstract Particles},
  year =         2014
}

@inproceedings{su2014structured,
  address =      {Beijing, China},
  author =       {Su, Hongyu and Gionis, Aristides and Rousu, Juho},
  booktitle =    {Proceedings of the 31st International Conference on
                  Machine Learning (ICML)},
  month =        {June},
  note =         {\url{http://proceedings.mlr.press/v32/su14.html}},
  pages =        {442--450},
  publisher =    {JMLR.org},
  series =       {{JMLR} Workshop and Conference Proceedings},
  title =        {Structured Prediction of Network Response},
  volume =       32,
  year =         2014
}

@inproceedings{sun2014convergence,
  address =      {Beijing, China},
  author =       {Sun, Peng and Zhang, Tong and Zhou, Jie},
  booktitle =    {Proceedings of the 31st International Conference on
                  Machine Learning (ICML)},
  month =        {June},
  note =         {\url{http://proceedings.mlr.press/v32/sunc14.html}},
  pages =        {1251--1259},
  publisher =    {Journal of Machine Learning Research (JMLR)},
  series =       {Workshop and Conference Proceedings},
  title =        {A Convergence Rate Analysis for LogitBoost, MART and
                  Their Variant},
  volume =       32,
  year =         2014
}

@inproceedings{sun2014information,
  address =      {Beijing, China},
  author =       {Sun, Ke and March, Stéphane},
  booktitle =    {Proceedings of the 31st International Conference on
                  Machine Learning (ICML)},
  month =        {June},
  note =
                  {\url{\url{http://proceedings.mlr.press/v32/suna14.html}}},
  pages =        {1--9},
  publisher =    {JMLR.org},
  series =       {Workshop and Conference Proceedings},
  title =        {An Information Geometry of Statistical Manifold
                  Learning},
  year =         2014
}

@inproceedings{sun2014learning,
  address =      {Beijing, China},
  author =       {Sun, Yuekai and Ioannidis, Stratis and Montanari,
                  Andrea},
  booktitle =    {Proceedings of the 31st International Conference on
                  Machine Learning (ICML)},
  month =        {June},
  note =         {\url{http://proceedings.mlr.press/v32/sunb14.html}},
  pages =        {721--729},
  publisher =    {Journal of Machine Learning Research (JMLR)},
  series =       {Workshop and Conference Proceedings},
  title =        {Learning Mixtures of Linear Classifiers},
  volume =       32,
  year =         2014
}

@inproceedings{sutton2014new,
  address =      {Beijing, China},
  author =       {Sutton, Richard S. and Mahmood, Ashique Rupam and
                  Precup, Doina and Hasselt, Hado van},
  booktitle =    {Proceedings of the 31st International Conference on
                  Machine Learning (ICML)},
  month =        {June},
  note =
                  {\url{http://proceedings.mlr.press/v32/sutton14.html}},
  pages =        {568--576},
  publisher =    {Journal of Machine Learning Research (JMLR)},
  series =       {Workshop and Conference Proceedings},
  title =        {A new Q(λ) with interim forward view and Monte Carlo
                  equivalence},
  volume =       32,
  year =         2014
}

@inproceedings{suzuki2014stochastic,
  address =      {Beijing, China},
  author =       {Suzuki, Taiji},
  booktitle =    {Proceedings of the 31st International Conference on
                  Machine Learning (ICML)},
  month =        {June},
  note =
                  {\url{\url{http://proceedings.mlr.press/v32/suzuki14.html}}},
  pages =        {736--744},
  publisher =    {JMLR.org},
  series =       {Workshop and Conference Proceedings},
  title =        {Stochastic Dual Coordinate Ascent with Alternating
                  Direction Method of Multipliers},
  year =         2014
}

@inproceedings{suzumura2014outlier,
  address =      {Beijing, China},
  author =       {Suzumura, Shinya and Ogawa, Kohei and Sugiyama,
                  Masashi and Takeuchi, Ichiro},
  booktitle =    {Proceedings of the 31st International Conference on
                  Machine Learning (ICML)},
  month =        {June},
  note =
                  {\url{http://proceedings.mlr.press/v32/suzumura14.html}},
  pages =        {1098--1106},
  publisher =    {Journal of Machine Learning Research (JMLR)},
  series =       {Workshop and Conference Proceedings},
  title =        {Outlier Path: A Homotopy Algorithm for Robust SVM},
  volume =       32,
  year =         2014
}

@inproceedings{taieb2014boosting,
  address =      {Beijing, China},
  author =       {Taieb, Souhaib Ben and Hyndman, Rob J.},
  booktitle =    {Proceedings of the 31st International Conference on
                  Machine Learning (ICML)},
  month =        {June},
  note =         {\url{http://proceedings.mlr.press/v32/taieb14.html}},
  pages =        {109--117},
  publisher =    {Journal of Machine Learning Research (JMLR)},
  series =       {Workshop and Conference Proceedings},
  title =        {Boosting multi-step autoregressive forecasts},
  volume =       32,
  year =         2014
}

@inproceedings{tamar2014scaling,
  address =      {Beijing, China},
  author =       {Tamar, Aviv and Mannor, Shie and Xu, Huan},
  booktitle =    {Proceedings of the 31st International Conference on
                  Machine Learning (ICML)},
  month =        {June},
  note =         {\url{http://proceedings.mlr.press/v32/tamar14.html}},
  pages =        {181--189},
  publisher =    {JMLR.org},
  series =       {{JMLR} Workshop and Conference Proceedings},
  title =        {Scaling Up Robust MDPs using Function Approximation},
  volume =       32,
  year =         2014
}

@inproceedings{tan2014riemannian,
  address =      {Beijing, China},
  author =       {Tan, Mingkui and Tsang, Ivor W. and Wang, Li and V,
                  Bart and ereycken, and Pan, Sinno Jialin},
  booktitle =    {Proceedings of the 31st International Conference on
                  Machine Learning (ICML)},
  month =        {June},
  note =         {\url{http://proceedings.mlr.press/v32/tan14.html}},
  pages =        {1539--1547},
  publisher =    {JMLR.org},
  series =       {JMLR Workshop and Conference Proceedings},
  title =        {Riemannian Pursuit for Big Matrix Recovery},
  volume =       32,
  year =         2014
}

@inproceedings{tandon2014learning,
  address =      {Beijing, China},
  author =       {Tandon, Rashish and Ravikumar, Pradeep},
  booktitle =    {Proceedings of the 31st International Conference on
                  Machine Learning (ICML)},
  month =        {June},
  note =
                  {\url{\url{http://proceedings.mlr.press/v32/tandon14.html}}},
  pages =        {602--610},
  publisher =    {JMLR.org},
  series =       {Workshop and Conference Proceedings},
  title =        {Learning Graphs with a Few Hubs},
  year =         2014
}

@inproceedings{tang2014understanding,
  address =      {Beijing, China},
  author =       {Tang, Jian and Meng, Zhaoshi and Nguyen, XuanLong
                  and Mei, Qiaozhu and Zhang, Ming},
  booktitle =    {Proceedings of the 31st International Conference on
                  Machine Learning (ICML)},
  month =        {June},
  note =         {\url{http://proceedings.mlr.press/v32/tang14.html}},
  pages =        {190--198},
  publisher =    {Journal of Machine Learning Research (JMLR)},
  series =       {Workshop and Conference Proceedings},
  title =        {Understanding the Limiting Factors of Topic Modeling
                  via Posterior Contraction Analysis},
  volume =       32,
  year =         2014
}

@inproceedings{taylor2014analysis,
  address =      {Beijing, China},
  author =       {Taylor, Gavin and Geer, Connor and Piekut, David},
  booktitle =    {Proceedings of the 31st International Conference on
                  Machine Learning (ICML)},
  month =        {June},
  note =
                  {\url{http://proceedings.mlr.press/v32/taylor14.html}},
  pages =        {451--459},
  publisher =    {JMLR.org},
  series =       {{JMLR} Workshop and Conference Proceedings},
  title =        {An Analysis of State-Relevance Weights and Sampling
                  Distributions on L1-Regularized Approximate Linear
                  Programming Approximation Accuracy},
  volume =       32,
  year =         2014
}

@inproceedings{terada2014local,
  address =      {Beijing, China},
  author =       {Terada, Yoshikazu and Luxburg, Ulrike von},
  booktitle =    {Proceedings of the 31st International Conference on
                  Machine Learning (ICML)},
  month =        {June},
  note =
                  {\url{http://proceedings.mlr.press/v32/terada14.html}},
  pages =        {847--855},
  publisher =    {Journal of Machine Learning Research (JMLR)},
  series =       {Workshop and Conference Proceedings},
  title =        {Local Ordinal Embedding},
  volume =       32,
  year =         2014
}

@inproceedings{thomas2014bias,
  address =      {Beijing, China},
  author =       {Thomas, Philip},
  booktitle =    {Proceedings of the 31st International Conference on
                  Machine Learning (ICML)},
  month =        {June},
  note =
                  {\url{\url{http://proceedings.mlr.press/v32/thomas14.html}}},
  pages =        {441--448},
  publisher =    {JMLR.org},
  series =       {Workshop and Conference Proceedings},
  title =        {Bias in Natural Actor-Critic Algorithms},
  year =         2014
}

@inproceedings{thomas2014genga,
  address =      {Beijing, China},
  author =       {Thomas, Philip},
  booktitle =    {Proceedings of the 31st International Conference on
                  Machine Learning (ICML)},
  month =        {June},
  note =
                  {\url{http://proceedings.mlr.press/v32/thomasb14.html}},
  pages =        {1575--1583},
  publisher =    {JMLR.org},
  series =       {JMLR Workshop and Conference Proceedings},
  title =        {GeNGA: A Generalization of Natural Gradient Ascent
                  with Positive and Negative Convergence Results},
  volume =       32,
  year =         2014
}

@inproceedings{titsias2014doubly,
  address =      {Beijing, China},
  author =       {Titsias, Michalis K. and Lázaro-Gredilla, Miguel},
  booktitle =    {Proceedings of the 31st International Conference on
                  Machine Learning (ICML)},
  month =        {June},
  note =
                  {\url{http://proceedings.mlr.press/v32/titsias14.html}},
  pages =        {1971--1979},
  publisher =    {Journal of Machine Learning Research (JMLR)},
  series =       {Workshop and Conference Proceedings},
  title =        {Doubly Stochastic Variational Bayes for
                  non-Conjugate Inference},
  volume =       32,
  year =         2014
}

@inproceedings{torkamani2014on,
  address =      {Beijing, China},
  author =       {Torkamani, MohamadAli and Lowd, Daniel},
  booktitle =    {Proceedings of the 31st International Conference on
                  Machine Learning (ICML)},
  month =        {June},
  note =
                  {\url{http://proceedings.mlr.press/v32/torkamani14.html}},
  pages =        {577--585},
  publisher =    {Journal of Machine Learning Research (JMLR)},
  series =       {Workshop and Conference Proceedings},
  title =        {On Robustness and Regularization of Structural
                  Support Vector Machines},
  volume =       32,
  year =         2014
}

@inproceedings{tosh2014lower,
  address =      {Beijing, China},
  author =       {Tosh, Christopher and Dasgupta, Sanjoy},
  booktitle =    {Proceedings of the 31st International Conference on
                  Machine Learning (ICML)},
  month =        {June},
  note =         {\url{http://proceedings.mlr.press/v32/tosh14.html}},
  pages =        {1467--1475},
  publisher =    {JMLR.org},
  series =       {JMLR Workshop and Conference Proceedings},
  title =        {Lower Bounds for the Gibbs Sampler over Mixtures of
                  Gaussians},
  volume =       32,
  year =         2014
}

@inproceedings{toulis2014statistical,
  address =      {Beijing, China},
  author =       {Toulis, Panagiotis and Airoldi, Edoardo M. and
                  Rennie, Jason},
  booktitle =    {Proceedings of the 31st International Conference on
                  Machine Learning (ICML)},
  month =        {June},
  note =
                  {\url{http://proceedings.mlr.press/v32/toulis14.html}},
  pages =        {667--675},
  publisher =    {Journal of Machine Learning Research (JMLR)},
  series =       {Workshop and Conference Proceedings},
  title =        {Statistical analysis of stochastic gradient methods
                  for generalized linear models},
  volume =       32,
  year =         2014
}

@inproceedings{trigeorgis2014deep,
  address =      {Beijing, China},
  author =       {Trigeorgis, George and Bousmalis, Konstantinos and
                  Zafeiriou, Stefanos and Schuller, Björn W.},
  booktitle =    {Proceedings of the 31st International Conference on
                  Machine Learning (ICML)},
  month =        {June},
  note =
                  {\url{http://proceedings.mlr.press/v32/trigeorgis14.html}},
  pages =        {1692--1700},
  publisher =    {Journal of Machine Learning Research (JMLR)},
  series =       {Workshop and Conference Proceedings},
  title =        {A Deep Semi-NMF Model for Learning Hidden
                  Representations},
  volume =       32,
  year =         2014
}

@inproceedings{tu2014making,
  address =      {Beijing, China},
  author =       {Tu, Bojun and Zhang, Zhihua and Wang, Shusen and
                  Qian, Hui},
  booktitle =    {Proceedings of the 31st International Conference on
                  Machine Learning (ICML)},
  month =        {June},
  note =         {\url{http://proceedings.mlr.press/v32/tu14.html}},
  pages =        {964--972},
  publisher =    {Journal of Machine Learning Research (JMLR)},
  series =       {Workshop and Conference Proceedings},
  title =        {Making Fisher Discriminant Analysis Scalable},
  volume =       32,
  year =         2014
}

@inproceedings{uria2014deep,
  address =      {Beijing, China},
  author =       {Uria, Benigno and Murray, Iain and Larochelle, Hugo},
  booktitle =    {Proceedings of the 31st International Conference on
                  Machine Learning (ICML)},
  month =        {June},
  note =
                  {\url{\url{http://proceedings.mlr.press/v32/uria14.html}}},
  pages =        {467--475},
  publisher =    {JMLR.org},
  series =       {Workshop and Conference Proceedings},
  title =        {A Deep and Tractable Density Estimator},
  year =         2014
}

@inproceedings{valko2014spectral,
  address =      {Beijing, China},
  author =       {Valko, Michal and Munos, Rémi and Kveton, Branislav
                  and Kocák, Tomáš},
  booktitle =    {Proceedings of the 31st International Conference on
                  Machine Learning (ICML)},
  month =        {June},
  note =
                  {\url{\url{http://proceedings.mlr.press/v32/valko14.html}}},
  pages =        {46--54},
  publisher =    {JMLR.org},
  series =       {Workshop and Conference Proceedings},
  title =        {Spectral Bandits for Smooth Graph Functions},
  year =         2014
}

@inproceedings{vien2014modelbased,
  address =      {Beijing, China},
  author =       {Vien, Ngo Anh and Toussaint, Marc},
  booktitle =    {Proceedings of the 31st International Conference on
                  Machine Learning (ICML)},
  month =        {June},
  note =         {\url{http://proceedings.mlr.press/v32/ngo14.html}},
  pages =        {559--567},
  publisher =    {Journal of Machine Learning Research (JMLR)},
  series =       {Workshop and Conference Proceedings},
  title =        {Model-Based Relational RL When Object Existence is
                  Partially Observable},
  volume =       32,
  year =         2014
}

@inproceedings{vinnikov2014kmeans,
  address =      {Beijing, China},
  author =       {Vinnikov, Alon and Shalev-Shwartz, Shai},
  booktitle =    {Proceedings of the 31st International Conference on
                  Machine Learning (ICML)},
  month =        {June},
  note =
                  {\url{http://proceedings.mlr.press/v32/vinnikov14.html}},
  pages =        {712--720},
  publisher =    {Journal of Machine Learning Research (JMLR)},
  series =       {Workshop and Conference Proceedings},
  title =        {K-means recovers ICA filters when independent
                  components are sparse},
  volume =       32,
  year =         2014
}

@inproceedings{wang2014active,
  address =      {Beijing, China},
  author =       {Wang, Xuezhi and Huang, Tzu-Kuo and Schneider, Jeff
                  G.},
  booktitle =    {Proceedings of the 31st International Conference on
                  Machine Learning (ICML)},
  month =        {June},
  note =         {\url{http://proceedings.mlr.press/v32/wangi14.html}},
  pages =        {1305--1313},
  publisher =    {JMLR.org},
  series =       {JMLR Workshop and Conference Proceedings},
  title =        {Active Transfer Learning under Model Shift},
  volume =       32,
  year =         2014
}

@inproceedings{wang2014ensemblebased,
  address =      {Beijing, China},
  author =       {Wang, Naiyan and Yeung, Dit-Yan},
  booktitle =    {Proceedings of the 31st International Conference on
                  Machine Learning (ICML)},
  month =        {June},
  note =         {\url{http://proceedings.mlr.press/v32/wangg14.html}},
  pages =        {1107--1115},
  publisher =    {Journal of Machine Learning Research (JMLR)},
  series =       {Workshop and Conference Proceedings},
  title =        {Ensemble-Based Tracking: Aggregating Crowdsourced
                  Structured Time Series Data},
  volume =       32,
  year =         2014
}

@inproceedings{wang2014falling,
  address =      {Beijing, China},
  author =       {Wang, Yu-Xiang and Alex and Smola, Er and
                  Tibshirani, Ryan J.},
  booktitle =    {Proceedings of the 31st International Conference on
                  Machine Learning (ICML)},
  month =        {June},
  note =         {\url{http://proceedings.mlr.press/v32/wange14.html}},
  pages =        {730--738},
  publisher =    {Journal of Machine Learning Research (JMLR)},
  series =       {Workshop and Conference Proceedings},
  title =        {The Falling Factorial Basis and Its Statistical
                  Applications},
  volume =       32,
  year =         2014
}

@inproceedings{wang2014highly,
  address =      {Beijing, China},
  author =       {Wang, Jie and Li, Qingyang and Yang, Sen and Fan,
                  Wei and Wonka, Peter and Ye, Jieping},
  booktitle =    {Proceedings of the 31st International Conference on
                  Machine Learning (ICML)},
  month =        {June},
  note =         {\url{http://proceedings.mlr.press/v32/wangb14.html}},
  pages =        {235--243},
  publisher =    {JMLR.org},
  series =       {{JMLR} Workshop and Conference Proceedings},
  title =        {A Highly Scalable Parallel Algorithm for Isotropic
                  Total Variation Models},
  volume =       32,
  year =         2014
}

@inproceedings{wang2014nonlinear,
  address =      {Beijing, China},
  author =       {Wang, Liming and Razi, Abolfazl and Rodrigues,
                  Miguel R. D. and Calderbank, A. Robert and Carin,
                  Lawrence},
  booktitle =    {Proceedings of the 31st International Conference on
                  Machine Learning (ICML)},
  month =        {June},
  note =         {\url{http://proceedings.mlr.press/v32/wangh14.html}},
  pages =        {1161--1169},
  publisher =    {Journal of Machine Learning Research (JMLR)},
  series =       {Workshop and Conference Proceedings},
  title =        {Nonlinear Information-Theoretic Compressive
                  Measurement Design},
  volume =       32,
  year =         2014
}

@inproceedings{wang2014rankone,
  address =      {Beijing, China},
  author =       {Wang, Zheng and Lai, Ming-Jun and Lu, Zhaosong and
                  Fan, Wei and Davulcu, Hasan and Ye, Jieping},
  booktitle =    {Proceedings of the 31st International Conference on
                  Machine Learning (ICML)},
  month =        {June},
  note =         {\url{http://proceedings.mlr.press/v32/wanga14.html}},
  pages =        {91--99},
  publisher =    {JMLR.org},
  series =       {{JMLR} Workshop and Conference Proceedings},
  title =        {Rank-One Matrix Pursuit for Matrix Completion},
  volume =       32,
  year =         2014
}

@inproceedings{wang2014robusta,
  address =      {Beijing, China},
  author =       {Wang, Jun-Kun and Lin, Shou-De},
  booktitle =    {Proceedings of the 31st International Conference on
                  Machine Learning (ICML)},
  month =        {June},
  note =         {\url{http://proceedings.mlr.press/v32/wangf14.html}},
  pages =        {928--936},
  publisher =    {Journal of Machine Learning Research (JMLR)},
  series =       {Workshop and Conference Proceedings},
  title =        {Robust Inverse Covariance Estimation under Noisy
                  Measurements},
  volume =       32,
  year =         2014
}

@inproceedings{wang2014robustb,
  address =      {Beijing, China},
  author =       {Wang, Hua and Nie, Feiping and Huang, Heng},
  booktitle =    {Proceedings of the 31st International Conference on
                  Machine Learning (ICML)},
  month =        {June},
  note =         {\url{http://proceedings.mlr.press/v32/wangj14.html}},
  pages =        {1836--1844},
  publisher =    {Journal of Machine Learning Research (JMLR)},
  series =       {Workshop and Conference Proceedings},
  title =        {Robust Distance Metric Learning via Simultaneous
                  L1-Norm Minimization and Maximization},
  volume =       32,
  year =         2014
}

@inproceedings{wang2014scaling,
  address =      {Beijing, China},
  author =       {Wang, Jie and Wonka, Peter and Ye, Jieping},
  booktitle =    {Proceedings of the 31st International Conference on
                  Machine Learning (ICML)},
  month =        {June},
  note =         {\url{http://proceedings.mlr.press/v32/wangd14.html}},
  pages =        {523--531},
  publisher =    {Journal of Machine Learning Research (JMLR)},
  series =       {Workshop and Conference Proceedings},
  title =        {Scaling SVM and Least Absolute Deviations via Exact
                  Data Reduction},
  volume =       32,
  year =         2014
}

@inproceedings{wang2014twostage,
  address =      {Beijing, China},
  author =       {Wang, Jun and Sun, Ke and Sha, Fei and March,
                  Stéphane and Maillet, Alex and Kalousis, Ros},
  booktitle =    {Proceedings of the 31st International Conference on
                  Machine Learning (ICML)},
  month =        {June},
  note =         {\url{http://proceedings.mlr.press/v32/wangc14.html}},
  pages =        {370--378},
  publisher =    {JMLR.org},
  series =       {{JMLR} Workshop and Conference Proceedings},
  title =        {Two-Stage Metric Learning},
  volume =       32,
  year =         2014
}

@inproceedings{wei2014fast,
  address =      {Beijing, China},
  author =       {Wei, Kai and Iyer, Rishabh K. and Bilmes, Jeff A.},
  booktitle =    {Proceedings of the 31st International Conference on
                  Machine Learning (ICML)},
  month =        {June},
  note =         {\url{http://proceedings.mlr.press/v32/wei14.html}},
  pages =        {1494--1502},
  publisher =    {JMLR.org},
  series =       {JMLR Workshop and Conference Proceedings},
  title =        {Fast Multi-stage Submodular Maximization},
  volume =       32,
  year =         2014
}

@inproceedings{wen2014robust,
  address =      {Beijing, China},
  author =       {Wen, Junfeng and Yu, Chun-Nam and Greiner, Russell},
  booktitle =    {Proceedings of the 31st International Conference on
                  Machine Learning (ICML)},
  month =        {June},
  note =         {\url{http://proceedings.mlr.press/v32/wen14.html}},
  pages =        {631--639},
  publisher =    {Journal of Machine Learning Research (JMLR)},
  series =       {Workshop and Conference Proceedings},
  title =        {Robust Learning under Uncertain Test Distributions:
                  Relating Covariate Shift to Model Misspecification},
  volume =       32,
  year =         2014
}

@inproceedings{weston2014affinity,
  address =      {Beijing, China},
  author =       {Weston, Jason and Weiss, Ron J. and Yee, Hector},
  booktitle =    {Proceedings of the 31st International Conference on
                  Machine Learning (ICML)},
  month =        {June},
  note =
                  {\url{http://proceedings.mlr.press/v32/weston14.html}},
  pages =        {1215--1223},
  publisher =    {Journal of Machine Learning Research (JMLR)},
  series =       {Workshop and Conference Proceedings},
  title =        {Affinity Weighted Embedding},
  volume =       32,
  year =         2014
}

@inproceedings{wu2014learning,
  address =      {Beijing, China},
  author =       {Wu, Shan-Hung and Chien, Hao-Heng and Lin, Kuan-Hua
                  and Yu, Philip S.},
  booktitle =    {Proceedings of the 31st International Conference on
                  Machine Learning (ICML)},
  month =        {June},
  note =         {\url{http://proceedings.mlr.press/v32/wu14.html}},
  pages =        {298--306},
  publisher =    {JMLR.org},
  series =       {{JMLR} Workshop and Conference Proceedings},
  title =        {Learning the Consistent Behavior of Common Users for
                  Target Node Prediction across Social Networks},
  volume =       32,
  year =         2014
}

@inproceedings{xu2014largemargin,
  address =      {Beijing, China},
  author =       {Xu, Chang and Tao, Dacheng and Xu, Chao and Rui,
                  Yong},
  booktitle =    {Proceedings of the 31st International Conference on
                  Machine Learning (ICML)},
  month =        {June},
  note =         {\url{http://proceedings.mlr.press/v32/xu14.html}},
  pages =        {865--873},
  publisher =    {Journal of Machine Learning Research (JMLR)},
  series =       {Workshop and Conference Proceedings},
  title =        {Large-margin Weakly Supervised Dimensionality
                  Reduction},
  volume =       32,
  year =         2014
}

@inproceedings{yan2014coupled,
  address =      {Beijing, China},
  author =       {Yan, Ling and Li, Wu-Jun and Xue, Gui-Rong and Han,
                  Dingyi},
  booktitle =    {Proceedings of the 31st International Conference on
                  Machine Learning (ICML)},
  month =        {June},
  note =         {\url{http://proceedings.mlr.press/v32/yan14.html}},
  pages =        {802--810},
  publisher =    {Journal of Machine Learning Research (JMLR)},
  series =       {Workshop and Conference Proceedings},
  title =        {Coupled Group Lasso for Web-Scale CTR Prediction in
                  Display Advertising},
  volume =       32,
  year =         2014
}

@inproceedings{yang2014coherent,
  address =      {Beijing, China},
  author =       {Yang, Wenzhuo and Sim, Melvyn and Xu, Huan},
  booktitle =    {Proceedings of the 31st International Conference on
                  Machine Learning (ICML)},
  month =        {June},
  note =         {\url{http://proceedings.mlr.press/v32/yanga14.html}},
  pages =        {37--45},
  publisher =    {Journal of Machine Learning Research (JMLR)},
  series =       {Workshop and Conference Proceedings},
  title =        {The Coherent Loss Function for Classification},
  volume =       32,
  year =         2014
}

@inproceedings{yang2014elementary,
  address =      {Beijing, China},
  author =       {Yang, Eunho and Lozano, Aurélie C. and Ravikumar,
                  Pradeep},
  booktitle =    {Proceedings of the 31st International Conference on
                  Machine Learning (ICML)},
  month =        {June},
  note =         {\url{http://proceedings.mlr.press/v32/yangc14.html}},
  pages =        {388--396},
  publisher =    {JMLR.org},
  series =       {{JMLR} Workshop and Conference Proceedings},
  title =        {Elementary Estimators for High-Dimensional Linear
                  Regression},
  volume =       32,
  year =         2014
}

@inproceedings{yang2014elementary2,
  address =      {Beijing, China},
  author =       {Yang, Eunho and Lozano, Aurélie C. and Ravikumar,
                  Pradeep},
  booktitle =    {Proceedings of the 31st International Conference on
                  Machine Learning (ICML)},
  month =        {June},
  note =         {\url{http://proceedings.mlr.press/v32/yangd14.html}},
  pages =        {397--405},
  publisher =    {JMLR.org},
  series =       {{JMLR} Workshop and Conference Proceedings},
  title =        {Elementary Estimators for Sparse Covariance Matrices
                  and other Structured Moments},
  volume =       32,
  year =         2014
}

@inproceedings{yang2014optimization,
  address =      {Beijing, China},
  author =       {Yang, Zhirong and Peltonen, Jaakko and Kaski,
                  Samuel},
  booktitle =    {Proceedings of the 31st International Conference on
                  Machine Learning (ICML)},
  month =        {June},
  note =         {\url{http://proceedings.mlr.press/v32/yange14.html}},
  pages =        {460--468},
  publisher =    {JMLR.org},
  series =       {{JMLR} Workshop and Conference Proceedings},
  title =        {Optimization Equivalence of Divergences Improves
                  Neighbor Embedding},
  volume =       32,
  year =         2014
}

@inproceedings{yang2014quasimonte,
  address =      {Beijing, China},
  author =       {Yang, Jiyan and Sindhwani, Vikas and Avron, Haim and
                  Mahoney, Michael W.},
  booktitle =    {Proceedings of the 31st International Conference on
                  Machine Learning (ICML)},
  month =        {June},
  note =
                  {\url{\url{http://proceedings.mlr.press/v32/yangb14.html}}},
  pages =        {485--493},
  publisher =    {JMLR.org},
  series =       {Workshop and Conference Proceedings},
  title =        {Quasi-Monte Carlo Feature Maps for Shift-Invariant
                  Kernels},
  year =         2014
}

@inproceedings{yi2014alternating,
  address =      {Beijing, China},
  author =       {Yi, Xinyang and Caramanis, Constantine and Sanghavi,
                  Sujay},
  booktitle =    {Proceedings of the 31st International Conference on
                  Machine Learning (ICML)},
  month =        {June},
  note =         {\url{http://proceedings.mlr.press/v32/yia14.html}},
  pages =        {613--621},
  publisher =    {Journal of Machine Learning Research (JMLR)},
  series =       {Workshop and Conference Proceedings},
  title =        {Alternating Minimization for Mixed Linear
                  Regression},
  volume =       32,
  year =         2014
}

@inproceedings{yi2014singlepass,
  address =      {Beijing, China},
  author =       {Yi, Jinfeng and Zhang, Lijun and Wang, Jun and Jin,
                  Rong and Jain, Anil K.},
  booktitle =    {Proceedings of the 31st International Conference on
                  Machine Learning (ICML)},
  month =        {June},
  note =         {\url{http://proceedings.mlr.press/v32/yib14.html}},
  pages =        {658--666},
  publisher =    {Journal of Machine Learning Research (JMLR)},
  series =       {Workshop and Conference Proceedings},
  title =        {A Single-Pass Algorithm for Efficiently Recovering
                  Sparse Cluster Centers of High-dimensional Data},
  volume =       32,
  year =         2014
}

@inproceedings{yogatama2014making,
  address =      {Beijing, China},
  author =       {Yogatama, Dani and Smith, Noah A.},
  booktitle =    {Proceedings of the 31st International Conference on
                  Machine Learning (ICML)},
  month =        {June},
  note =
                  {\url{\url{http://proceedings.mlr.press/v32/yogatama14.html}}},
  pages =        {656--664},
  publisher =    {JMLR.org},
  series =       {Workshop and Conference Proceedings},
  title =        {Making the Most of Bag of Words: Sentence
                  Regularization with Alternating Direction Method of
                  Multipliers},
  year =         2014
}

@inproceedings{yu2014circulant,
  address =      {Beijing, China},
  author =       {Yu, Felix X. and Kumar, Sanjiv and Gong, Yunchao and
                  Chang, Shih-Fu},
  booktitle =    {Proceedings of the 31st International Conference on
                  Machine Learning (ICML)},
  month =        {June},
  note =         {\url{http://proceedings.mlr.press/v32/yub14.html}},
  pages =        {946--954},
  publisher =    {Journal of Machine Learning Research (JMLR)},
  series =       {Workshop and Conference Proceedings},
  title =        {Circulant Binary Embedding},
  volume =       32,
  year =         2014
}

@inproceedings{yu2014largescale,
  address =      {Beijing, China},
  author =       {Yu, Hsiang-Fu and Jain, Prateek and Kar, Purushottam
                  and Dhillon, Inderjit S.},
  booktitle =    {Proceedings of the 31st International Conference on
                  Machine Learning (ICML)},
  month =        {June},
  note =
                  {\url{\url{http://proceedings.mlr.press/v32/yu14.html}}},
  pages =        {593--601},
  publisher =    {JMLR.org},
  series =       {Workshop and Conference Proceedings},
  title =        {Large-scale Multi-label Learning with Missing
                  Labels},
  year =         2014
}

@inproceedings{yu2014saddle,
  address =      {Beijing, China},
  author =       {Yu, Adams Wei and Kilinç-Karzan, Fatma and
                  Carbonell, Jaime G.},
  booktitle =    {Proceedings of the 31st International Conference on
                  Machine Learning (ICML)},
  month =        {June},
  note =         {\url{http://proceedings.mlr.press/v32/yuc14.html}},
  pages =        {1827--1835},
  publisher =    {Journal of Machine Learning Research (JMLR)},
  series =       {Workshop and Conference Proceedings},
  title =        {Saddle Points and Accelerated Perceptron Algorithms},
  volume =       32,
  year =         2014
}

@inproceedings{yuan2014gradient,
  address =      {Beijing, China},
  author =       {Yuan, Xiaotong and Li, Ping and Zhang, Tong},
  booktitle =    {Proceedings of the 31st International Conference on
                  Machine Learning (ICML)},
  month =        {June},
  note =         {\url{http://proceedings.mlr.press/v32/yuan14.html}},
  pages =        {127--135},
  publisher =    {JMLR.org},
  series =       {{JMLR} Workshop and Conference Proceedings},
  title =        {Gradient Hard Thresholding Pursuit for
                  Sparsity-Constrained Optimization},
  volume =       32,
  year =         2014
}

@inproceedings{zhang2014asynchronous,
  address =      {Beijing, China},
  author =       {Zhang, Ruiliang and Kwok, James T.},
  booktitle =    {Proceedings of the 31st International Conference on
                  Machine Learning (ICML)},
  month =        {June},
  note =
                  {\url{http://proceedings.mlr.press/v32/zhange14.html}},
  pages =        {1701--1709},
  publisher =    {Journal of Machine Learning Research (JMLR)},
  series =       {Workshop and Conference Proceedings},
  title =        {Asynchronous Distributed ADMM for Consensus
                  Optimization},
  volume =       32,
  year =         2014
}

@inproceedings{zhang2014composite,
  address =      {Beijing, China},
  author =       {Zhang, Ting and Du, Chao and Wang, Jingdong},
  booktitle =    {Proceedings of the 31st International Conference on
                  Machine Learning (ICML)},
  month =        {June},
  note =
                  {\url{http://proceedings.mlr.press/v32/zhangd14.html}},
  pages =        {838--846},
  publisher =    {Journal of Machine Learning Research (JMLR)},
  series =       {Workshop and Conference Proceedings},
  title =        {Composite Quantization for Approximate Nearest
                  Neighbor Search},
  volume =       32,
  year =         2014
}

@inproceedings{zhang2014covering,
  address =      {Beijing, China},
  author =       {Zhang, Zongzhang and Hsu, David and Lee, Wee Sun},
  booktitle =    {Proceedings of the 31st International Conference on
                  Machine Learning (ICML)},
  month =        {June},
  note =
                  {\url{http://proceedings.mlr.press/v32/zhanga14.html}},
  pages =        {28--36},
  publisher =    {Journal of Machine Learning Research (JMLR)},
  series =       {Workshop and Conference Proceedings},
  title =        {Covering Number for Efficient Heuristic-based POMDP
                  Planning},
  volume =       32,
  year =         2014
}

@inproceedings{zhang2014efficient,
  address =      {Beijing, China},
  author =       {Zhang, Lijun and Yi, Jinfeng and Jin, Rong},
  booktitle =    {Proceedings of the 31st International Conference on
                  Machine Learning (ICML)},
  month =        {June},
  note =
                  {\url{http://proceedings.mlr.press/v32/zhangc14.html}},
  pages =        {820--828},
  publisher =    {Journal of Machine Learning Research (JMLR)},
  series =       {Workshop and Conference Proceedings},
  title =        {Efficient Algorithms for Robust One-bit Compressive
                  Sensing},
  volume =       32,
  year =         2014
}

@inproceedings{zhang2014maxmargin,
  address =      {Beijing, China},
  author =       {Zhang, Aonan and Zhu, Jun and Zhang, Bo},
  booktitle =    {Proceedings of the 31st International Conference on
                  Machine Learning (ICML)},
  month =        {June},
  note =
                  {\url{http://proceedings.mlr.press/v32/zhangb14.html}},
  pages =        {315--323},
  publisher =    {Journal of Machine Learning Research (JMLR)},
  series =       {Workshop and Conference Proceedings},
  title =        {Max-Margin Infinite Hidden Markov Models},
  volume =       32,
  year =         2014
}

@inproceedings{zhao2014robust,
  address =      {Beijing, China},
  author =       {Zhao, Qian and Meng, Deyu and Xu, Zongben and Zuo,
                  Wangmeng and Zhang, Lei},
  booktitle =    {Proceedings of the 31st International Conference on
                  Machine Learning (ICML)},
  month =        {June},
  note =
                  {\url{\url{http://proceedings.mlr.press/v32/zhao14.html}}},
  pages =        {55--63},
  publisher =    {JMLR.org},
  series =       {Workshop and Conference Proceedings},
  title =        {Robust Principal Component Analysis with Complex
                  Noise},
  year =         2014
}

@inproceedings{zhong2014fast,
  address =      {Beijing, China},
  author =       {Zhong, Wenliang and Kwok, James Tin-Yau},
  booktitle =    {Proceedings of the 31st International Conference on
                  Machine Learning (ICML)},
  month =        {June},
  note =         {\url{http://proceedings.mlr.press/v32/zhong14.html}},
  pages =        {46--54},
  publisher =    {Journal of Machine Learning Research (JMLR)},
  series =       {Workshop and Conference Proceedings},
  title =        {Fast Stochastic Alternating Direction Method of
                  Multipliers},
  volume =       32,
  year =         2014
}

@inproceedings{zhou2014aggregating,
  address =      {Beijing, China},
  author =       {Zhou, Dengyong and Liu, Qiang and Platt, John C. and
                  Meek, Christopher},
  booktitle =    {Proceedings of the 31st International Conference on
                  Machine Learning (ICML)},
  month =        {June},
  note =         {\url{http://proceedings.mlr.press/v32/zhouc14.html}},
  pages =        {262--270},
  publisher =    {JMLR.org},
  series =       {{JMLR} Workshop and Conference Proceedings},
  title =        {Aggregating Ordinal Labels from Crowds by Minimax
                  Conditional Entropy},
  volume =       32,
  year =         2014
}

@inproceedings{zhou2014deep,
  address =      {Beijing, China},
  author =       {Zhou, Jian and Troyanskaya, Olga G.},
  booktitle =    {Proceedings of the 31st International Conference on
                  Machine Learning (ICML)},
  month =        {June},
  note =
                  {\url{\url{http://proceedings.mlr.press/v32/zhou14.html}}},
  pages =        {745--753},
  publisher =    {JMLR.org},
  series =       {Workshop and Conference Proceedings},
  title =        {Deep Supervised and Convolutional Generative
                  Stochastic Network for Protein Secondary Structure
                  Prediction},
  year =         2014
}

@inproceedings{zhou2014optimal,
  address =      {Beijing, China},
  author =       {Zhou, Yuan and Chen, Xi and Li, Jian},
  booktitle =    {Proceedings of the 31st International Conference on
                  Machine Learning (ICML)},
  month =        {June},
  note =         {\url{http://proceedings.mlr.press/v32/zhoub14.html}},
  pages =        {217--225},
  publisher =    {JMLR.org},
  series =       {{JMLR} Workshop and Conference Proceedings},
  title =        {Optimal PAC Multiple Arm Identification with
                  Applications to Crowdsourcing},
  volume =       32,
  year =         2014
}

@inproceedings{zoghi2014relative,
  address =      {Beijing, China},
  author =       {Zoghi, Masrour and Whiteson, Shimon and Munos, Rémi
                  and Rijke, Maarten de},
  booktitle =    {Proceedings of the 31st International Conference on
                  Machine Learning (ICML)},
  month =        {June},
  note =
                  {\url{\url{http://proceedings.mlr.press/v32/zoghi14.html}}},
  pages =        {10--18},
  publisher =    {JMLR.org},
  series =       {Workshop and Conference Proceedings},
  title =        {Relative Upper Confidence Bound for the K-Armed
                  Dueling Bandit Problem},
  year =         2014
}
