@inproceedings{a2015bimodal,
  address = {Lille, France},
  author = {Allamanis, Miltiadis and Tarlow, Daniel and Gordon, Andrew D. and Wei, Yi},
  booktitle = {Proceedings of the 32nd International Conference on Machine Learning (ICML)},
  editor = {Bach, Francis R. and Blei, David M.},
  month = {July},
  note = {\url{http://proceedings.mlr.press/v37/allamanis15.html}},
  pages = {2123--2132},
  publisher = {Journal of Machine Learning Research (JMLR)},
  series = {Workshop and Conference Proceedings},
  title = {Bimodal Modelling of Source Code and Natural Language},
  volume = {37},
  year = {2015}
}

@inproceedings{a2015correlation,
  address = {Lille, France},
  author = {Ahn, Kook Jin and Cormode, Graham and Guha, Sudipto and McGregor, Andrew and Wirth, Anthony},
  booktitle = {Proceedings of the 32nd International Conference on Machine Learning (ICML)},
  editor = {Bach, Francis R. and Blei, David M.},
  month = {July},
  note = {\url{http://proceedings.mlr.press/v37/ahn15.html}},
  openalex = {W1836916015},
  pages = {2237--2246},
  publisher = {Journal of Machine Learning Research (JMLR)},
  series = {Workshop and Conference Proceedings},
  title = {Correlation Clustering in Data Streams},
  volume = {37},
  year = {2015}
}

@inproceedings{a2015online,
  address = {Lille, France},
  author = {Anava, Oren and Hazan, Elad and Zeevi, Assaf},
  booktitle = {Proceedings of the 32nd International Conference on Machine Learning (ICML)},
  editor = {Bach, Francis R. and Blei, David M.},
  month = {July},
  note = {\url{http://proceedings.mlr.press/v37/anava15.html}},
  openalex = {W1945395050},
  pages = {2191--2199},
  publisher = {Journal of Machine Learning Research (JMLR)},
  series = {Workshop and Conference Proceedings},
  title = {Online Time Series Prediction with Missing Data},
  volume = {37},
  year = {2015}
}

@inproceedings{abbasiyadkori2015large,
  address = {Lille, France},
  author = {Abbasi-Yadkori, Yasin and Bartlett, Peter L. and Chen, Xi and Malek, Alan},
  booktitle = {Proceedings of the 32nd International Conference on Machine Learning (ICML)},
  editor = {Bach, Francis R. and Blei, David M.},
  month = {July},
  note = {\url{http://proceedings.mlr.press/v37/abbasi-yadkori15.html}},
  openalex = {W587554298},
  pages = {1053--1062},
  publisher = {JMLR.org},
  series = {JMLR Workshop and Conference Proceedings},
  title = {Large-Scale Markov Decision Problems with KL Control Cost and its Application to Crowdsourcing},
  volume = {37},
  year = {2015}
}

@inproceedings{agarwal2015lower,
  address = {Lille, France},
  author = {Agarwal, Alekh and Bottou, Léon},
  booktitle = {Proceedings of the 32nd International Conference on Machine Learning (ICML)},
  editor = {Bach, Francis R. and Blei, David M.},
  month = {July},
  note = {\url{http://proceedings.mlr.press/v37/agarwal15.html}},
  openalex = {W1778935443},
  pages = {78--86},
  publisher = {JMLR.org},
  series = {Workshop and Conference Proceedings},
  title = {A Lower Bound for the Optimization of Finite Sums},
  volume = {37},
  year = {2015}
}

@inproceedings{alex2015simple,
  address = {Lille, France},
  author = {Carpentier, Alexandra and Valko, Michal},
  booktitle = {Proceedings of the 32nd International Conference on Machine Learning (ICML)},
  editor = {Bach, Francis R. and Blei, David M.},
  month = {July},
  note = {\url{http://proceedings.mlr.press/v37/carpentier15.html}},
  openalex = {W246157401},
  pages = {1133--1141},
  publisher = {JMLR.org},
  series = {JMLR Workshop and Conference Proceedings},
  title = {Simple regret for infinitely many armed bandits},
  volume = {37},
  year = {2015}
}

@inproceedings{amid2015multiview,
  address = {Lille, France},
  author = {Amid, Ehsan and Ukkonen, Antti},
  booktitle = {Proceedings of the 32nd International Conference on Machine Learning (ICML)},
  editor = {Bach, Francis R. and Blei, David M.},
  month = {July},
  note = {\url{http://proceedings.mlr.press/v37/amid15.html}},
  openalex = {W1859119539},
  pages = {1472--1480},
  publisher = {JMLR.org},
  series = {Workshop and Conference Proceedings},
  title = {Multiview Triplet Embedding: Learning Attributes in Multiple Maps},
  year = {2015}
}

@inproceedings{an2015can,
  address = {Lille, France},
  author = {An, Senjian and Boussaïd, Farid and Bennamoun, Mohammed},
  booktitle = {Proceedings of the 32nd International Conference on Machine Learning (ICML)},
  editor = {Bach, Francis R. and Blei, David M.},
  month = {July},
  note = {\url{http://proceedings.mlr.press/v37/an15.html}},
  openalex = {W1847571375},
  pages = {514--523},
  publisher = {JMLR.org},
  series = {Workshop and Conference Proceedings},
  title = {How Can Deep Rectifier Networks Achieve Linear Separability and Preserve Distances},
  volume = {37},
  year = {2015}
}

@inproceedings{asteris2015stay,
  address = {Lille, France},
  author = {Asteris, Megasthenis and Kyrillidis, Anastasios and Dimakis, Georgios and Yi, Han-Gyol and Bharath, Ch and Rasekaran, ??},
  booktitle = {Proceedings of the 32nd International Conference on Machine Learning (ICML)},
  editor = {Bach, Francis R. and Blei, David M.},
  month = {July},
  note = {\url{http://proceedings.mlr.press/v37/asteris15.html}},
  pages = {1728--1736},
  publisher = {Journal of Machine Learning Research (JMLR)},
  series = {Workshop and Conference Proceedings},
  title = {Stay on path: PCA along graph paths},
  volume = {37},
  year = {2015}
}

@inproceedings{avron2015community,
  address = {Lille, France},
  author = {Avron, Haim and Horesh, Lior},
  booktitle = {Proceedings of the 32nd International Conference on Machine Learning (ICML)},
  editor = {Bach, Francis R. and Blei, David M.},
  month = {July},
  note = {\url{http://proceedings.mlr.press/v37/avron15.html}},
  openalex = {W1840556234},
  pages = {1795--1803},
  publisher = {Journal of Machine Learning Research (JMLR)},
  series = {Workshop and Conference Proceedings},
  title = {Community Detection Using Time-Dependent Personalized PageRank},
  volume = {37},
  year = {2015}
}

@inproceedings{aybat2015asynchronous,
  address = {Lille, France},
  author = {Aybat, Necdet S. and Wang, Zi and Iyengar, Garud},
  booktitle = {Proceedings of the 32nd International Conference on Machine Learning (ICML)},
  editor = {Bach, Francis R. and Blei, David M.},
  month = {July},
  note = {\url{http://proceedings.mlr.press/v37/aybat15.html}},
  pages = {2454--2462},
  publisher = {Journal of Machine Learning Research (JMLR)},
  series = {Workshop and Conference Proceedings},
  title = {An Asynchronous Distributed Proximal Gradient Method for Composite Convex Optimization},
  year = {2015}
}

@inproceedings{b2015optimal,
  address = {Lille, France},
  author = {Beygelzimer, Alina and Kale, Satyen and Luo, Haipeng},
  booktitle = {Proceedings of the 32nd International Conference on Machine Learning (ICML)},
  editor = {Bach, Francis R. and Blei, David M.},
  month = {July},
  note = {\url{http://proceedings.mlr.press/v37/beygelzimer15.html}},
  openalex = {W2952412049},
  pages = {2323--2331},
  publisher = {Journal of Machine Learning Research (JMLR)},
  series = {Workshop and Conference Proceedings},
  title = {Optimal and Adaptive Algorithms for Online Boosting},
  volume = {37},
  year = {2015}
}

@inproceedings{b2015safe,
  address = {Lille, France},
  author = {Ammar, Haitham Bou and Tutunov, Rasul and Eaton, Eric},
  booktitle = {Proceedings of the 32nd International Conference on Machine Learning (ICML)},
  editor = {Bach, Francis R. and Blei, David M.},
  month = {July},
  note = {\url{http://proceedings.mlr.press/v37/ammar15.html}},
  openalex = {W2159459871},
  pages = {2361--2369},
  publisher = {Journal of Machine Learning Research (JMLR)},
  series = {Workshop and Conference Proceedings},
  title = {Safe Policy Search for Lifelong Reinforcement Learning with Sublinear Regret},
  volume = {37},
  year = {2015}
}

@inproceedings{bach2015paireddual,
  address = {Lille, France},
  author = {Bach, Stephen H. and Huang, Bert and Boyd‐Graber, Jordan and Getoor, Lise},
  booktitle = {Proceedings of the 32nd International Conference on Machine Learning (ICML)},
  editor = {Bach, Francis R. and Blei, David M.},
  month = {July},
  note = {\url{http://proceedings.mlr.press/v37/bach15.html}},
  openalex = {W1950900001},
  pages = {381--390},
  publisher = {JMLR.org},
  series = {Workshop and Conference Proceedings},
  title = {Paired-Dual Learning for Fast Training of Latent Variable Hinge-Loss MRFs},
  volume = {37},
  year = {2015}
}

@inproceedings{bachem2015coresets,
  address = {Lille, France},
  author = {Bachem, Olivier and Lučić, Mario and Krause, Andreas},
  booktitle = {Proceedings of the 32nd International Conference on Machine Learning (ICML)},
  editor = {Bach, Francis R. and Blei, David M.},
  month = {July},
  note = {\url{http://proceedings.mlr.press/v37/bachem15.html}},
  openalex = {W2164573470},
  pages = {209--217},
  publisher = {JMLR.org},
  series = {Workshop and Conference Proceedings},
  title = {Coresets for Nonparametric Estimation - the Case of DP-Means},
  volume = {37},
  year = {2015}
}

@inproceedings{bachman2015variational,
  address = {Lille, France},
  author = {Bachman, Philip and Precup, Doina},
  booktitle = {Proceedings of the 32nd International Conference on Machine Learning (ICML)},
  editor = {Bach, Francis R. and Blei, David M.},
  month = {July},
  note = {\url{http://proceedings.mlr.press/v37/bachman15.html}},
  openalex = {W1859551169},
  pages = {1964--1972},
  publisher = {Journal of Machine Learning Research (JMLR)},
  series = {Workshop and Conference Proceedings},
  title = {Variational Generative Stochastic Networks with Collaborative Shaping},
  volume = {37},
  year = {2015}
}

@inproceedings{bahadori2015functional,
  address = {Lille, France},
  author = {Bahadori, Mohammad Taha and Kale, David C. and Fan, Yingying and Liu, Yan},
  booktitle = {Proceedings of the 32nd International Conference on Machine Learning (ICML)},
  editor = {Bach, Francis R. and Blei, David M.},
  month = {July},
  note = {\url{http://proceedings.mlr.press/v37/bahadori15.html}},
  openalex = {W1847142364},
  pages = {228--237},
  publisher = {JMLR.org},
  series = {Workshop and Conference Proceedings},
  title = {Functional Subspace Clustering with Application to Time Series},
  volume = {37},
  year = {2015}
}

@inproceedings{bai2015aligned,
  address = {Lille, France},
  author = {Bai, Lu and Rossi, Luca and Zhang, Zhihong and Hancock, Edwin R.},
  booktitle = {Proceedings of the 32nd International Conference on Machine Learning (ICML)},
  editor = {Bach, Francis R. and Blei, David M.},
  month = {July},
  note = {\url{http://proceedings.mlr.press/v37/bai15.html}},
  openalex = {W1879085217},
  pages = {30--39},
  publisher = {JMLR.org},
  series = {Workshop and Conference Proceedings},
  title = {An Aligned Subtree Kernel for Weighted Graphs},
  volume = {37},
  year = {2015}
}

@inproceedings{barbosa2015power,
  address = {Lille, France},
  author = {Barbosa, Rafael da Ponte and Ene, Alina and Nguyễn, Huy L. and Ward, Justin},
  booktitle = {Proceedings of the 32nd International Conference on Machine Learning (ICML)},
  editor = {Bach, Francis R. and Blei, David M.},
  month = {July},
  note = {\url{http://proceedings.mlr.press/v37/barbosa15.html}},
  openalex = {W2952024675},
  pages = {1236--1244},
  publisher = {JMLR.org},
  series = {Workshop and Conference Proceedings},
  title = {The Power of Randomization: Distributed Submodular Maximization on Massive Datasets},
  year = {2015}
}

@inproceedings{belanger2015linear,
  address = {Lille, France},
  author = {Belanger, David and Kakade, Sham M.},
  booktitle = {Proceedings of the 32nd International Conference on Machine Learning (ICML)},
  editor = {Bach, Francis R. and Blei, David M.},
  month = {July},
  note = {\url{http://proceedings.mlr.press/v37/belanger15.html}},
  openalex = {W1826694107},
  pages = {833--842},
  publisher = {JMLR.org},
  series = {JMLR Workshop and Conference Proceedings},
  title = {A Linear Dynamical System Model for Text},
  volume = {37},
  year = {2015}
}

@inproceedings{benavoli2015bayesian,
  address = {Lille, France},
  author = {Benavoli, Alessio and Corani, Giorgio and Mangili, Francesca and Zaffalon, Marco},
  booktitle = {Proceedings of the 32nd International Conference on Machine Learning (ICML)},
  editor = {Bach, Francis R. and Blei, David M.},
  month = {July},
  note = {\url{http://proceedings.mlr.press/v37/benavoli15.html}},
  openalex = {W2130670110},
  pages = {1264--1272},
  publisher = {JMLR.org},
  series = {Workshop and Conference Proceedings},
  title = {A Bayesian nonparametric procedure for comparing algorithms},
  year = {2015}
}

@inproceedings{berlind2015active,
  address = {Lille, France},
  author = {Berlind, Christopher G. and Urner, Ruth},
  booktitle = {Proceedings of the 32nd International Conference on Machine Learning (ICML)},
  editor = {Bach, Francis R. and Blei, David M.},
  month = {July},
  note = {\url{http://proceedings.mlr.press/v37/berlind15.html}},
  openalex = {W1870462933},
  pages = {1870--1879},
  publisher = {Journal of Machine Learning Research (JMLR)},
  series = {Workshop and Conference Proceedings},
  title = {Active Nearest Neighbors in Changing Environments},
  volume = {37},
  year = {2015}
}

@inproceedings{betancourt2015fundamental,
  address = {Lille, France},
  author = {Betancourt, Michael},
  booktitle = {Proceedings of the 32nd International Conference on Machine Learning (ICML)},
  editor = {Bach, Francis R. and Blei, David M.},
  month = {July},
  note = {\url{http://proceedings.mlr.press/v37/betancourt15.html}},
  openalex = {W1870889549},
  pages = {533--540},
  publisher = {JMLR.org},
  series = {Workshop and Conference Proceedings},
  title = {The Fundamental Incompatibility of Scalable Hamiltonian Monte Carlo and Naive Data Subsampling},
  volume = {37},
  year = {2015}
}

@inproceedings{blechschmidt2015tracking,
  address = {Lille, France},
  author = {Blechschmidt, Katharina and Giesen, Joachim and Laue, Soeren},
  booktitle = {Proceedings of the 32nd International Conference on Machine Learning (ICML)},
  editor = {Bach, Francis R. and Blei, David M.},
  month = {July},
  note = {\url{http://proceedings.mlr.press/v37/blechschmidt15.html}},
  openalex = {W1896556241},
  pages = {438--447},
  publisher = {JMLR.org},
  series = {Workshop and Conference Proceedings},
  title = {Tracking Approximate Solutions of Parameterized Optimization Problems over Multi-Dimensional (Hyper-)Parameter Domains},
  volume = {37},
  year = {2015}
}

@inproceedings{blum2015ladder,
  address = {Lille, France},
  author = {Blum, Avrim and Hardt, Moritz},
  booktitle = {Proceedings of the 32nd International Conference on Machine Learning (ICML)},
  editor = {Bach, Francis R. and Blei, David M.},
  month = {July},
  note = {\url{http://proceedings.mlr.press/v37/blum15.html}},
  openalex = {W1798749056},
  pages = {1006--1014},
  publisher = {JMLR.org},
  series = {JMLR Workshop and Conference Proceedings},
  title = {The Ladder: A Reliable Leaderboard for Machine Learning Competitions},
  volume = {37},
  year = {2015}
}

@inproceedings{blundell2015weight,
  address = {Lille, France},
  author = {Blundell, Charles and Cornebise, Julien and Kavukcuoglu, Koray and Wierstra, Daan},
  booktitle = {Proceedings of the 32nd International Conference on Machine Learning (ICML)},
  editor = {Bach, Francis R. and Blei, David M.},
  month = {July},
  note = {\url{http://proceedings.mlr.press/v37/blundell15.html}},
  openalex = {W2164411961},
  pages = {1613--1622},
  publisher = {Journal of Machine Learning Research (JMLR)},
  series = {Workshop and Conference Proceedings},
  title = {Weight Uncertainty in Neural Network},
  volume = {37},
  year = {2015}
}

@inproceedings{bounliphone2015low,
  address = {Lille, France},
  author = {Bounliphone, Wacha and Gretton, Arthur and Tenenhaus, Arthur and Blaschko, Matthew B.},
  booktitle = {Proceedings of the 32nd International Conference on Machine Learning (ICML)},
  editor = {Bach, Francis R. and Blei, David M.},
  month = {July},
  note = {\url{http://proceedings.mlr.press/v37/bounliphone15.html}},
  pages = {20--29},
  publisher = {JMLR.org},
  series = {Workshop and Conference Proceedings},
  title = {A low variance consistent test of relative dependency},
  volume = {37},
  year = {2015}
}

@inproceedings{boutsidis2015spectral,
  address = {Lille, France},
  author = {Boutsidis, Christos and Kambadur, Prabhanjan and Gittens, Alex},
  booktitle = {Proceedings of the 32nd International Conference on Machine Learning (ICML)},
  editor = {Bach, Francis R. and Blei, David M.},
  month = {July},
  note = {\url{http://proceedings.mlr.press/v37/boutsidis15.html}},
  openalex = {W2963976838},
  pages = {40--48},
  publisher = {JMLR.org},
  series = {Workshop and Conference Proceedings},
  title = {Spectral Clustering via the Power Method -- Provably},
  volume = {37},
  year = {2015}
}

@inproceedings{c2015compressing,
  address = {Lille, France},
  author = {Chen, Wenlin and Wilson, James T. and Tyree, Stephen and Weinberger, Kilian Q. and Chen, Yixin},
  booktitle = {Proceedings of the 32nd International Conference on Machine Learning (ICML)},
  editor = {Bach, Francis R. and Blei, David M.},
  month = {July},
  note = {\url{http://proceedings.mlr.press/v37/chenc15.html}},
  openalex = {W2172166488},
  pages = {2285--2294},
  publisher = {Journal of Machine Learning Research (JMLR)},
  series = {Workshop and Conference Proceedings},
  title = {Compressing Neural Networks with the Hashing Trick},
  volume = {37},
  year = {2015}
}

@inproceedings{c2015learning,
  address = {Lille, France},
  author = {Chang, Kai-Wei and Krishnamurthy, Akshay and Agarwal, Alekh and Daumé, Hal and Langford, John},
  booktitle = {Proceedings of the 32nd International Conference on Machine Learning (ICML)},
  editor = {Bach, Francis R. and Blei, David M.},
  month = {July},
  note = {\url{http://proceedings.mlr.press/v37/changb15.html}},
  openalex = {W2952840881},
  pages = {2058--2066},
  publisher = {Journal of Machine Learning Research (JMLR)},
  series = {Workshop and Conference Proceedings},
  title = {Learning to Search Better Than Your Teacher},
  volume = {37},
  year = {2015}
}

@inproceedings{c2015subsampling,
  address = {Lille, France},
  author = {Chazal, Frédéric and Fasy, Brittany Terese and Lecci, Fabrizio and Michel, Bertrand and Rinaldo, Alessandro and Wasserman, Larry},
  booktitle = {Proceedings of the 32nd International Conference on Machine Learning (ICML)},
  editor = {Bach, Francis R. and Blei, David M.},
  month = {July},
  note = {\url{http://proceedings.mlr.press/v37/chazal15.html}},
  openalex = {W1842708415},
  pages = {2143--2151},
  publisher = {Journal of Machine Learning Research (JMLR)},
  series = {Workshop and Conference Proceedings},
  title = {Subsampling Methods for Persistent Homology},
  volume = {37},
  year = {2015}
}

@inproceedings{ch2015gated,
  address = {Lille, France},
  author = {Chung, Jun‐Young and Gülçehre, Çaǧlar and Cho, Kyunghyun and Bengio, Yoshua},
  booktitle = {Proceedings of the 32nd International Conference on Machine Learning (ICML)},
  editor = {Bach, Francis R. and Blei, David M.},
  month = {July},
  note = {\url{http://proceedings.mlr.press/v37/chung15.html}},
  openalex = {W1847088711},
  pages = {2067--2075},
  publisher = {Journal of Machine Learning Research (JMLR)},
  series = {Workshop and Conference Proceedings},
  title = {Gated Feedback Recurrent Neural Networks},
  volume = {37},
  year = {2015}
}

@inproceedings{chang2015complex,
  address = {Lille, France},
  author = {Chang, Xiaojun and Yang, Yi and Xing, Eric P. and Yu, Yaoliang},
  booktitle = {Proceedings of the 32nd International Conference on Machine Learning (ICML)},
  editor = {Bach, Francis R. and Blei, David M.},
  month = {July},
  note = {\url{http://proceedings.mlr.press/v37/changa15.html}},
  openalex = {W1706000851},
  pages = {1348--1357},
  publisher = {JMLR.org},
  series = {Workshop and Conference Proceedings},
  title = {Complex Event Detection using Semantic Saliency and Nearly-Isotonic SVM},
  year = {2015}
}

@inproceedings{chao2015exponential,
  address = {Lille, France},
  author = {Chao, Wei‐Lun and Solomon, Justin and Michels, Dominik L. and Sha, Fei},
  booktitle = {Proceedings of the 32nd International Conference on Machine Learning (ICML)},
  editor = {Bach, Francis R. and Blei, David M.},
  month = {July},
  note = {\url{http://proceedings.mlr.press/v37/chao15.html}},
  openalex = {W1826892964},
  pages = {1142--1151},
  publisher = {JMLR.org},
  series = {JMLR Workshop and Conference Proceedings},
  title = {Exponential Integration for Hamiltonian Monte Carlo},
  volume = {37},
  year = {2015}
}

@inproceedings{chen2015learning,
  address = {Lille, France},
  author = {Chen, Liang-Chieh and Schwing, Alexander G. and Yuille, Alan and Urtasun, Raquel},
  booktitle = {Proceedings of the 32nd International Conference on Machine Learning (ICML)},
  editor = {Bach, Francis R. and Blei, David M.},
  month = {July},
  note = {\url{http://proceedings.mlr.press/v37/chenb15.html}},
  openalex = {W2131984901},
  pages = {1785--1794},
  publisher = {Journal of Machine Learning Research (JMLR)},
  series = {Workshop and Conference Proceedings},
  title = {Learning Deep Structured Models},
  volume = {37},
  year = {2015}
}

@inproceedings{chen2015spectral,
  address = {Lille, France},
  author = {Chen, Yuxin and Suh, Changho},
  booktitle = {Proceedings of the 32nd International Conference on Machine Learning (ICML)},
  editor = {Bach, Francis R. and Blei, David M.},
  month = {July},
  note = {\url{http://proceedings.mlr.press/v37/chena15.html}},
  openalex = {W2963177480},
  pages = {371--380},
  publisher = {JMLR.org},
  series = {Workshop and Conference Proceedings},
  title = {Spectral MLE: Top-$K$ Rank Aggregation from Pairwise Comparisons},
  volume = {37},
  year = {2015}
}

@inproceedings{ciliberto2015convex,
  address = {Lille, France},
  author = {Ciliberto, Carlo and Mroueh, Youssef and Poggio, Tomaso and Rosasco, Lorenzo},
  booktitle = {Proceedings of the 32nd International Conference on Machine Learning (ICML)},
  editor = {Bach, Francis R. and Blei, David M.},
  month = {July},
  note = {\url{http://proceedings.mlr.press/v37/ciliberto15.html}},
  openalex = {W1871863450},
  pages = {1548--1557},
  publisher = {JMLR.org},
  series = {Workshop and Conference Proceedings},
  title = {Convex Learning of Multiple Tasks and their Structure},
  year = {2015}
}

@inproceedings{clark2015training,
  address = {Lille, France},
  author = {Clark, Christopher and Storkey, Amos},
  booktitle = {Proceedings of the 32nd International Conference on Machine Learning (ICML)},
  editor = {Bach, Francis R. and Blei, David M.},
  month = {July},
  note = {\url{http://proceedings.mlr.press/v37/clark15.html}},
  openalex = {W2134264591},
  pages = {1766--1774},
  publisher = {Journal of Machine Learning Research (JMLR)},
  series = {Workshop and Conference Proceedings},
  title = {Training Deep Convolutional Neural Networks to Play Go},
  volume = {37},
  year = {2015}
}

@inproceedings{cohen2015following,
  address = {Lille, France},
  author = {Cohen, Alon and Hazan, Tamir},
  booktitle = {Proceedings of the 32nd International Conference on Machine Learning (ICML)},
  editor = {Bach, Francis R. and Blei, David M.},
  month = {July},
  note = {\url{http://proceedings.mlr.press/v37/cohena15.html}},
  openalex = {W567076915},
  pages = {1034--1042},
  publisher = {JMLR.org},
  series = {JMLR Workshop and Conference Proceedings},
  title = {Following the Perturbed Leader for Online Structured Learning},
  volume = {37},
  year = {2015}
}

@inproceedings{cohen2015harmonic,
  address = {Lille, France},
  author = {Cohen, Taco and Welling, Max},
  booktitle = {Proceedings of the 32nd International Conference on Machine Learning (ICML)},
  editor = {Bach, Francis R. and Blei, David M.},
  month = {July},
  note = {\url{http://proceedings.mlr.press/v37/cohenb15.html}},
  openalex = {W1809492646},
  pages = {1757--1765},
  publisher = {Journal of Machine Learning Research (JMLR)},
  series = {Workshop and Conference Proceedings},
  title = {Harmonic Exponential Families on Manifolds},
  volume = {37},
  year = {2015}
}

@inproceedings{cortes2015structural,
  address = {Lille, France},
  author = {Cortes, Corinna and Kuznetsov, Vitaly and Mohri, Mehryar and Syed, Umar},
  booktitle = {Proceedings of the 32nd International Conference on Machine Learning (ICML)},
  editor = {Bach, Francis R. and Blei, David M.},
  month = {July},
  note = {\url{http://proceedings.mlr.press/v37/cortes15.html}},
  openalex = {W2137463212},
  pages = {391--399},
  publisher = {JMLR.org},
  series = {Workshop and Conference Proceedings},
  title = {Structural Maxent Models},
  volume = {37},
  year = {2015}
}

@inproceedings{csiba2015stochastic,
  address = {Lille, France},
  author = {Csiba, Dominik and Qu, Zheng and Richtárik, Peter},
  booktitle = {Proceedings of the 32nd International Conference on Machine Learning (ICML)},
  editor = {Bach, Francis R. and Blei, David M.},
  month = {July},
  note = {\url{http://proceedings.mlr.press/v37/csiba15.html}},
  openalex = {W2949090471},
  pages = {674--683},
  publisher = {JMLR.org},
  series = {Workshop and Conference Proceedings},
  title = {Stochastic Dual Coordinate Ascent with Adaptive Probabilities},
  volume = {37},
  year = {2015}
}

@inproceedings{daniely2015strongly,
  address = {Lille, France},
  author = {Daniely, Amit and Gonen, Alon and Shalev‐Shwartz, Shai},
  booktitle = {Proceedings of the 32nd International Conference on Machine Learning (ICML)},
  editor = {Bach, Francis R. and Blei, David M.},
  month = {July},
  note = {\url{http://proceedings.mlr.press/v37/daniely15.html}},
  openalex = {W2964188247},
  pages = {1405--1411},
  publisher = {JMLR.org},
  series = {Workshop and Conference Proceedings},
  title = {Strongly Adaptive Online Learning},
  year = {2015}
}

@inproceedings{das2015ordered,
  address = {Lille, France},
  author = {Das, Mrinal Kanti and Bansal, Trapit and Bhattacharyya, Chiranjib},
  booktitle = {Proceedings of the 32nd International Conference on Machine Learning (ICML)},
  editor = {Bach, Francis R. and Blei, David M.},
  month = {July},
  note = {\url{http://proceedings.mlr.press/v37/das15.html}},
  openalex = {W653865906},
  pages = {550--559},
  publisher = {JMLR.org},
  series = {Workshop and Conference Proceedings},
  title = {Ordered Stick-Breaking Prior for Sequential MCMC Inference of Bayesian Nonparametric Models},
  volume = {37},
  year = {2015}
}

@inproceedings{deisenroth2015distributed,
  address = {Lille, France},
  author = {Deisenroth, Marc Peter and Ng, Jun Wei},
  booktitle = {Proceedings of the 32nd International Conference on Machine Learning (ICML)},
  editor = {Bach, Francis R. and Blei, David M.},
  month = {July},
  note = {\url{http://proceedings.mlr.press/v37/deisenroth15.html}},
  openalex = {W1911299338},
  pages = {1481--1490},
  publisher = {JMLR.org},
  series = {Workshop and Conference Proceedings},
  title = {Distributed Gaussian Processes},
  year = {2015}
}

@inproceedings{ding2015yinyang,
  address = {Lille, France},
  author = {Ding, Yufei and Zhao, Yue and Shen, Xipeng and Musuvathi, Madanlal and Mytkowicz, Todd},
  booktitle = {Proceedings of the 32nd International Conference on Machine Learning (ICML)},
  editor = {Bach, Francis R. and Blei, David M.},
  month = {July},
  note = {\url{http://proceedings.mlr.press/v37/ding15.html}},
  openalex = {W1624140875},
  pages = {579--587},
  publisher = {JMLR.org},
  series = {Workshop and Conference Proceedings},
  title = {Yinyang K-Means: A Drop-In Replacement of the Classic K-Means with Consistent Speedup},
  volume = {37},
  year = {2015}
}

@inproceedings{djolonga2015scalable,
  address = {Lille, France},
  author = {Djolonga, Josip and Krause, Andreas},
  booktitle = {Proceedings of the 32nd International Conference on Machine Learning (ICML)},
  editor = {Bach, Francis R. and Blei, David M.},
  month = {July},
  note = {\url{http://proceedings.mlr.press/v37/djolonga15.html}},
  openalex = {W2950701726},
  pages = {1804--1813},
  publisher = {Journal of Machine Learning Research (JMLR)},
  series = {Workshop and Conference Proceedings},
  title = {Scalable Variational Inference in Log-supermodular Models},
  volume = {37},
  year = {2015}
}

@inproceedings{eggeling2015dealing,
  address = {Lille, France},
  author = {Eggeling, Ralf and Koivisto, Mikko and Große, Ivo},
  booktitle = {Proceedings of the 32nd International Conference on Machine Learning (ICML)},
  editor = {Bach, Francis R. and Blei, David M.},
  month = {July},
  note = {\url{http://proceedings.mlr.press/v37/eggeling15.html}},
  openalex = {W1959055958},
  pages = {1245--1253},
  publisher = {JMLR.org},
  series = {Workshop and Conference Proceedings},
  title = {Dealing with small data: On the generalization of context trees},
  year = {2015}
}

@inproceedings{ene2015coordinate,
  address = {Lille, France},
  author = {Ene, Alina and Nguyễn, Huy L.},
  booktitle = {Proceedings of the 32nd International Conference on Machine Learning (ICML)},
  editor = {Bach, Francis R. and Blei, David M.},
  month = {July},
  note = {\url{http://proceedings.mlr.press/v37/ene15.html}},
  openalex = {W2949557549},
  pages = {787--795},
  publisher = {JMLR.org},
  series = {JMLR Workshop and Conference Proceedings},
  title = {Random Coordinate Descent Methods for Minimizing Decomposable Submodular Functions},
  volume = {37},
  year = {2015}
}

@inproceedings{fercoq2015mind,
  address = {Lille, France},
  author = {Fercoq, Olivier and Gramfort, Alexandre and Salmon, Joseph},
  booktitle = {Proceedings of the 32nd International Conference on Machine Learning (ICML)},
  editor = {Bach, Francis R. and Blei, David M.},
  month = {July},
  note = {\url{http://proceedings.mlr.press/v37/fercoq15.html}},
  openalex = {W2116974465},
  pages = {333--342},
  publisher = {JMLR.org},
  series = {Workshop and Conference Proceedings},
  title = {Mind the duality gap: safer rules for the Lasso},
  volume = {37},
  year = {2015}
}

@inproceedings{fetaya2015learning,
  address = {Lille, France},
  author = {Fetaya, Ethan and Ullman, Shimon},
  booktitle = {Proceedings of the 32nd International Conference on Machine Learning (ICML)},
  editor = {Bach, Francis R. and Blei, David M.},
  month = {July},
  note = {\url{http://proceedings.mlr.press/v37/fetaya15.html}},
  openalex = {W4297731226},
  pages = {162--168},
  publisher = {JMLR.org},
  series = {Workshop and Conference Proceedings},
  title = {Learning Local Invariant Mahalanobis Distances},
  volume = {37},
  year = {2015}
}

@inproceedings{filippone2015enabling,
  address = {Lille, France},
  author = {Filippone, Maurizio and Engler, Raphael},
  booktitle = {Proceedings of the 32nd International Conference on Machine Learning (ICML)},
  editor = {Bach, Francis R. and Blei, David M.},
  month = {July},
  note = {\url{http://proceedings.mlr.press/v37/filippone15.html}},
  openalex = {W2952389639},
  pages = {1015--1024},
  publisher = {JMLR.org},
  series = {JMLR Workshop and Conference Proceedings},
  title = {Enabling scalable stochastic gradient-based inference for Gaussian processes by employing the Unbiased LInear System SolvEr (ULISSE)},
  volume = {37},
  year = {2015}
}

@inproceedings{flaxman2015fast,
  address = {Lille, France},
  author = {Flaxman, Seth and Wilson, Andrew Gordon and Neill, Daniel B. and Nickisch, Hannes and Smola, Alex},
  booktitle = {Proceedings of the 32nd International Conference on Machine Learning (ICML)},
  editor = {Bach, Francis R. and Blei, David M.},
  month = {July},
  note = {\url{http://proceedings.mlr.press/v37/flaxman15.html}},
  openalex = {W1917966882},
  pages = {607--616},
  publisher = {JMLR.org},
  series = {Workshop and Conference Proceedings},
  title = {Fast Kronecker Inference in Gaussian Processes with non-Gaussian Likelihoods},
  volume = {37},
  year = {2015}
}

@inproceedings{foulds2015latent,
  address = {Lille, France},
  author = {Foulds, James and Kumar, Shachi H and Getoor, Lise},
  booktitle = {Proceedings of the 32nd International Conference on Machine Learning (ICML)},
  editor = {Bach, Francis R. and Blei, David M.},
  month = {July},
  note = {\url{http://proceedings.mlr.press/v37/foulds15.html}},
  openalex = {W588062613},
  pages = {777--786},
  publisher = {JMLR.org},
  series = {Workshop and Conference Proceedings},
  title = {Latent Topic Networks: A Versatile Probabilistic Programming Framework for Topic Models},
  volume = {37},
  year = {2015}
}

@inproceedings{frostig2015unregularizing,
  address = {Lille, France},
  author = {Frostig, Roy and Ge, Rong and Kakade, Sham M. and Sidford, Aaron},
  booktitle = {Proceedings of the 32nd International Conference on Machine Learning (ICML)},
  editor = {Bach, Francis R. and Blei, David M.},
  month = {July},
  note = {\url{http://proceedings.mlr.press/v37/frostig15.html}},
  openalex = {W1959112989},
  pages = {2540--2548},
  publisher = {Journal of Machine Learning Research (JMLR)},
  series = {Workshop and Conference Proceedings},
  title = {Un-regularizing: approximate proximal point and faster stochastic algorithms for empirical risk minimization},
  year = {2015}
}

@inproceedings{g2015distributed,
  address = {Lille, France},
  author = {Ge, Hong and Chen, Yutian and Wan, Moquan and Ghahramani, Zoubin},
  booktitle = {Proceedings of the 32nd International Conference on Machine Learning (ICML)},
  editor = {Bach, Francis R. and Blei, David M.},
  month = {July},
  note = {\url{http://proceedings.mlr.press/v37/gea15.html}},
  openalex = {W1865606400},
  pages = {2276--2284},
  publisher = {Journal of Machine Learning Research (JMLR)},
  series = {Workshop and Conference Proceedings},
  title = {Distributed Inference for Dirichlet Process Mixture Models},
  volume = {37},
  year = {2015}
}

@inproceedings{g2015hard,
  address = {Lille, France},
  author = {Globerson, Amir and Roughgarden, Tim and Sontag, David and Yildirim, Cafer},
  booktitle = {Proceedings of the 32nd International Conference on Machine Learning (ICML)},
  editor = {Bach, Francis R. and Blei, David M.},
  month = {July},
  note = {\url{http://proceedings.mlr.press/v37/globerson15.html}},
  openalex = {W1857730375},
  pages = {2181--2190},
  publisher = {Journal of Machine Learning Research (JMLR)},
  series = {Workshop and Conference Proceedings},
  title = {How Hard is Inference for Structured Prediction},
  volume = {37},
  year = {2015}
}

@inproceedings{g2015intersecting,
  address = {Lille, France},
  author = {Ge, Rong and Zou, James},
  booktitle = {Proceedings of the 32nd International Conference on Machine Learning (ICML)},
  editor = {Bach, Francis R. and Blei, David M.},
  month = {July},
  note = {\url{http://proceedings.mlr.press/v37/geb15.html}},
  openalex = {W1882879704},
  pages = {2295--2303},
  publisher = {Journal of Machine Learning Research (JMLR)},
  series = {Workshop and Conference Proceedings},
  title = {Intersecting Faces: Non-negative Matrix Factorization With New Guarantees},
  volume = {37},
  year = {2015}
}

@inproceedings{g2015scaling,
  address = {Lille, France},
  author = {Grosse, Roger and Salakhudinov, Ruslan},
  booktitle = {Proceedings of the 32nd International Conference on Machine Learning (ICML)},
  editor = {Bach, Francis R. and Blei, David M.},
  month = {July},
  note = {\url{http://proceedings.mlr.press/v37/grosse15.html}},
  openalex = {W1877062207},
  pages = {2304--2313},
  publisher = {Journal of Machine Learning Research (JMLR)},
  series = {Workshop and Conference Proceedings},
  title = {Scaling up Natural Gradient by Sparsely Factorizing the Inverse Fisher Matrix},
  volume = {37},
  year = {2015}
}

@inproceedings{gajane2015relative,
  address = {Lille, France},
  author = {Gajane, Pratik and Urvoy, Tanguy and Clérot, Fabrice},
  booktitle = {Proceedings of the 32nd International Conference on Machine Learning (ICML)},
  editor = {Bach, Francis R. and Blei, David M.},
  month = {July},
  note = {\url{http://proceedings.mlr.press/v37/gajane15.html}},
  openalex = {W2951092852},
  pages = {218--227},
  publisher = {JMLR.org},
  series = {Workshop and Conference Proceedings},
  title = {A Relative Exponential Weighing Algorithm for Adversarial Utility-based Dueling Bandits},
  volume = {37},
  year = {2015}
}

@inproceedings{gal2015improving,
  address = {Lille, France},
  author = {Gal, Yarin and Turner, Richard E.},
  booktitle = {Proceedings of the 32nd International Conference on Machine Learning (ICML)},
  editor = {Bach, Francis R. and Blei, David M.},
  month = {July},
  note = {\url{http://proceedings.mlr.press/v37/galb15.html}},
  openalex = {W2951060109},
  pages = {655--664},
  publisher = {JMLR.org},
  series = {Workshop and Conference Proceedings},
  title = {Improving the Gaussian Process Sparse Spectrum Approximation by Representing Uncertainty in Frequency Inputs},
  volume = {37},
  year = {2015}
}

@inproceedings{gal2015latent,
  address = {Lille, France},
  author = {Gal, Yarin and Chen, Yutian and Ghahramani, Zoubin},
  booktitle = {Proceedings of the 32nd International Conference on Machine Learning (ICML)},
  editor = {Bach, Francis R. and Blei, David M.},
  month = {July},
  note = {\url{http://proceedings.mlr.press/v37/gala15.html}},
  openalex = {W2950010433},
  pages = {645--654},
  publisher = {JMLR.org},
  series = {Workshop and Conference Proceedings},
  title = {Latent Gaussian Processes for Distribution Estimation of Multivariate Categorical Data},
  volume = {37},
  year = {2015}
}

@inproceedings{gan2015scalable,
  address = {Lille, France},
  author = {Gan, Zhe and Chen, Changyou and Henao, Ricardo and Carlson, David and Carin, Lawrence},
  booktitle = {Proceedings of the 32nd International Conference on Machine Learning (ICML)},
  editor = {Bach, Francis R. and Blei, David M.},
  month = {July},
  note = {\url{http://proceedings.mlr.press/v37/gan15.html}},
  openalex = {W2170678468},
  pages = {1823--1832},
  publisher = {Journal of Machine Learning Research (JMLR)},
  series = {Workshop and Conference Proceedings},
  title = {Scalable Deep Poisson Factor Analysis for Topic Modeling},
  volume = {37},
  year = {2015}
}

@inproceedings{ganin2015unsupervised,
  address = {Lille, France},
  author = {Ganin, Yaroslav and Lempitsky, Victor},
  booktitle = {Proceedings of the 32nd International Conference on Machine Learning (ICML)},
  editor = {Bach, Francis R. and Blei, David M.},
  month = {July},
  note = {\url{http://proceedings.mlr.press/v37/ganin15.html}},
  openalex = {W2963826681},
  pages = {1180--1189},
  publisher = {JMLR.org},
  series = {JMLR Workshop and Conference Proceedings},
  title = {Unsupervised Domain Adaptation by Backpropagation},
  volume = {37},
  year = {2015}
}

@inproceedings{garber2015faster,
  address = {Lille, France},
  author = {Garber, Dan and Hazan, Elad},
  booktitle = {Proceedings of the 32nd International Conference on Machine Learning (ICML)},
  editor = {Bach, Francis R. and Blei, David M.},
  month = {July},
  note = {\url{http://proceedings.mlr.press/v37/garbera15.html}},
  openalex = {W2168655828},
  pages = {541--549},
  publisher = {JMLR.org},
  series = {Workshop and Conference Proceedings},
  title = {Faster Rates for the Frank-Wolfe Method over Strongly-Convex Sets},
  volume = {37},
  year = {2015}
}

@inproceedings{garber2015online,
  address = {Lille, France},
  author = {Garber, Dan and Hazan, Elad and Ma, Tengyu},
  booktitle = {Proceedings of the 32nd International Conference on Machine Learning (ICML)},
  editor = {Bach, Francis R. and Blei, David M.},
  month = {July},
  note = {\url{http://proceedings.mlr.press/v37/garberb15.html}},
  openalex = {W1865760297},
  pages = {560--568},
  publisher = {JMLR.org},
  series = {Workshop and Conference Proceedings},
  title = {Online Learning of Eigenvectors},
  volume = {37},
  year = {2015}
}

@inproceedings{garnett2015finding,
  address = {Lille, France},
  author = {Garnett, Roman and Ho, Shirley and Schneider, Jeff},
  booktitle = {Proceedings of the 32nd International Conference on Machine Learning (ICML)},
  editor = {Bach, Francis R. and Blei, David M.},
  month = {July},
  note = {\url{http://proceedings.mlr.press/v37/garnett15.html}},
  openalex = {W1826095088},
  pages = {1025--1033},
  publisher = {JMLR.org},
  series = {JMLR Workshop and Conference Proceedings},
  title = {Finding Galaxies in the Shadows of Quasars with Gaussian Processes},
  volume = {37},
  year = {2015}
}

@inproceedings{gasse2015on,
  address = {Lille, France},
  author = {Gasse, Maxime and Aussem, Alexandre and Elghazel, Haytham},
  booktitle = {Proceedings of the 32nd International Conference on Machine Learning (ICML)},
  editor = {Bach, Francis R. and Blei, David M.},
  month = {July},
  note = {\url{http://proceedings.mlr.press/v37/gasse15.html}},
  openalex = {W613614209},
  pages = {2531--2539},
  publisher = {Journal of Machine Learning Research (JMLR)},
  series = {Workshop and Conference Proceedings},
  title = {On the Optimality of Multi-Label Classification under Subset Zero-One Loss for Distributions Satisfying the Composition Property},
  year = {2015}
}

@inproceedings{geiger2015causal,
  address = {Lille, France},
  author = {Geiger, Philipp and Zhang, Kun and Schoelkopf, Bernhard and Gong, Mingming and Janzing, Dominik},
  booktitle = {Proceedings of the 32nd International Conference on Machine Learning (ICML)},
  editor = {Bach, Francis R. and Blei, David M.},
  month = {July},
  note = {\url{http://proceedings.mlr.press/v37/geiger15.html}},
  openalex = {W1841784391},
  pages = {1917--1925},
  publisher = {Journal of Machine Learning Research (JMLR)},
  series = {Workshop and Conference Proceedings},
  title = {Causal Inference by Identification of Vector Autoregressive Processes with Hidden Components},
  volume = {37},
  year = {2015}
}

@inproceedings{germain2015made,
  address = {Lille, France},
  author = {Germain, Mathieu and Gregor, Karol and Murray, Iain and Larochelle, Hugo},
  booktitle = {Proceedings of the 32nd International Conference on Machine Learning (ICML)},
  editor = {Bach, Francis R. and Blei, David M.},
  month = {July},
  note = {\url{http://proceedings.mlr.press/v37/germain15.html}},
  openalex = {W1866230956},
  pages = {881--889},
  publisher = {JMLR.org},
  series = {JMLR Workshop and Conference Proceedings},
  title = {MADE: Masked Autoencoder for Distribution Estimation},
  volume = {37},
  year = {2015}
}

@inproceedings{ghoshdastidar2015provable,
  address = {Lille, France},
  author = {Ghoshdastidar, Debarghya and Dukkipati, Ambedkar},
  booktitle = {Proceedings of the 32nd International Conference on Machine Learning (ICML)},
  editor = {Bach, Francis R. and Blei, David M.},
  month = {July},
  note = {\url{http://proceedings.mlr.press/v37/ghoshdastidar15.html}},
  openalex = {W1929316339},
  pages = {400--409},
  publisher = {JMLR.org},
  series = {Workshop and Conference Proceedings},
  title = {A Provable Generalized Tensor Spectral Method for Uniform Hypergraph Partitioning},
  volume = {37},
  year = {2015}
}

@inproceedings{gong2015discovering,
  address = {Lille, France},
  author = {Gong, Mingming and Zhang, Kun and Schoelkopf, Bernhard and Tao, Dacheng and Geiger, Philipp},
  booktitle = {Proceedings of the 32nd International Conference on Machine Learning (ICML)},
  editor = {Bach, Francis R. and Blei, David M.},
  month = {July},
  note = {\url{http://proceedings.mlr.press/v37/gongb15.html}},
  openalex = {W1790336448},
  pages = {1898--1906},
  publisher = {Journal of Machine Learning Research (JMLR)},
  series = {Workshop and Conference Proceedings},
  title = {Discovering Temporal Causal Relations from Subsampled Data},
  volume = {37},
  year = {2015}
}

@inproceedings{gong2015modified,
  address = {Lille, France},
  author = {Gong, Pinghua and Ye, Jieping},
  booktitle = {Proceedings of the 32nd International Conference on Machine Learning (ICML)},
  editor = {Bach, Francis R. and Blei, David M.},
  month = {July},
  note = {\url{http://proceedings.mlr.press/v37/gonga15.html}},
  openalex = {W1873527584},
  pages = {276--284},
  publisher = {JMLR.org},
  series = {Workshop and Conference Proceedings},
  title = {A Modified Orthant-Wise Limited Memory Quasi-Newton Method with Convergence Analysis},
  volume = {37},
  year = {2015}
}

@inproceedings{gouws2015bilbowa,
  address = {Lille, France},
  author = {Gouws, Stephan and Bengio, Yoshua and Corrado, Greg S.},
  booktitle = {Proceedings of the 32nd International Conference on Machine Learning (ICML)},
  editor = {Bach, Francis R. and Blei, David M.},
  month = {July},
  note = {\url{http://proceedings.mlr.press/v37/gouws15.html}},
  openalex = {W1828724394},
  pages = {748--756},
  publisher = {JMLR.org},
  series = {Workshop and Conference Proceedings},
  title = {BilBOWA: Fast Bilingual Distributed Representations without Word Alignments},
  volume = {37},
  year = {2015}
}

@inproceedings{gregor2015draw,
  address = {Lille, France},
  author = {Gregor, Karol and Danihelka, Ivo and Graves, Alex and Rezende, Danilo Jimenez and Wierstra, Daan},
  booktitle = {Proceedings of the 32nd International Conference on Machine Learning (ICML)},
  editor = {Bach, Francis R. and Blei, David M.},
  month = {July},
  note = {\url{http://proceedings.mlr.press/v37/gregor15.html}},
  openalex = {W1850742715},
  pages = {1462--1471},
  publisher = {JMLR.org},
  series = {Workshop and Conference Proceedings},
  title = {DRAW: A Recurrent Neural Network For Image Generation},
  year = {2015}
}

@inproceedings{gu2015new,
  address = {Lille, France},
  author = {Gu, Bin and Ling, Charles X.},
  booktitle = {Proceedings of the 32nd International Conference on Machine Learning (ICML)},
  editor = {Bach, Francis R. and Blei, David M.},
  month = {July},
  note = {\url{http://proceedings.mlr.press/v37/gu15.html}},
  openalex = {W1838099784},
  pages = {2549--2558},
  publisher = {Journal of Machine Learning Research (JMLR)},
  series = {Workshop and Conference Proceedings},
  title = {A New Generalized Error Path Algorithm for Model Selection},
  year = {2015}
}

@inproceedings{guan2015moderated,
  address = {Lille, France},
  author = {Guan, Jinyan and Simek, Kyle and Brau, Ernesto and Morrison, Clayton T. and Butler, Emily A. and Barnard, Kobus},
  booktitle = {Proceedings of the 32nd International Conference on Machine Learning (ICML)},
  editor = {Bach, Francis R. and Blei, David M.},
  month = {July},
  note = {\url{http://proceedings.mlr.press/v37/guan15.html}},
  openalex = {W1844525149},
  pages = {2473--2482},
  publisher = {Journal of Machine Learning Research (JMLR)},
  series = {Workshop and Conference Proceedings},
  title = {Moderated and Drifting Linear Dynamical Systems},
  year = {2015}
}

@inproceedings{gupta2015deep,
  address = {Lille, France},
  author = {Gupta, Suyog and Agrawal, Ankur and Gopalakrishnan, Kailash and Narayanan, Pritish},
  booktitle = {Proceedings of the 32nd International Conference on Machine Learning (ICML)},
  editor = {Bach, Francis R. and Blei, David M.},
  month = {July},
  note = {\url{http://proceedings.mlr.press/v37/gupta15.html}},
  openalex = {W1841592590},
  pages = {1737--1746},
  publisher = {Journal of Machine Learning Research (JMLR)},
  series = {Workshop and Conference Proceedings},
  title = {Deep Learning with Limited Numerical Precision},
  volume = {37},
  year = {2015}
}

@inproceedings{görnitz2015hidden,
  address = {Lille, France},
  author = {Goernitz, Nico and Braun, Mikio L. and Kloft, Marius},
  booktitle = {Proceedings of the 32nd International Conference on Machine Learning (ICML)},
  editor = {Bach, Francis R. and Blei, David M.},
  month = {July},
  note = {\url{http://proceedings.mlr.press/v37/goernitz15.html}},
  openalex = {W1859870454},
  pages = {1833--1842},
  publisher = {Journal of Machine Learning Research (JMLR)},
  series = {Workshop and Conference Proceedings},
  title = {Hidden Markov Anomaly Detection},
  volume = {37},
  year = {2015}
}

@inproceedings{h2015cheap,
  address = {Lille, France},
  author = {Hanawal, Manjesh Kumar and Saligrama, Venkatesh and Valko, Michal and Munos, Rémi},
  booktitle = {Proceedings of the 32nd International Conference on Machine Learning (ICML)},
  editor = {Bach, Francis R. and Blei, David M.},
  month = {July},
  note = {\url{http://proceedings.mlr.press/v37/hanawal15.html}},
  pages = {2133--2142},
  publisher = {Journal of Machine Learning Research (JMLR)},
  series = {Workshop and Conference Proceedings},
  title = {Cheap Bandits},
  volume = {37},
  year = {2015}
}

@inproceedings{h2015passcode,
  address = {Lille, France},
  author = {Hsieh, Cho‐Jui and Yu, Hsiang‐Fu and Dhillon, Inderjit S.},
  booktitle = {Proceedings of the 32nd International Conference on Machine Learning (ICML)},
  editor = {Bach, Francis R. and Blei, David M.},
  month = {July},
  note = {\url{http://proceedings.mlr.press/v37/hsieha15.html}},
  openalex = {W2950002113},
  pages = {2370--2379},
  publisher = {Journal of Machine Learning Research (JMLR)},
  series = {Workshop and Conference Proceedings},
  title = {PASSCoDe: Parallel ASynchronous Stochastic dual Co-ordinate Descent},
  volume = {37},
  year = {2015}
}

@inproceedings{hallak2015offpolicy,
  address = {Lille, France},
  author = {Hallak, Assaf and Schnitzler, François and Mann, Timothy and Mannor, Shie},
  booktitle = {Proceedings of the 32nd International Conference on Machine Learning (ICML)},
  editor = {Bach, Francis R. and Blei, David M.},
  month = {July},
  note = {\url{http://proceedings.mlr.press/v37/hallak15.html}},
  openalex = {W1859820673},
  pages = {711--719},
  publisher = {JMLR.org},
  series = {Workshop and Conference Proceedings},
  title = {Off-policy Model-based Learning under Unknown Factored Dynamics},
  volume = {37},
  year = {2015}
}

@inproceedings{han2015consistent,
  address = {Lille, France},
  author = {Han, Qiuyi and Xu, Kevin S. and Airoldi, Edoardo M.},
  booktitle = {Proceedings of the 32nd International Conference on Machine Learning (ICML)},
  editor = {Bach, Francis R. and Blei, David M.},
  month = {July},
  note = {\url{http://proceedings.mlr.press/v37/hanb15.html}},
  openalex = {W2963784195},
  pages = {1511--1520},
  publisher = {JMLR.org},
  series = {Workshop and Conference Proceedings},
  title = {Consistent estimation of dynamic and multi-layer block models},
  year = {2015}
}

@inproceedings{han2015large,
  address = {Lille, France},
  author = {Han, In‐Su and Malioutov, Dmitry and Shin, Jinwoo},
  booktitle = {Proceedings of the 32nd International Conference on Machine Learning (ICML)},
  editor = {Bach, Francis R. and Blei, David M.},
  month = {July},
  note = {\url{http://proceedings.mlr.press/v37/hana15.html}},
  openalex = {W2952402828},
  pages = {908--917},
  publisher = {JMLR.org},
  series = {JMLR Workshop and Conference Proceedings},
  title = {Large-scale Log-determinant Computation through Stochastic Chebyshev Expansions},
  volume = {37},
  year = {2015}
}

@inproceedings{hayashi2015rebuilding,
  address = {Lille, France},
  author = {Hayashi, Kohei and Maeda, Shin‐ichi and Fujimaki, Ryohei},
  booktitle = {Proceedings of the 32nd International Conference on Machine Learning (ICML)},
  editor = {Bach, Francis R. and Blei, David M.},
  month = {July},
  note = {\url{http://proceedings.mlr.press/v37/hayashi15.html}},
  openalex = {W1957424940},
  pages = {1358--1366},
  publisher = {JMLR.org},
  series = {Workshop and Conference Proceedings},
  title = {Rebuilding Factorized Information Criterion: Asymptotically Accurate Marginal Likelihood},
  year = {2015}
}

@inproceedings{hazan2015classification,
  address = {Lille, France},
  author = {Hazan, Elad and Livni, Roi and Mansour, Yishay},
  booktitle = {Proceedings of the 32nd International Conference on Machine Learning (ICML)},
  editor = {Bach, Francis R. and Blei, David M.},
  month = {July},
  note = {\url{http://proceedings.mlr.press/v37/hazan15.html}},
  openalex = {W2139800297},
  pages = {257--266},
  publisher = {JMLR.org},
  series = {Workshop and Conference Proceedings},
  title = {Classification with Low Rank and Missing Data},
  volume = {37},
  year = {2015}
}

@inproceedings{he2015hawkes,
  address = {Lille, France},
  author = {He, Xinran and Rekatsinas, Theodoros and Foulds, James and Getoor, Lise and Liu, Yan},
  booktitle = {Proceedings of the 32nd International Conference on Machine Learning (ICML)},
  editor = {Bach, Francis R. and Blei, David M.},
  month = {July},
  note = {\url{http://proceedings.mlr.press/v37/he15.html}},
  openalex = {W1853781474},
  pages = {871--880},
  publisher = {JMLR.org},
  series = {JMLR Workshop and Conference Proceedings},
  title = {HawkesTopic: A Joint Model for Network Inference and Topic Modeling from Text-Based Cascades},
  volume = {37},
  year = {2015}
}

@inproceedings{hegde2015nearly,
  address = {Lille, France},
  author = {Hegde, Chinmay and Indyk, Piotr and Schmidt, Ludwig},
  booktitle = {Proceedings of the 32nd International Conference on Machine Learning (ICML)},
  editor = {Bach, Francis R. and Blei, David M.},
  month = {July},
  note = {\url{http://proceedings.mlr.press/v37/hegde15.html}},
  openalex = {W1826818071},
  pages = {928--937},
  publisher = {JMLR.org},
  series = {JMLR Workshop and Conference Proceedings},
  title = {A Nearly-Linear Time Framework for Graph-Structured Sparsity},
  volume = {37},
  year = {2015}
}

@inproceedings{heinrich2015fictitious,
  address = {Lille, France},
  author = {Heinrich, Johannes and Lanctot, Marc and Silver, David},
  booktitle = {Proceedings of the 32nd International Conference on Machine Learning (ICML)},
  editor = {Bach, Francis R. and Blei, David M.},
  month = {July},
  note = {\url{http://proceedings.mlr.press/v37/heinrich15.html}},
  openalex = {W2144274908},
  pages = {805--813},
  publisher = {JMLR.org},
  series = {JMLR Workshop and Conference Proceedings},
  title = {Fictitious Self-Play in Extensive-Form Games},
  volume = {37},
  year = {2015}
}

@inproceedings{hernandezlobato2015probabilistic,
  address = {Lille, France},
  author = {Hernández-Lobato, Daniel and Hernández-Lobato, José Miguel and Ghahramani, Zoubin},
  booktitle = {Proceedings of the 32nd International Conference on Machine Learning (ICML)},
  editor = {Bach, Francis R. and Blei, David M.},
  month = {July},
  note = {\url{http://proceedings.mlr.press/v37/hernandez-lobatoa15.html}},
  openalex = {W577139289},
  pages = {1073--1082},
  publisher = {JMLR.org},
  series = {JMLR Workshop and Conference Proceedings},
  title = {A Probabilistic Model for Dirty Multi-task Feature Selection},
  volume = {37},
  year = {2015}
}

@inproceedings{hernándezlobato2015predictive,
  address = {Lille, France},
  author = {Hernández-Lobato, José Miguel and Gelbart, Michael A. and Hoffman, Matthew D. and Adams, Ryan P. and Ghahramani, Zoubin},
  booktitle = {Proceedings of the 32nd International Conference on Machine Learning (ICML)},
  editor = {Bach, Francis R. and Blei, David M.},
  month = {July},
  note = {\url{http://proceedings.mlr.press/v37/hernandez-lobatob15.html}},
  openalex = {W2131792768},
  pages = {1699--1707},
  publisher = {Journal of Machine Learning Research (JMLR)},
  series = {Workshop and Conference Proceedings},
  title = {Predictive Entropy Search for Bayesian Optimization with Unknown Constraints},
  volume = {37},
  year = {2015}
}

@inproceedings{hernándezlobato2015probabilistic,
  address = {Lille, France},
  author = {Hernández-Lobato, José Miguel and Adams, Ryan P.},
  booktitle = {Proceedings of the 32nd International Conference on Machine Learning (ICML)},
  editor = {Bach, Francis R. and Blei, David M.},
  month = {July},
  note = {\url{http://proceedings.mlr.press/v37/hernandez-lobatoc15.html}},
  openalex = {W1719489212},
  pages = {1861--1869},
  publisher = {Journal of Machine Learning Research (JMLR)},
  series = {Workshop and Conference Proceedings},
  title = {Probabilistic Backpropagation for Scalable Learning of Bayesian Neural Networks},
  volume = {37},
  year = {2015}
}

@inproceedings{hoang2015unifying,
  address = {Lille, France},
  author = {Hoang, Trong Nghia and Hoang, Quang Minh and Low, Bryan Kian Hsiang},
  booktitle = {Proceedings of the 32nd International Conference on Machine Learning (ICML)},
  editor = {Bach, Francis R. and Blei, David M.},
  month = {July},
  note = {\url{http://proceedings.mlr.press/v37/hoang15.html}},
  openalex = {W1886178467},
  pages = {569--578},
  publisher = {JMLR.org},
  series = {Workshop and Conference Proceedings},
  title = {A Unifying Framework of Anytime Sparse Gaussian Process Regression Models with Stochastic Variational Inference for Big Data},
  volume = {37},
  year = {2015}
}

@inproceedings{hocking2015peakseg,
  address = {Lille, France},
  author = {Hocking, Toby and Rigaill, Guillem and Bourque, Guillaume},
  booktitle = {Proceedings of the 32nd International Conference on Machine Learning (ICML)},
  editor = {Bach, Francis R. and Blei, David M.},
  month = {July},
  note = {\url{http://proceedings.mlr.press/v37/hocking15.html}},
  openalex = {W1599201937},
  pages = {324--332},
  publisher = {JMLR.org},
  series = {Workshop and Conference Proceedings},
  title = {PeakSeg: constrained optimal segmentation and supervised penalty learning for peak detection in count data},
  volume = {37},
  year = {2015}
}

@inproceedings{hong2015online,
  address = {Lille, France},
  author = {Hong, Seunghoon and You, Tackgeun and Kwak, Suha and Han, Bohyung},
  booktitle = {Proceedings of the 32nd International Conference on Machine Learning (ICML)},
  editor = {Bach, Francis R. and Blei, David M.},
  month = {July},
  note = {\url{http://proceedings.mlr.press/v37/hong15.html}},
  openalex = {W2951157758},
  pages = {597--606},
  publisher = {JMLR.org},
  series = {Workshop and Conference Proceedings},
  title = {Online Tracking by Learning Discriminative Saliency Map with Convolutional Neural Network},
  volume = {37},
  year = {2015}
}

@inproceedings{hsieh2015pu,
  address = {Lille, France},
  author = {Hsieh, Cho‐Jui and Natarajan, Nagarajan and Dhillon, Inderjit S.},
  booktitle = {Proceedings of the 32nd International Conference on Machine Learning (ICML)},
  editor = {Bach, Francis R. and Blei, David M.},
  month = {July},
  note = {\url{http://proceedings.mlr.press/v37/hsiehb15.html}},
  openalex = {W1703735685},
  pages = {2445--2453},
  publisher = {Journal of Machine Learning Research (JMLR)},
  series = {Workshop and Conference Proceedings},
  title = {PU Learning for Matrix Completion},
  year = {2015}
}

@inproceedings{hu2015largescale,
  address = {Lille, France},
  author = {Hu, Zhiting and Ho, Qirong and Dubey, Avinava and Xing, Eric P.},
  booktitle = {Proceedings of the 32nd International Conference on Machine Learning (ICML)},
  editor = {Bach, Francis R. and Blei, David M.},
  month = {July},
  note = {\url{http://proceedings.mlr.press/v37/hu15.html}},
  openalex = {W1837107809},
  pages = {1651--1659},
  publisher = {Journal of Machine Learning Research (JMLR)},
  series = {Workshop and Conference Proceedings},
  title = {Large-scale Distributed Dependent Nonparametric Trees},
  volume = {37},
  year = {2015}
}

@inproceedings{huang2015deterministic,
  address = {Lille, France},
  author = {Huang, Ruitong and György, András and ri, Csaba Szepesv},
  booktitle = {Proceedings of the 32nd International Conference on Machine Learning (ICML)},
  editor = {Bach, Francis R. and Blei, David M.},
  month = {July},
  note = {\url{http://proceedings.mlr.press/v37/huangb15.html}},
  openalex = {W571574196},
  pages = {2521--2530},
  publisher = {Journal of Machine Learning Research (JMLR)},
  series = {Workshop and Conference Proceedings},
  title = {Deterministic Independent Component Analysis},
  year = {2015}
}

@inproceedings{huang2015logeuclidean,
  address = {Lille, France},
  author = {Huang, Zhiwu and Wang, Ruiping and Shan, Shiguang and Li, Xianqiu and Chen, Xilin},
  booktitle = {Proceedings of the 32nd International Conference on Machine Learning (ICML)},
  editor = {Bach, Francis R. and Blei, David M.},
  month = {July},
  note = {\url{http://proceedings.mlr.press/v37/huanga15.html}},
  openalex = {W566612420},
  pages = {720--729},
  publisher = {JMLR.org},
  series = {Workshop and Conference Proceedings},
  title = {Log-Euclidean Metric Learning on Symmetric Positive Definite Manifold with Application to Image Set Classification},
  volume = {37},
  year = {2015}
}

@inproceedings{huggins2015jumpmeans,
  address = {Lille, France},
  author = {Huggins, Jonathan H. and Narasimhan, Karthik and Saeedi, Ardavan and Mansinghka, Vikash K.},
  booktitle = {Proceedings of the 32nd International Conference on Machine Learning (ICML)},
  editor = {Bach, Francis R. and Blei, David M.},
  month = {July},
  note = {\url{http://proceedings.mlr.press/v37/hugginsa15.html}},
  openalex = {W1823267657},
  pages = {693--701},
  publisher = {JMLR.org},
  series = {Workshop and Conference Proceedings},
  title = {JUMP-Means: Small-Variance Asymptotics for Markov Jump Processes},
  volume = {37},
  year = {2015}
}

@inproceedings{huggins2015risk,
  address = {Lille, France},
  author = {Huggins, Jonathan H. and Tenenbaum, Joshua B.},
  booktitle = {Proceedings of the 32nd International Conference on Machine Learning (ICML)},
  editor = {Bach, Francis R. and Blei, David M.},
  month = {July},
  note = {\url{http://proceedings.mlr.press/v37/hugginsb15.html}},
  openalex = {W2950970083},
  pages = {1442--1451},
  publisher = {JMLR.org},
  series = {Workshop and Conference Proceedings},
  title = {Risk and Regret of Hierarchical Bayesian Learners},
  year = {2015}
}

@inproceedings{ioffe2015batch,
  address = {Lille, France},
  author = {Ioffe, Sergey and Szegedy, Christian},
  booktitle = {Proceedings of the 32nd International Conference on Machine Learning (ICML)},
  editor = {Bach, Francis R. and Blei, David M.},
  month = {July},
  note = {\url{http://proceedings.mlr.press/v37/ioffe15.html}},
  openalex = {W1836465849},
  pages = {448--456},
  publisher = {JMLR.org},
  series = {Workshop and Conference Proceedings},
  title = {Batch Normalization: Accelerating Deep Network Training by Reducing Internal Covariate Shift},
  volume = {37},
  year = {2015}
}

@inproceedings{izbicki2015faster,
  address = {Lille, France},
  author = {Izbicki, Mike and Shelton, Christian R.},
  booktitle = {Proceedings of the 32nd International Conference on Machine Learning (ICML)},
  editor = {Bach, Francis R. and Blei, David M.},
  month = {July},
  note = {\url{http://proceedings.mlr.press/v37/izbicki15.html}},
  openalex = {W1883134643},
  pages = {1162--1170},
  publisher = {JMLR.org},
  series = {JMLR Workshop and Conference Proceedings},
  title = {Faster cover trees},
  volume = {37},
  year = {2015}
}

@inproceedings{j2015empirical,
  address = {Lille, France},
  author = {Józefowicz, Rafał and Zaremba, Wojciech and Sutskever, Ilya},
  booktitle = {Proceedings of the 32nd International Conference on Machine Learning (ICML)},
  editor = {Bach, Francis R. and Blei, David M.},
  month = {July},
  note = {\url{http://proceedings.mlr.press/v37/jozefowicz15.html}},
  openalex = {W581956982},
  pages = {2342--2350},
  publisher = {Journal of Machine Learning Research (JMLR)},
  series = {Workshop and Conference Proceedings},
  title = {An Empirical Exploration of Recurrent Network Architectures},
  volume = {37},
  year = {2015}
}

@inproceedings{j2015fast,
  address = {Lille, France},
  author = {Jernite, Yacine and Rush, Alexander M. and Sontag, David},
  booktitle = {Proceedings of the 32nd International Conference on Machine Learning (ICML)},
  editor = {Bach, Francis R. and Blei, David M.},
  month = {July},
  note = {\url{http://proceedings.mlr.press/v37/jernite15.html}},
  openalex = {W1889945169},
  pages = {2209--2217},
  publisher = {Journal of Machine Learning Research (JMLR)},
  series = {Workshop and Conference Proceedings},
  title = {A Fast Variational Approach for Learning Markov Random Field Language Models},
  volume = {37},
  year = {2015}
}

@inproceedings{jewell2015atomic,
  address = {Lille, France},
  author = {Jewell, Sean and Spencer, Neil A. and t, Alexandre Bouchard-C},
  booktitle = {Proceedings of the 32nd International Conference on Machine Learning (ICML)},
  editor = {Bach, Francis R. and Blei, David M.},
  month = {July},
  note = {\url{http://proceedings.mlr.press/v37/jewell15.html}},
  openalex = {W1865403236},
  pages = {248--256},
  publisher = {JMLR.org},
  series = {Workshop and Conference Proceedings},
  title = {Atomic Spatial Processes},
  volume = {37},
  year = {2015}
}

@inproceedings{jiang2015abstraction,
  address = {Lille, France},
  author = {Jiang, Nan and Kulesza, Alex and Singh, Satinder},
  booktitle = {Proceedings of the 32nd International Conference on Machine Learning (ICML)},
  editor = {Bach, Francis R. and Blei, David M.},
  month = {July},
  note = {\url{http://proceedings.mlr.press/v37/jiang15.html}},
  openalex = {W1844343792},
  pages = {179--188},
  publisher = {JMLR.org},
  series = {Workshop and Conference Proceedings},
  title = {Abstraction Selection in Model-based Reinforcement Learning},
  volume = {37},
  year = {2015}
}

@inproceedings{jiao2015kendall,
  address = {Lille, France},
  author = {Jiao, Yunlong and Vert, Jean‐Philippe},
  booktitle = {Proceedings of the 32nd International Conference on Machine Learning (ICML)},
  editor = {Bach, Francis R. and Blei, David M.},
  month = {July},
  note = {\url{http://proceedings.mlr.press/v37/jiao15.html}},
  openalex = {W2762355386},
  pages = {1935--1944},
  publisher = {Journal of Machine Learning Research (JMLR)},
  series = {Workshop and Conference Proceedings},
  title = {The Kendall and Mallows Kernels for Permutations},
  volume = {37},
  year = {2015}
}

@inproceedings{johnson2015blitz,
  address = {Lille, France},
  author = {Johnson, Tyler and Guestrin, Carlos},
  booktitle = {Proceedings of the 32nd International Conference on Machine Learning (ICML)},
  editor = {Bach, Francis R. and Blei, David M.},
  month = {July},
  note = {\url{http://proceedings.mlr.press/v37/johnson15.html}},
  openalex = {W1578527825},
  pages = {1171--1179},
  publisher = {JMLR.org},
  series = {JMLR Workshop and Conference Proceedings},
  title = {Blitz: A Principled Meta-Algorithm for Scaling Sparse Optimization},
  volume = {37},
  year = {2015}
}

@inproceedings{k2015asymmetric,
  address = {Lille, France},
  author = {Kandemir, Melih},
  booktitle = {Proceedings of the 32nd International Conference on Machine Learning (ICML)},
  editor = {Bach, Francis R. and Blei, David M.},
  month = {July},
  note = {\url{http://proceedings.mlr.press/v37/kandemir15.html}},
  openalex = {W1869602175},
  pages = {730--738},
  publisher = {JMLR.org},
  series = {Workshop and Conference Proceedings},
  title = {Asymmetric Transfer Learning with Deep Gaussian Processes},
  volume = {37},
  year = {2015}
}

@inproceedings{k2015high,
  address = {Lille, France},
  author = {Kandasamy, Kirthevasan and Schneider, Jeff and Póczos, Barnabás},
  booktitle = {Proceedings of the 32nd International Conference on Machine Learning (ICML)},
  editor = {Bach, Francis R. and Blei, David M.},
  month = {July},
  note = {\url{http://proceedings.mlr.press/v37/kandasamy15.html}},
  openalex = {W2139805416},
  pages = {295--304},
  publisher = {JMLR.org},
  series = {Workshop and Conference Proceedings},
  title = {High Dimensional Bayesian Optimisation and Bandits via Additive Models},
  volume = {37},
  year = {2015}
}

@inproceedings{kairouz2015composition,
  address = {Lille, France},
  author = {Kairouz, Peter and Oh, Sewoong and Viswanath, Pramod},
  booktitle = {Proceedings of the 32nd International Conference on Machine Learning (ICML)},
  editor = {Bach, Francis R. and Blei, David M.},
  month = {July},
  note = {\url{http://proceedings.mlr.press/v37/kairouz15.html}},
  openalex = {W2963062476},
  pages = {1376--1385},
  publisher = {JMLR.org},
  series = {Workshop and Conference Proceedings},
  title = {The Composition Theorem for Differential Privacy},
  year = {2015}
}

@inproceedings{kar2015surrogate,
  address = {Lille, France},
  author = {Kar, Purushottam and Narasimhan, Harikrishna and Jain, Prateek},
  booktitle = {Proceedings of the 32nd International Conference on Machine Learning (ICML)},
  editor = {Bach, Francis R. and Blei, David M.},
  month = {July},
  note = {\url{http://proceedings.mlr.press/v37/kar15.html}},
  openalex = {W1876088969},
  pages = {189--198},
  publisher = {JMLR.org},
  series = {Workshop and Conference Proceedings},
  title = {Surrogate Functions for Maximizing Precision at the Top},
  volume = {37},
  year = {2015}
}

@inproceedings{kim2015manifold,
  address = {Lille, France},
  author = {Kim, Hyunwoo J. and Xu, Jia and Vemuri, Baba C. and Singh, Vikas},
  booktitle = {Proceedings of the 32nd International Conference on Machine Learning (ICML)},
  editor = {Bach, Francis R. and Blei, David M.},
  month = {July},
  note = {\url{http://proceedings.mlr.press/v37/kim15.html}},
  pages = {1199--1208},
  publisher = {JMLR.org},
  series = {Workshop and Conference Proceedings},
  title = {Manifold-Valued Dirichlet Processes},
  year = {2015}
}

@inproceedings{komiyama2015optimal,
  address = {Lille, France},
  author = {Komiyama, Junpei and Honda, Junya and Nakagawa, Hiroshi},
  booktitle = {Proceedings of the 32nd International Conference on Machine Learning (ICML)},
  editor = {Bach, Francis R. and Blei, David M.},
  month = {July},
  note = {\url{http://proceedings.mlr.press/v37/komiyama15.html}},
  openalex = {W2964125852},
  pages = {1152--1161},
  publisher = {JMLR.org},
  series = {JMLR Workshop and Conference Proceedings},
  title = {Optimal Regret Analysis of Thompson Sampling in Stochastic Multi-armed Bandit Problem with Multiple Plays},
  volume = {37},
  year = {2015}
}

@inproceedings{korda2015on,
  address = {Lille, France},
  author = {Korda, Nathaniel and La, Prashanth},
  booktitle = {Proceedings of the 32nd International Conference on Machine Learning (ICML)},
  editor = {Bach, Francis R. and Blei, David M.},
  month = {July},
  note = {\url{http://proceedings.mlr.press/v37/korda15.html}},
  openalex = {W2963472288},
  pages = {626--634},
  publisher = {JMLR.org},
  series = {Workshop and Conference Proceedings},
  title = {On TD(0) with function approximation: Concentration bounds and a centered variant with exponential convergence},
  volume = {37},
  year = {2015}
}

@inproceedings{krichene2015hedge,
  address = {Lille, France},
  author = {Krichene, Walid and Balandat, Maximilian and Tomlin, Claire J. and Bayen, Alexandre M.},
  booktitle = {Proceedings of the 32nd International Conference on Machine Learning (ICML)},
  editor = {Bach, Francis R. and Blei, David M.},
  month = {July},
  note = {\url{http://proceedings.mlr.press/v37/krichene15.html}},
  openalex = {W1860298838},
  pages = {824--832},
  publisher = {JMLR.org},
  series = {JMLR Workshop and Conference Proceedings},
  title = {The Hedge Algorithm on a Continuum},
  volume = {37},
  year = {2015}
}

@inproceedings{kukliansky2015attribute,
  address = {Lille, France},
  author = {Kukliansky, Doron and Shamir, Ohad},
  booktitle = {Proceedings of the 32nd International Conference on Machine Learning (ICML)},
  editor = {Bach, Francis R. and Blei, David M.},
  month = {July},
  note = {\url{http://proceedings.mlr.press/v37/kukliansky15.html}},
  openalex = {W1677263269},
  pages = {153--161},
  publisher = {JMLR.org},
  series = {Workshop and Conference Proceedings},
  title = {Attribute Efficient Linear Regression with Distribution-Dependent Sampling},
  volume = {37},
  year = {2015}
}

@inproceedings{kusner2015differentially,
  address = {Lille, France},
  author = {Kusner, Matt J. and Gardner, Jacob R. and Garnett, Roman and Weinberger, Kilian Q.},
  booktitle = {Proceedings of the 32nd International Conference on Machine Learning (ICML)},
  editor = {Bach, Francis R. and Blei, David M.},
  month = {July},
  note = {\url{http://proceedings.mlr.press/v37/kusnera15.html}},
  openalex = {W1535019556},
  pages = {918--927},
  publisher = {JMLR.org},
  series = {JMLR Workshop and Conference Proceedings},
  title = {Differentially Private Bayesian Optimization},
  volume = {37},
  year = {2015}
}

@inproceedings{kusner2015from,
  address = {Lille, France},
  author = {Kusner, Matt J. and Sun, Yu and Kolkin, Nicholas and Weinberger, Kilian Q.},
  booktitle = {Proceedings of the 32nd International Conference on Machine Learning (ICML)},
  editor = {Bach, Francis R. and Blei, David M.},
  month = {July},
  note = {\url{http://proceedings.mlr.press/v37/kusnerb15.html}},
  openalex = {W658020064},
  pages = {957--966},
  publisher = {JMLR.org},
  series = {JMLR Workshop and Conference Proceedings},
  title = {From Word Embeddings To Document Distances},
  volume = {37},
  year = {2015}
}

@inproceedings{kveton2015cascading,
  address = {Lille, France},
  author = {Kveton, Branislav and Szepesvári, Csaba and Wen, Zheng and Ashkan, Azin},
  booktitle = {Proceedings of the 32nd International Conference on Machine Learning (ICML)},
  editor = {Bach, Francis R. and Blei, David M.},
  month = {July},
  note = {\url{http://proceedings.mlr.press/v37/kveton15.html}},
  openalex = {W1900560890},
  pages = {767--776},
  publisher = {JMLR.org},
  series = {Workshop and Conference Proceedings},
  title = {Cascading Bandits: Learning to Rank in the Cascade Model},
  volume = {37},
  year = {2015}
}

@inproceedings{l2015entropic,
  address = {Lille, France},
  author = {Libbrecht, Maxwell W. and Hoffman, Michael M. and Bilmes, Jeff and Noble, William Stafford},
  booktitle = {Proceedings of the 32nd International Conference on Machine Learning (ICML)},
  editor = {Bach, Francis R. and Blei, David M.},
  month = {July},
  note = {\url{http://proceedings.mlr.press/v37/libbrecht15.html}},
  openalex = {W2131539061},
  pages = {1992--2001},
  publisher = {Journal of Machine Learning Research (JMLR)},
  series = {Workshop and Conference Proceedings},
  title = {Entropic Graph-based Posterior Regularization},
  volume = {37},
  year = {2015}
}

@inproceedings{l2015multitask,
  address = {Lille, France},
  author = {Lian, Wenzhao and Henao, Ricardo and Rao, Vinayak and Lucas, Joseph E. and Carin, Lawrence},
  booktitle = {Proceedings of the 32nd International Conference on Machine Learning (ICML)},
  editor = {Bach, Francis R. and Blei, David M.},
  month = {July},
  note = {\url{http://proceedings.mlr.press/v37/lian15.html}},
  openalex = {W2165291667},
  pages = {2030--2038},
  publisher = {Journal of Machine Learning Research (JMLR)},
  series = {Workshop and Conference Proceedings},
  title = {A Multitask Point Process Predictive Model},
  volume = {37},
  year = {2015}
}

@inproceedings{l2015phrase,
  address = {Lille, France},
  author = {Lebret, Rémi and Pinheiro, Pedro O. and Collobert, Ronan},
  booktitle = {Proceedings of the 32nd International Conference on Machine Learning (ICML)},
  editor = {Bach, Francis R. and Blei, David M.},
  month = {July},
  note = {\url{http://proceedings.mlr.press/v37/lebret15.html}},
  openalex = {W2949447259},
  pages = {2085--2094},
  publisher = {Journal of Machine Learning Research (JMLR)},
  series = {Workshop and Conference Proceedings},
  title = {Phrase-based Image Captioning},
  volume = {37},
  year = {2015}
}

@inproceedings{l2015unsupervised,
  address = {Lille, France},
  author = {Le, Tam and Cuturi, Marco},
  booktitle = {Proceedings of the 32nd International Conference on Machine Learning (ICML)},
  editor = {Bach, Francis R. and Blei, David M.},
  month = {July},
  note = {\url{http://proceedings.mlr.press/v37/le15.html}},
  openalex = {W1872721118},
  pages = {2002--2011},
  publisher = {Journal of Machine Learning Research (JMLR)},
  series = {Workshop and Conference Proceedings},
  title = {Unsupervised Riemannian Metric Learning for Histograms Using Aitchison Transformations},
  volume = {37},
  year = {2015}
}

@inproceedings{lakshmanan2015improved,
  address = {Lille, France},
  author = {Lakshmanan, K. and Ortner, Ronald and Ryabko, Daniil},
  booktitle = {Proceedings of the 32nd International Conference on Machine Learning (ICML)},
  editor = {Bach, Francis R. and Blei, David M.},
  month = {July},
  note = {\url{http://proceedings.mlr.press/v37/lakshmanan15.html}},
  openalex = {W1701974503},
  pages = {524--532},
  publisher = {JMLR.org},
  series = {Workshop and Conference Proceedings},
  title = {Improved Regret Bounds for Undiscounted Continuous Reinforcement Learning},
  volume = {37},
  year = {2015}
}

@inproceedings{lee2015boosted,
  address = {Lille, France},
  author = {Lee, Taehoon and Yoon, Sungroh},
  booktitle = {Proceedings of the 32nd International Conference on Machine Learning (ICML)},
  editor = {Bach, Francis R. and Blei, David M.},
  month = {July},
  note = {\url{http://proceedings.mlr.press/v37/leeb15.html}},
  openalex = {W1841068694},
  pages = {2483--2492},
  publisher = {Journal of Machine Learning Research (JMLR)},
  series = {Workshop and Conference Proceedings},
  title = {Boosted Categorical Restricted Boltzmann Machine for Computational Prediction of Splice Junctions},
  year = {2015}
}

@inproceedings{lee2015distributed,
  address = {Lille, France},
  author = {Lee, Ching-pei and Roth, Dan},
  booktitle = {Proceedings of the 32nd International Conference on Machine Learning (ICML)},
  editor = {Bach, Francis R. and Blei, David M.},
  month = {July},
  note = {\url{http://proceedings.mlr.press/v37/leea15.html}},
  openalex = {W1842705303},
  pages = {987--996},
  publisher = {JMLR.org},
  series = {JMLR Workshop and Conference Proceedings},
  title = {Distributed Box-Constrained Quadratic Optimization for Dual Linear SVM},
  volume = {37},
  year = {2015}
}

@inproceedings{leng2015hashing,
  address = {Lille, France},
  author = {Leng, Cong and Wu, Jiaxiang and Cheng, Jian and Zhang, Xi and Lu, Hanqing},
  booktitle = {Proceedings of the 32nd International Conference on Machine Learning (ICML)},
  editor = {Bach, Francis R. and Blei, David M.},
  month = {July},
  note = {\url{http://proceedings.mlr.press/v37/leng15.html}},
  openalex = {W1922778857},
  pages = {1642--1650},
  publisher = {Journal of Machine Learning Research (JMLR)},
  series = {Workshop and Conference Proceedings},
  title = {Hashing for Distributed Data},
  volume = {37},
  year = {2015}
}

@inproceedings{lesner2015nonstationary,
  address = {Lille, France},
  author = {Lesner, Boris and Scherrer, Bruno},
  booktitle = {Proceedings of the 32nd International Conference on Machine Learning (ICML)},
  editor = {Bach, Francis R. and Blei, David M.},
  month = {July},
  note = {\url{http://proceedings.mlr.press/v37/lesner15.html}},
  openalex = {W1837062119},
  pages = {1567--1575},
  publisher = {JMLR.org},
  series = {Workshop and Conference Proceedings},
  title = {Non-stationary approximate modified policy iteration},
  year = {2015}
}

@inproceedings{li2015generative,
  address = {Lille, France},
  author = {Li, Yujia and Swersky, Kevin and Zemel, Richard S.},
  booktitle = {Proceedings of the 32nd International Conference on Machine Learning (ICML)},
  editor = {Bach, Francis R. and Blei, David M.},
  month = {July},
  note = {\url{http://proceedings.mlr.press/v37/li15.html}},
  openalex = {W2950292946},
  pages = {1718--1727},
  publisher = {Journal of Machine Learning Research (JMLR)},
  series = {Workshop and Conference Proceedings},
  title = {Generative Moment Matching Networks},
  volume = {37},
  year = {2015}
}

@inproceedings{liang2015landmarking,
  address = {Lille, France},
  author = {Liang, Dawen and Paisley, John},
  booktitle = {Proceedings of the 32nd International Conference on Machine Learning (ICML)},
  editor = {Bach, Francis R. and Blei, David M.},
  month = {July},
  note = {\url{http://proceedings.mlr.press/v37/liang15.html}},
  openalex = {W1879053045},
  pages = {466--474},
  publisher = {JMLR.org},
  series = {Workshop and Conference Proceedings},
  title = {Landmarking Manifolds with Gaussian Processes},
  volume = {37},
  year = {2015}
}

@inproceedings{lim2015convex,
  address = {Lille, France},
  author = {Lim, Shiau Hong and Chen, Yudong and Xu, Huan},
  booktitle = {Proceedings of the 32nd International Conference on Machine Learning (ICML)},
  editor = {Bach, Francis R. and Blei, David M.},
  month = {July},
  note = {\url{http://proceedings.mlr.press/v37/limb15.html}},
  openalex = {W1815390093},
  pages = {1679--1688},
  publisher = {Journal of Machine Learning Research (JMLR)},
  series = {Workshop and Conference Proceedings},
  title = {A Convex Optimization Framework for Bi-Clustering},
  volume = {37},
  year = {2015}
}

@inproceedings{lim2015double,
  address = {Lille, France},
  author = {Lim, Woosang and Kim, Minhwan and Park, Haesun and Jung, Kyomin},
  booktitle = {Proceedings of the 32nd International Conference on Machine Learning (ICML)},
  editor = {Bach, Francis R. and Blei, David M.},
  month = {July},
  note = {\url{http://proceedings.mlr.press/v37/lima15.html}},
  pages = {1367--1375},
  publisher = {JMLR.org},
  series = {Workshop and Conference Proceedings},
  title = {Double Nyström Method: An Efficient and Accurate Nyström Scheme for Large-Scale Data Sets},
  year = {2015}
}

@inproceedings{liu2015bipartite,
  address = {Lille, France},
  author = {Liu, Hanxiao and Yang, Yiming},
  booktitle = {Proceedings of the 32nd International Conference on Machine Learning (ICML)},
  editor = {Bach, Francis R. and Blei, David M.},
  month = {July},
  note = {\url{http://proceedings.mlr.press/v37/liuc15.html}},
  openalex = {W1854251030},
  pages = {1880--1888},
  publisher = {Journal of Machine Learning Research (JMLR)},
  series = {Workshop and Conference Proceedings},
  title = {Bipartite Edge Prediction via Transductive Learning over Product Graphs},
  volume = {37},
  year = {2015}
}

@inproceedings{liuc2015scalable,
  address = {Lille, France},
  author = {Liu, Chunchen and Feng, Lu and Fujimaki, Ryohei and Muraoka, Yusuke},
  booktitle = {Proceedings of the 32nd International Conference on Machine Learning (ICML)},
  editor = {Bach, Francis R. and Blei, David M.},
  month = {July},
  note = {\url{http://proceedings.mlr.press/v37/liub15.html}},
  pages = {1227--1235},
  publisher = {JMLR.org},
  series = {Workshop and Conference Proceedings},
  title = {Scalable Model Selection for Large-Scale Factorial Relational Models},
  year = {2015}
}

@inproceedings{liuyf2015nonlinear,
  address = {Lille, France},
  author = {Liu, Yan-Fu and Hsu, Cheng-Yu and Wu, Shan-Hung},
  booktitle = {Proceedings of the 32nd International Conference on Machine Learning (ICML)},
  editor = {Bach, Francis R. and Blei, David M.},
  month = {July},
  note = {\url{http://proceedings.mlr.press/v37/liua15.html}},
  openalex = {W1956916606},
  pages = {1190--1198},
  publisher = {JMLR.org},
  series = {Workshop and Conference Proceedings},
  title = {Non-Linear Cross-Domain Collaborative Filtering via Hyper-Structure Transfer},
  year = {2015}
}

@inproceedings{lloyd2015variational,
  address = {Lille, France},
  author = {Lloyd, Chris and Gunter, Tom and Osborne, Michael A. and Roberts, Stephen},
  booktitle = {Proceedings of the 32nd International Conference on Machine Learning (ICML)},
  editor = {Bach, Francis R. and Blei, David M.},
  month = {July},
  note = {\url{http://proceedings.mlr.press/v37/lloyd15.html}},
  openalex = {W2162596909},
  pages = {1814--1822},
  publisher = {Journal of Machine Learning Research (JMLR)},
  series = {Workshop and Conference Proceedings},
  title = {Variational Inference for Gaussian Process Modulated Poisson Processes},
  volume = {37},
  year = {2015}
}

@inproceedings{london2015benefits,
  address = {Lille, France},
  author = {London, Ben and Huang, Bert and Getoor, Lise},
  booktitle = {Proceedings of the 32nd International Conference on Machine Learning (ICML)},
  editor = {Bach, Francis R. and Blei, David M.},
  month = {July},
  note = {\url{http://proceedings.mlr.press/v37/london15.html}},
  openalex = {W1910644077},
  pages = {410--418},
  publisher = {JMLR.org},
  series = {Workshop and Conference Proceedings},
  title = {The Benefits of Learning with Strongly Convex Approximate Inference},
  volume = {37},
  year = {2015}
}

@inproceedings{long2015learning,
  address = {Lille, France},
  author = {Long, Mingsheng and Cao, Yue and Wang, Jianmin and Jordan, Michael I.},
  booktitle = {Proceedings of the 32nd International Conference on Machine Learning (ICML)},
  editor = {Bach, Francis R. and Blei, David M.},
  month = {July},
  note = {\url{http://proceedings.mlr.press/v37/long15.html}},
  openalex = {W2159291411},
  pages = {97--105},
  publisher = {JMLR.org},
  series = {Workshop and Conference Proceedings},
  title = {Learning Transferable Features with Deep Adaptation Networks},
  volume = {37},
  year = {2015}
}

@inproceedings{lopezpaz2015learning,
  address = {Lille, France},
  author = {López-Paz, David and Muandet, Krikamol and lkopf, Bernhard Sch and Tolstikhin, Iliya},
  booktitle = {Proceedings of the 32nd International Conference on Machine Learning (ICML)},
  editor = {Bach, Francis R. and Blei, David M.},
  month = {July},
  note = {\url{http://proceedings.mlr.press/v37/lopez-paz15.html}},
  openalex = {W2963084105},
  pages = {1452--1461},
  publisher = {JMLR.org},
  series = {Workshop and Conference Proceedings},
  title = {Towards a Learning Theory of Cause-Effect Inference},
  year = {2015}
}

@inproceedings{luo2015support,
  address = {Lille, France},
  author = {Luo, Luo and Xie, Yubo and Zhang, Zhihua and Li, Wu-Jun},
  booktitle = {Proceedings of the 32nd International Conference on Machine Learning (ICML)},
  editor = {Bach, Francis R. and Blei, David M.},
  month = {July},
  note = {\url{http://proceedings.mlr.press/v37/luo15.html}},
  openalex = {W2132380474},
  pages = {938--947},
  publisher = {JMLR.org},
  series = {JMLR Workshop and Conference Proceedings},
  title = {Support Matrix Machines},
  volume = {37},
  year = {2015}
}

@inproceedings{m2015adding,
  address = {Lille, France},
  author = {Ma, Chenxin and Smith, Virginia and Jaggi, Martin and Jordan, Michael I. and Richtárik, Peter and Takáč, Martin},
  booktitle = {Proceedings of the 32nd International Conference on Machine Learning (ICML)},
  editor = {Bach, Francis R. and Blei, David M.},
  month = {July},
  note = {\url{http://proceedings.mlr.press/v37/mab15.html}},
  openalex = {W1946315329},
  pages = {1973--1982},
  publisher = {Journal of Machine Learning Research (JMLR)},
  series = {Workshop and Conference Proceedings},
  title = {Adding vs. Averaging in Distributed Primal-Dual Optimization},
  volume = {37},
  year = {2015}
}

@inproceedings{m2015gradient,
  address = {Lille, France},
  author = {Maclaurin, Dougal and Duvenaud, David and Adams, Ryan P.},
  booktitle = {Proceedings of the 32nd International Conference on Machine Learning (ICML)},
  editor = {Bach, Francis R. and Blei, David M.},
  month = {July},
  note = {\url{http://proceedings.mlr.press/v37/maclaurin15.html}},
  openalex = {W1868018859},
  pages = {2113--2122},
  publisher = {Journal of Machine Learning Research (JMLR)},
  series = {Workshop and Conference Proceedings},
  title = {Gradient-based Hyperparameter Optimization through Reversible Learning},
  volume = {37},
  year = {2015}
}

@inproceedings{ma2015finding,
  address = {Lille, France},
  author = {Ma, Zhuang and Lu, Yichao and Foster, Dean P.},
  booktitle = {Proceedings of the 32nd International Conference on Machine Learning (ICML)},
  editor = {Bach, Francis R. and Blei, David M.},
  month = {July},
  note = {\url{http://proceedings.mlr.press/v37/maa15.html}},
  openalex = {W1853881680},
  pages = {169--178},
  publisher = {JMLR.org},
  series = {Workshop and Conference Proceedings},
  title = {Finding Linear Structure in Large Datasets with Scalable Canonical Correlation Analysis},
  volume = {37},
  year = {2015}
}

@inproceedings{macdonald2015controversy,
  address = {Lille, France},
  author = {Macdonald, Benn and Higham, Catherine F. and Husmeier, Dirk},
  booktitle = {Proceedings of the 32nd International Conference on Machine Learning (ICML)},
  editor = {Bach, Francis R. and Blei, David M.},
  month = {July},
  note = {\url{http://proceedings.mlr.press/v37/macdonald15.html}},
  openalex = {W1844625739},
  pages = {1539--1547},
  publisher = {JMLR.org},
  series = {Workshop and Conference Proceedings},
  title = {Controversy in mechanistic modelling with Gaussian processes},
  year = {2015}
}

@inproceedings{maehara2015budget,
  address = {Lille, France},
  author = {Maehara, Takanori and Yabe, Akihiro and Kawarabayashi, Ken‐ichi},
  booktitle = {Proceedings of the 32nd International Conference on Machine Learning (ICML)},
  editor = {Bach, Francis R. and Blei, David M.},
  month = {July},
  note = {\url{http://proceedings.mlr.press/v37/maehara15.html}},
  openalex = {W1926415857},
  pages = {428--437},
  publisher = {JMLR.org},
  series = {Workshop and Conference Proceedings},
  title = {Budget Allocation Problem with Multiple Advertisers: A Game Theoretic View},
  volume = {37},
  year = {2015}
}

@inproceedings{manoel2015swept,
  address = {Lille, France},
  author = {Manoel, Andre and Krza̧kała, Florent and Tramel, Eric W. and Zdeborová, Lenka},
  booktitle = {Proceedings of the 32nd International Conference on Machine Learning (ICML)},
  editor = {Bach, Francis R. and Blei, David M.},
  month = {July},
  note = {\url{http://proceedings.mlr.press/v37/manoel15.html}},
  openalex = {W1855388283},
  pages = {1123--1132},
  publisher = {JMLR.org},
  series = {JMLR Workshop and Conference Proceedings},
  title = {Swept Approximate Message Passing for Sparse Estimation},
  volume = {37},
  year = {2015}
}

@inproceedings{mariet2015fixedpoint,
  address = {Lille, France},
  author = {Mariet, Zelda and Sra, Suvrit},
  booktitle = {Proceedings of the 32nd International Conference on Machine Learning (ICML)},
  editor = {Bach, Francis R. and Blei, David M.},
  month = {July},
  note = {\url{http://proceedings.mlr.press/v37/mariet15.html}},
  openalex = {W1939260575},
  pages = {2389--2397},
  publisher = {Journal of Machine Learning Research (JMLR)},
  series = {Workshop and Conference Proceedings},
  title = {Fixed-point algorithms for learning determinantal point processes},
  year = {2015}
}

@inproceedings{martens2015optimizing,
  address = {Lille, France},
  author = {Martens, James and Grosse, Roger},
  booktitle = {Proceedings of the 32nd International Conference on Machine Learning (ICML)},
  editor = {Bach, Francis R. and Blei, David M.},
  month = {July},
  note = {\url{http://proceedings.mlr.press/v37/martens15.html}},
  openalex = {W2155894447},
  pages = {2408--2417},
  publisher = {Journal of Machine Learning Research (JMLR)},
  series = {Workshop and Conference Proceedings},
  title = {Optimizing Neural Networks with Kronecker-factored Approximate Curvature},
  year = {2015}
}

@inproceedings{menon2015learning,
  address = {Lille, France},
  author = {Menon, Aditya Krishna and Rooyen, Brendan van and Ong, Cheng Soon and Williamson, Bob},
  booktitle = {Proceedings of the 32nd International Conference on Machine Learning (ICML)},
  editor = {Bach, Francis R. and Blei, David M.},
  month = {July},
  note = {\url{http://proceedings.mlr.press/v37/menon15.html}},
  openalex = {W1866935739},
  pages = {125--134},
  publisher = {JMLR.org},
  series = {Workshop and Conference Proceedings},
  title = {Learning from Corrupted Binary Labels via Class-Probability Estimation},
  volume = {37},
  year = {2015}
}

@inproceedings{miyauchi2015threshold,
  address = {Lille, France},
  author = {Miyauchi, Atsushi and Iwamasa, Yuni and Fukunaga, T. and Kakimura, Naonori},
  booktitle = {Proceedings of the 32nd International Conference on Machine Learning (ICML)},
  editor = {Bach, Francis R. and Blei, David M.},
  month = {July},
  note = {\url{http://proceedings.mlr.press/v37/miyauchi15.html}},
  openalex = {W1944269837},
  pages = {1395--1404},
  publisher = {JMLR.org},
  series = {Workshop and Conference Proceedings},
  title = {Threshold Influence Model for Allocating Advertising Budgets},
  year = {2015}
}

@inproceedings{n2015feature,
  address = {Lille, France},
  author = {Nan, Feng and Wang, Joseph and Saligrama, Venkatesh},
  booktitle = {Proceedings of the 32nd International Conference on Machine Learning (ICML)},
  editor = {Bach, Francis R. and Blei, David M.},
  month = {July},
  note = {\url{http://proceedings.mlr.press/v37/nan15.html}},
  pages = {1983--1991},
  publisher = {Journal of Machine Learning Research (JMLR)},
  series = {Workshop and Conference Proceedings},
  title = {Feature-Budgeted Random Forest},
  volume = {37},
  year = {2015}
}

@inproceedings{naesseth2015nested,
  address = {Lille, France},
  author = {Naesseth, Christian A. and Lindsten, Fredrik and Schön, Thomas B.},
  booktitle = {Proceedings of the 32nd International Conference on Machine Learning (ICML)},
  editor = {Bach, Francis R. and Blei, David M.},
  month = {July},
  note = {\url{http://proceedings.mlr.press/v37/naesseth15.html}},
  openalex = {W1918409140},
  pages = {1292--1301},
  publisher = {JMLR.org},
  series = {Workshop and Conference Proceedings},
  title = {Nested Sequential Monte Carlo Methods},
  year = {2015}
}

@inproceedings{narasimhan2015consistent,
  address = {Lille, France},
  author = {Narasimhan, Harikrishna and Ramaswamy, Harish G. and Saha, Aadirupa and Agarwal, Shivani},
  booktitle = {Proceedings of the 32nd International Conference on Machine Learning (ICML)},
  editor = {Bach, Francis R. and Blei, David M.},
  month = {July},
  note = {\url{http://proceedings.mlr.press/v37/narasimhanb15.html}},
  openalex = {W1850680945},
  pages = {2398--2407},
  publisher = {Journal of Machine Learning Research (JMLR)},
  series = {Workshop and Conference Proceedings},
  title = {Consistent Multiclass Algorithms for Complex Performance Measures},
  year = {2015}
}

@inproceedings{narasimhan2015optimizing,
  address = {Lille, France},
  author = {Narasimhan, Harikrishna and Kar, Purushottam and Jain, Prateek},
  booktitle = {Proceedings of the 32nd International Conference on Machine Learning (ICML)},
  editor = {Bach, Francis R. and Blei, David M.},
  month = {July},
  note = {\url{http://proceedings.mlr.press/v37/narasimhana15.html}},
  openalex = {W1883843207},
  pages = {199--208},
  publisher = {JMLR.org},
  series = {Workshop and Conference Proceedings},
  title = {Optimizing Non-decomposable Performance Measures: A Tale of Two Classes},
  volume = {37},
  year = {2015}
}

@inproceedings{narayan2015alpha,
  address = {Lille, France},
  author = {Narayan, Karthik and Punjani, Ali and Abbeel, Pieter},
  booktitle = {Proceedings of the 32nd International Conference on Machine Learning (ICML)},
  editor = {Bach, Francis R. and Blei, David M.},
  month = {July},
  note = {\url{http://proceedings.mlr.press/v37/narayan15.html}},
  openalex = {W1498573925},
  pages = {796--804},
  publisher = {JMLR.org},
  series = {JMLR Workshop and Conference Proceedings},
  title = {Alpha-Beta Divergences Discover Micro and Macro Structures in Data},
  volume = {37},
  year = {2015}
}

@inproceedings{neyshabur2015on,
  address = {Lille, France},
  author = {Neyshabur, Behnam and Srebro, Nathan},
  booktitle = {Proceedings of the 32nd International Conference on Machine Learning (ICML)},
  editor = {Bach, Francis R. and Blei, David M.},
  month = {July},
  note = {\url{http://proceedings.mlr.press/v37/neyshabur15.html}},
  openalex = {W2962863202},
  pages = {1926--1934},
  publisher = {Journal of Machine Learning Research (JMLR)},
  series = {Workshop and Conference Proceedings},
  title = {On Symmetric and Asymmetric LSHs for Inner Product Search},
  volume = {37},
  year = {2015}
}

@inproceedings{nishihara2015general,
  address = {Lille, France},
  author = {Nishihara, Robert and Lessard, Laurent and Recht, Benjamin and Packard, Andrew and Jordan, Michael I.},
  booktitle = {Proceedings of the 32nd International Conference on Machine Learning (ICML)},
  editor = {Bach, Francis R. and Blei, David M.},
  month = {July},
  note = {\url{http://proceedings.mlr.press/v37/nishihara15.html}},
  openalex = {W1922736325},
  pages = {343--352},
  publisher = {JMLR.org},
  series = {Workshop and Conference Proceedings},
  title = {A General Analysis of the Convergence of ADMM},
  volume = {37},
  year = {2015}
}

@inproceedings{nock2015rademacher,
  address = {Lille, France},
  author = {Nock, Richard and Patrini, Giorgio and Friedman, Arik},
  booktitle = {Proceedings of the 32nd International Conference on Machine Learning (ICML)},
  editor = {Bach, Francis R. and Blei, David M.},
  month = {July},
  note = {\url{http://proceedings.mlr.press/v37/nock15.html}},
  openalex = {W2951079711},
  pages = {948--956},
  publisher = {JMLR.org},
  series = {JMLR Workshop and Conference Proceedings},
  title = {Rademacher Observations, Private Data, and Boosting},
  volume = {37},
  year = {2015}
}

@inproceedings{nutini2015coordinate,
  address = {Lille, France},
  author = {Nutini, Julie and Schmidt, Mark and Laradji, Issam and Friedlander, Michael P. and Koepke, Hoyt},
  booktitle = {Proceedings of the 32nd International Conference on Machine Learning (ICML)},
  editor = {Bach, Francis R. and Blei, David M.},
  month = {July},
  note = {\url{http://proceedings.mlr.press/v37/nutini15.html}},
  openalex = {W1871644925},
  pages = {1632--1641},
  publisher = {Journal of Machine Learning Research (JMLR)},
  series = {Workshop and Conference Proceedings},
  title = {Coordinate Descent Converges Faster with the Gauss-Southwell Rule Than Random Selection},
  volume = {37},
  year = {2015}
}

@inproceedings{osadchy2015khyperplane,
  address = {Lille, France},
  author = {Osadchy, Margarita and Hazan, Tamir and Keren, Daniel},
  booktitle = {Proceedings of the 32nd International Conference on Machine Learning (ICML)},
  editor = {Bach, Francis R. and Blei, David M.},
  month = {July},
  note = {\url{http://proceedings.mlr.press/v37/osadchy15.html}},
  openalex = {W582641449},
  pages = {1558--1566},
  publisher = {JMLR.org},
  series = {Workshop and Conference Proceedings},
  title = {K-hyperplane Hinge-Minimax Classifier},
  year = {2015}
}

@inproceedings{osogami2015robust,
  address = {Lille, France},
  author = {Osogami, Takayuki},
  booktitle = {Proceedings of the 32nd International Conference on Machine Learning (ICML)},
  editor = {Bach, Francis R. and Blei, David M.},
  month = {July},
  note = {\url{http://proceedings.mlr.press/v37/osogami15.html}},
  openalex = {W602128623},
  pages = {106--115},
  publisher = {JMLR.org},
  series = {Workshop and Conference Proceedings},
  title = {Robust partially observable Markov decision process},
  volume = {37},
  year = {2015}
}

@inproceedings{p2015distributional,
  address = {Lille, France},
  author = {Prasad, Adarsh and Pareek, Harsh and Ravikumar, Pradeep},
  booktitle = {Proceedings of the 32nd International Conference on Machine Learning (ICML)},
  editor = {Bach, Francis R. and Blei, David M.},
  month = {July},
  note = {\url{http://proceedings.mlr.press/v37/prasad15.html}},
  openalex = {W1873650224},
  pages = {2104--2112},
  publisher = {Journal of Machine Learning Research (JMLR)},
  series = {Workshop and Conference Proceedings},
  title = {Distributional Rank Aggregation, and an Axiomatic Analysis},
  volume = {37},
  year = {2015}
}

@inproceedings{papachristoudis2015adaptive,
  address = {Lille, France},
  author = {Papachristoudis, Georgios and Fisher, John W.},
  booktitle = {Proceedings of the 32nd International Conference on Machine Learning (ICML)},
  editor = {Bach, Francis R. and Blei, David M.},
  month = {July},
  note = {\url{http://proceedings.mlr.press/v37/papachristoudis15.html}},
  openalex = {W1856692137},
  pages = {899--907},
  publisher = {JMLR.org},
  series = {JMLR Workshop and Conference Proceedings},
  title = {Adaptive Belief Propagation},
  volume = {37},
  year = {2015}
}

@inproceedings{park2015preference,
  address = {Lille, France},
  author = {Park, Dohyung and Neeman, Joe and Zhang, Jin and Sanghavi, Sujay and Dhillon, Inderjit S.},
  booktitle = {Proceedings of the 32nd International Conference on Machine Learning (ICML)},
  editor = {Bach, Francis R. and Blei, David M.},
  month = {July},
  note = {\url{http://proceedings.mlr.press/v37/park15.html}},
  openalex = {W2950359809},
  pages = {1907--1916},
  publisher = {Journal of Machine Learning Research (JMLR)},
  series = {Workshop and Conference Proceedings},
  title = {Preference Completion: Large-scale Collaborative Ranking from Pairwise Comparisons},
  volume = {37},
  year = {2015}
}

@inproceedings{perolat2015approximate,
  address = {Lille, France},
  author = {Pérolat, Julien and Scherrer, Bruno and Piot, Bilal and Pietquin, Olivier},
  booktitle = {Proceedings of the 32nd International Conference on Machine Learning (ICML)},
  editor = {Bach, Francis R. and Blei, David M.},
  month = {July},
  note = {\url{http://proceedings.mlr.press/v37/perolat15.html}},
  openalex = {W1788877992},
  pages = {1321--1329},
  publisher = {JMLR.org},
  series = {Workshop and Conference Proceedings},
  title = {Approximate dynamic programming for two-player zero-sum Markov games},
  year = {2015}
}

@inproceedings{perrot2015theoretical,
  address = {Lille, France},
  author = {Perrot, Michaël and Habrard, Amaury},
  booktitle = {Proceedings of the 32nd International Conference on Machine Learning (ICML)},
  editor = {Bach, Francis R. and Blei, David M.},
  month = {July},
  note = {\url{http://proceedings.mlr.press/v37/perrot15.html}},
  openalex = {W1913920913},
  pages = {1708--1717},
  publisher = {Journal of Machine Learning Research (JMLR)},
  series = {Workshop and Conference Proceedings},
  title = {A Theoretical Analysis of Metric Hypothesis Transfer Learning},
  volume = {37},
  year = {2015}
}

@inproceedings{pham2015multiinstance,
  address = {Lille, France},
  author = {Pham, Anh T. and Raich, Raviv and Fern, Xiaoli Z. and Arriaga, Jes s P rez},
  booktitle = {Proceedings of the 32nd International Conference on Machine Learning (ICML)},
  editor = {Bach, Francis R. and Blei, David M.},
  month = {July},
  note = {\url{http://proceedings.mlr.press/v37/pham15.html}},
  openalex = {W1838330068},
  pages = {2427--2435},
  publisher = {Journal of Machine Learning Research (JMLR)},
  series = {Workshop and Conference Proceedings},
  title = {Multi-instance multi-label learning in the presence of novel class instances},
  year = {2015}
}

@inproceedings{piech2015learning,
  address = {Lille, France},
  author = {Piech, Chris and Huang, Jonathan and Nguyễn, Andy and Phulsuksombati, Mike and Sahami, Mehran and Guibas, Leonidas},
  booktitle = {Proceedings of the 32nd International Conference on Machine Learning (ICML)},
  editor = {Bach, Francis R. and Blei, David M.},
  month = {July},
  note = {\url{http://proceedings.mlr.press/v37/piech15.html}},
  openalex = {W2129740354},
  pages = {1093--1102},
  publisher = {JMLR.org},
  series = {JMLR Workshop and Conference Proceedings},
  title = {Learning Program Embeddings to Propagate Feedback on Student Code},
  volume = {37},
  year = {2015}
}

@inproceedings{plessis2015convex,
  address = {Lille, France},
  author = {Plessis, Marthinus Christoffel du and Niu, Gang and Sugiyama, Masashi},
  booktitle = {Proceedings of the 32nd International Conference on Machine Learning (ICML)},
  editor = {Bach, Francis R. and Blei, David M.},
  month = {July},
  note = {\url{http://proceedings.mlr.press/v37/plessis15.html}},
  pages = {1386--1394},
  publisher = {JMLR.org},
  series = {Workshop and Conference Proceedings},
  title = {Convex Formulation for Learning from Positive and Unlabeled Data},
  year = {2015}
}

@inproceedings{pougetabadie2015inferring,
  address = {Lille, France},
  author = {Pouget-Abadie, Jean and Horel, Thibaut},
  booktitle = {Proceedings of the 32nd International Conference on Machine Learning (ICML)},
  editor = {Bach, Francis R. and Blei, David M.},
  month = {July},
  note = {\url{http://proceedings.mlr.press/v37/pouget-abadie15.html}},
  openalex = {W2952115282},
  pages = {977--986},
  publisher = {JMLR.org},
  series = {JMLR Workshop and Conference Proceedings},
  title = {Inferring Graphs from Cascades: A Sparse Recovery Framework},
  volume = {37},
  year = {2015}
}

@inproceedings{qiu2015robust,
  address = {Lille, France},
  author = {Qiu, Huitong and Xu, Sheng and Han, Fang and Liu, Han and Caffo, Brian},
  booktitle = {Proceedings of the 32nd International Conference on Machine Learning (ICML)},
  editor = {Bach, Francis R. and Blei, David M.},
  month = {July},
  note = {\url{http://proceedings.mlr.press/v37/qiu15.html}},
  openalex = {W1949741824},
  pages = {1843--1851},
  publisher = {Journal of Machine Learning Research (JMLR)},
  series = {Workshop and Conference Proceedings},
  title = {Robust Estimation of Transition Matrices in High Dimensional Heavy-tailed Vector Autoregressive Processes.},
  volume = {37},
  year = {2015}
}

@inproceedings{r2015celeste,
  address = {Lille, France},
  author = {Regier, Jeffrey and Miller, Andrew C. and McAuliffe, Jon and Adams, Ryan P. and Hoffman, Matt and Lang, Dustin and Schlegel, David J. and Prabhat},
  booktitle = {Proceedings of the 32nd International Conference on Machine Learning (ICML)},
  editor = {Bach, Francis R. and Blei, David M.},
  month = {July},
  note = {\url{http://proceedings.mlr.press/v37/regier15.html}},
  openalex = {W1844102585},
  pages = {2095--2103},
  publisher = {Journal of Machine Learning Research (JMLR)},
  series = {Workshop and Conference Proceedings},
  title = {Celeste: Variational inference for a generative model of astronomical images},
  volume = {37},
  year = {2015}
}

@inproceedings{r2015embarrassingly,
  address = {Lille, France},
  author = {Romera‐Paredes, Bernardino and Torr, Philip H. S.},
  booktitle = {Proceedings of the 32nd International Conference on Machine Learning (ICML)},
  editor = {Bach, Francis R. and Blei, David M.},
  month = {July},
  note = {\url{http://proceedings.mlr.press/v37/romera-paredes15.html}},
  openalex = {W652269744},
  pages = {2152--2161},
  publisher = {Journal of Machine Learning Research (JMLR)},
  series = {Workshop and Conference Proceedings},
  title = {An Embarrassingly Simple Approach to Zero-Shot Learning},
  volume = {37},
  year = {2015}
}

@inproceedings{rajan2015bayesian,
  address = {Lille, France},
  author = {Rajan, Purnima and Han, Weidong and Sznitman, Raphael and Frazier, Peter I. and Jedynak, Bruno},
  booktitle = {Proceedings of the 32nd International Conference on Machine Learning (ICML)},
  editor = {Bach, Francis R. and Blei, David M.},
  month = {July},
  note = {\url{http://proceedings.mlr.press/v37/rajan15.html}},
  openalex = {W636981986},
  pages = {1945--1953},
  publisher = {Journal of Machine Learning Research (JMLR)},
  series = {Workshop and Conference Proceedings},
  title = {Bayesian Multiple Target Localization},
  volume = {37},
  year = {2015}
}

@inproceedings{rajkumar2015ranking,
  address = {Lille, France},
  author = {Rajkumar, Arun and Ghoshal, Suprovat and Lim, Lek‐Heng and Agarwal, Shivani},
  booktitle = {Proceedings of the 32nd International Conference on Machine Learning (ICML)},
  editor = {Bach, Francis R. and Blei, David M.},
  month = {July},
  note = {\url{http://proceedings.mlr.press/v37/rajkumar15.html}},
  openalex = {W1902438625},
  pages = {665--673},
  publisher = {JMLR.org},
  series = {Workshop and Conference Proceedings},
  title = {Ranking from Stochastic Pairwise Preferences: Recovering Condorcet Winners and Tournament Solution Sets at the Top},
  volume = {37},
  year = {2015}
}

@inproceedings{ralaivola2015entropybased,
  address = {Lille, France},
  author = {Ralaivola, Liva and Amini, Massih-Reza},
  booktitle = {Proceedings of the 32nd International Conference on Machine Learning (ICML)},
  editor = {Bach, Francis R. and Blei, David M.},
  month = {July},
  note = {\url{http://proceedings.mlr.press/v37/ralaivola15.html}},
  openalex = {W1837490984},
  pages = {2436--2444},
  publisher = {Journal of Machine Learning Research (JMLR)},
  series = {Workshop and Conference Proceedings},
  title = {Entropy-Based Concentration Inequalities for Dependent Variables},
  year = {2015}
}

@inproceedings{ramaswamy2015convex,
  address = {Lille, France},
  author = {Ramaswamy, Harish G. and Tewari, Ambuj and Agarwal, Shivani},
  booktitle = {Proceedings of the 32nd International Conference on Machine Learning (ICML)},
  editor = {Bach, Francis R. and Blei, David M.},
  month = {July},
  note = {\url{http://proceedings.mlr.press/v37/ramaswamy15.html}},
  openalex = {W1884004995},
  pages = {1852--1860},
  publisher = {Journal of Machine Learning Research (JMLR)},
  series = {Workshop and Conference Proceedings},
  title = {Convex Calibrated Surrogates for Hierarchical Classification},
  volume = {37},
  year = {2015}
}

@inproceedings{raskutti2015statistical,
  address = {Lille, France},
  author = {Raskutti, Garvesh and Mahoney, Michael W.},
  booktitle = {Proceedings of the 32nd International Conference on Machine Learning (ICML)},
  editor = {Bach, Francis R. and Blei, David M.},
  month = {July},
  note = {\url{http://proceedings.mlr.press/v37/raskutti15.html}},
  openalex = {W1859506250},
  pages = {617--625},
  publisher = {JMLR.org},
  series = {Workshop and Conference Proceedings},
  title = {Statistical and Algorithmic Perspectives on Randomized Sketching for Ordinary Least-Squares},
  volume = {37},
  year = {2015}
}

@inproceedings{rezende2015variational,
  address = {Lille, France},
  author = {Rezende, Danilo Jimenez and Mohamed, Shakir},
  booktitle = {Proceedings of the 32nd International Conference on Machine Learning (ICML)},
  editor = {Bach, Francis R. and Blei, David M.},
  month = {July},
  note = {\url{http://proceedings.mlr.press/v37/rezende15.html}},
  openalex = {W2963090522},
  pages = {1530--1538},
  publisher = {JMLR.org},
  series = {Workshop and Conference Proceedings},
  title = {Variational Inference with Normalizing Flows},
  year = {2015}
}

@inproceedings{richman2015dynamic,
  address = {Lille, France},
  author = {Richman, Oran and Mannor, Shie},
  booktitle = {Proceedings of the 32nd International Conference on Machine Learning (ICML)},
  editor = {Bach, Francis R. and Blei, David M.},
  month = {July},
  note = {\url{http://proceedings.mlr.press/v37/richman15.html}},
  openalex = {W1849700913},
  pages = {267--275},
  publisher = {JMLR.org},
  series = {Workshop and Conference Proceedings},
  title = {Dynamic Sensing: Better Classification under Acquisition Constraints},
  volume = {37},
  year = {2015}
}

@inproceedings{s2015complete,
  address = {Lille, France},
  author = {Sun, Ju and Qu, Qing and Wright, John},
  booktitle = {Proceedings of the 32nd International Conference on Machine Learning (ICML)},
  editor = {Bach, Francis R. and Blei, David M.},
  month = {July},
  note = {\url{http://proceedings.mlr.press/v37/sund15.html}},
  openalex = {W643635367},
  pages = {2351--2360},
  publisher = {Journal of Machine Learning Research (JMLR)},
  series = {Workshop and Conference Proceedings},
  title = {Complete Dictionary Recovery Using Nonconvex Optimization},
  volume = {37},
  year = {2015}
}

@inproceedings{s2015context,
  address = {Lille, France},
  author = {Soltanmohammadi, Erfan and Naraghi‐Pour, Mort and Schaar, Mihaela van der},
  booktitle = {Proceedings of the 32nd International Conference on Machine Learning (ICML)},
  editor = {Bach, Francis R. and Blei, David M.},
  month = {July},
  note = {\url{http://proceedings.mlr.press/v37/soltanmohammadi15.html}},
  openalex = {W2170319814},
  pages = {2076--2084},
  publisher = {Journal of Machine Learning Research (JMLR)},
  series = {Workshop and Conference Proceedings},
  title = {Context-based Unsupervised Data Fusion for Decision Making},
  volume = {37},
  year = {2015}
}

@inproceedings{s2015deep,
  address = {Lille, France},
  author = {Sohl‐Dickstein, Jascha and Weiss, Eric A. and Maheswaranathan, Niru and Ganguli, Surya},
  booktitle = {Proceedings of the 32nd International Conference on Machine Learning (ICML)},
  editor = {Bach, Francis R. and Blei, David M.},
  month = {July},
  note = {\url{http://proceedings.mlr.press/v37/sohl-dickstein15.html}},
  openalex = {W2129069237},
  pages = {2256--2265},
  publisher = {Journal of Machine Learning Research (JMLR)},
  series = {Workshop and Conference Proceedings},
  title = {Deep Unsupervised Learning using Nonequilibrium Thermodynamics},
  volume = {37},
  year = {2015}
}

@inproceedings{s2015global,
  address = {Lille, France},
  author = {De, Christopher and Ré, Christopher and Olukotun, Kunle},
  booktitle = {Proceedings of the 32nd International Conference on Machine Learning (ICML)},
  editor = {Bach, Francis R. and Blei, David M.},
  month = {July},
  note = {\url{http://proceedings.mlr.press/v37/sa15.html}},
  openalex = {W2963979747},
  pages = {2332--2341},
  publisher = {Journal of Machine Learning Research (JMLR)},
  series = {Workshop and Conference Proceedings},
  title = {Global Convergence of Stochastic Gradient Descent for Some Non-convex Matrix Problems},
  volume = {37},
  year = {2015}
}

@inproceedings{s2015removing,
  address = {Lille, France},
  author = {lkopf, Bernhard Sch and Hogg, David W. and Wang, Dun and Foreman-Mackey, Daniel and Janzing, Dominik and Simon-Gabriel, Carl-Johann and Peters, Jonas},
  booktitle = {Proceedings of the 32nd International Conference on Machine Learning (ICML)},
  editor = {Bach, Francis R. and Blei, David M.},
  month = {July},
  note = {\url{http://proceedings.mlr.press/v37/scholkopf15.html}},
  openalex = {W2963963632},
  pages = {2218--2226},
  publisher = {Journal of Machine Learning Research (JMLR)},
  series = {Workshop and Conference Proceedings},
  title = {Removing systematic errors for exoplanet search via latent causes},
  volume = {37},
  year = {2015}
}

@inproceedings{s2015scalablea,
  address = {Lille, France},
  author = {Snoek, Jasper and Rippel, Oren and Swersky, Kevin and Kiros, Ryan and Satish, Nadathur and Sundaram, Narayanan and Patwary, Md. Mostofa Ali and Prabhat and Adams, Ryan P.},
  booktitle = {Proceedings of the 32nd International Conference on Machine Learning (ICML)},
  editor = {Bach, Francis R. and Blei, David M.},
  month = {July},
  note = {\url{http://proceedings.mlr.press/v37/snoek15.html}},
  openalex = {W2950277768},
  pages = {2171--2180},
  publisher = {Journal of Machine Learning Research (JMLR)},
  series = {Workshop and Conference Proceedings},
  title = {Scalable Bayesian Optimization Using Deep Neural Networks},
  volume = {37},
  year = {2015}
}

@inproceedings{s2015scalableb,
  address = {Lille, France},
  author = {Samo, Yves-Laurent Kom and Roberts, Stephen},
  booktitle = {Proceedings of the 32nd International Conference on Machine Learning (ICML)},
  editor = {Bach, Francis R. and Blei, David M.},
  month = {July},
  note = {\url{http://proceedings.mlr.press/v37/samo15.html}},
  openalex = {W1853560846},
  pages = {2227--2236},
  publisher = {Journal of Machine Learning Research (JMLR)},
  series = {Workshop and Conference Proceedings},
  title = {Scalable Nonparametric Bayesian Inference on Point Processes with Gaussian Processes},
  volume = {37},
  year = {2015}
}

@inproceedings{salimans2015markov,
  address = {Lille, France},
  author = {Salimans, Tim and Kingma, Diederik P. and Welling, Max},
  booktitle = {Proceedings of the 32nd International Conference on Machine Learning (ICML)},
  editor = {Bach, Francis R. and Blei, David M.},
  month = {July},
  note = {\url{http://proceedings.mlr.press/v37/salimans15.html}},
  openalex = {W1906598733},
  pages = {1218--1226},
  publisher = {JMLR.org},
  series = {Workshop and Conference Proceedings},
  title = {Markov Chain Monte Carlo and Variational Inference: Bridging the Gap},
  year = {2015}
}

@inproceedings{schaul2015universal,
  address = {Lille, France},
  author = {Schaul, Tom and Horgan, Daniel and Gregor, Karol and Silver, David},
  booktitle = {Proceedings of the 32nd International Conference on Machine Learning (ICML)},
  editor = {Bach, Francis R. and Blei, David M.},
  month = {July},
  note = {\url{http://proceedings.mlr.press/v37/schaul15.html}},
  openalex = {W567721252},
  pages = {1312--1320},
  publisher = {JMLR.org},
  series = {Workshop and Conference Proceedings},
  title = {Universal Value Function Approximators},
  year = {2015}
}

@inproceedings{schulman2015trust,
  address = {Lille, France},
  author = {Schulman, John and Levine, Sergey and Abbeel, Pieter and Jordan, Michael I. and Moritz, Philipp},
  booktitle = {Proceedings of the 32nd International Conference on Machine Learning (ICML)},
  editor = {Bach, Francis R. and Blei, David M.},
  month = {July},
  note = {\url{http://proceedings.mlr.press/v37/schulman15.html}},
  openalex = {W1771410628},
  pages = {1889--1897},
  publisher = {Journal of Machine Learning Research (JMLR)},
  series = {Workshop and Conference Proceedings},
  title = {Trust Region Policy Optimization},
  volume = {37},
  year = {2015}
}

@inproceedings{serrurier2015entropy,
  address = {Lille, France},
  author = {Serrurier, Mathieu and Prade, Henri},
  booktitle = {Proceedings of the 32nd International Conference on Machine Learning (ICML)},
  editor = {Bach, Francis R. and Blei, David M.},
  month = {July},
  note = {\url{http://proceedings.mlr.press/v37/serrurier15.html}},
  openalex = {W1820987678},
  pages = {1576--1584},
  publisher = {JMLR.org},
  series = {Workshop and Conference Proceedings},
  title = {Entropy evaluation based on confidence intervals of frequency estimates : Application to the learning of decision trees},
  year = {2015}
}

@inproceedings{shah2015approval,
  address = {Lille, France},
  author = {Shah, Nihar B. and Zhou, Dengyong and Peres, Yuval},
  booktitle = {Proceedings of the 32nd International Conference on Machine Learning (ICML)},
  editor = {Bach, Francis R. and Blei, David M.},
  month = {July},
  note = {\url{http://proceedings.mlr.press/v37/shaha15.html}},
  openalex = {W1807825527},
  pages = {10--19},
  publisher = {JMLR.org},
  series = {Workshop and Conference Proceedings},
  title = {Approval Voting and Incentives in Crowdsourcing},
  volume = {37},
  year = {2015}
}

@inproceedings{shah2015empirical,
  address = {Lille, France},
  author = {Shah, Amar and Knowles, David A. and Ghahramani, Zoubin},
  booktitle = {Proceedings of the 32nd International Conference on Machine Learning (ICML)},
  editor = {Bach, Francis R. and Blei, David M.},
  month = {July},
  note = {\url{http://proceedings.mlr.press/v37/shahb15.html}},
  openalex = {W1909043245},
  pages = {1594--1603},
  publisher = {Journal of Machine Learning Research (JMLR)},
  series = {Workshop and Conference Proceedings},
  title = {An Empirical Study of Stochastic Variational Inference Algorithms for the Beta Bernoulli Process},
  volume = {37},
  year = {2015}
}

@inproceedings{shajarisales2015telling,
  address = {Lille, France},
  author = {Shajarisales, Naji and Janzing, Dominik and Schoelkopf, Bernhard and Besserve, Michel},
  booktitle = {Proceedings of the 32nd International Conference on Machine Learning (ICML)},
  editor = {Bach, Francis R. and Blei, David M.},
  month = {July},
  note = {\url{http://proceedings.mlr.press/v37/shajarisales15.html}},
  openalex = {W201532924},
  pages = {285--294},
  publisher = {JMLR.org},
  series = {Workshop and Conference Proceedings},
  title = {Telling cause from effect in deterministic linear dynamical systems},
  volume = {37},
  year = {2015}
}

@inproceedings{shamir2015stochastic,
  address = {Lille, France},
  author = {Shamir, Ohad},
  booktitle = {Proceedings of the 32nd International Conference on Machine Learning (ICML)},
  editor = {Bach, Francis R. and Blei, David M.},
  month = {July},
  note = {\url{http://proceedings.mlr.press/v37/shamir15.html}},
  openalex = {W2963781962},
  pages = {144--152},
  publisher = {JMLR.org},
  series = {Workshop and Conference Proceedings},
  title = {A Stochastic PCA and SVD Algorithm with an Exponential Convergence Rate},
  volume = {37},
  year = {2015}
}

@inproceedings{sharma2015on,
  address = {Lille, France},
  author = {Sharma, Dravyansh and Kapoor, Ashish and Deshpande, Amit},
  booktitle = {Proceedings of the 32nd International Conference on Machine Learning (ICML)},
  editor = {Bach, Francis R. and Blei, David M.},
  month = {July},
  note = {\url{http://proceedings.mlr.press/v37/sharma15.html}},
  openalex = {W1952656308},
  pages = {1330--1338},
  publisher = {JMLR.org},
  series = {Workshop and Conference Proceedings},
  title = {On Greedy Maximization of Entropy},
  year = {2015}
}

@inproceedings{sheth2015sparse,
  address = {Lille, France},
  author = {Sheth, Rishit and Wang, Yuyang and Khardon, Roni},
  booktitle = {Proceedings of the 32nd International Conference on Machine Learning (ICML)},
  editor = {Bach, Francis R. and Blei, David M.},
  month = {July},
  note = {\url{http://proceedings.mlr.press/v37/sheth15.html}},
  openalex = {W1836483694},
  pages = {1302--1311},
  publisher = {JMLR.org},
  series = {Workshop and Conference Proceedings},
  title = {Sparse Variational Inference for Generalized GP Models},
  year = {2015}
}

@inproceedings{sibony2015mra,
  address = {Lille, France},
  author = {Sibony, Eric and Clémençon, Stéphan and Jakubowicz, Jérémie},
  booktitle = {Proceedings of the 32nd International Conference on Machine Learning (ICML)},
  editor = {Bach, Francis R. and Blei, David M.},
  month = {July},
  note = {\url{http://proceedings.mlr.press/v37/sibony15.html}},
  openalex = {W1848872188},
  pages = {1432--1441},
  publisher = {JMLR.org},
  series = {Workshop and Conference Proceedings},
  title = {MRA-based statistical learning from incomplete rankings},
  year = {2015}
}

@inproceedings{srivastava2015unsupervised,
  address = {Lille, France},
  author = {Srivastava, Nitish and Mansimov, Elman and Salakhudinov, Ruslan},
  booktitle = {Proceedings of the 32nd International Conference on Machine Learning (ICML)},
  editor = {Bach, Francis R. and Blei, David M.},
  month = {July},
  note = {\url{http://proceedings.mlr.press/v37/srivastava15.html}},
  openalex = {W2116435618},
  pages = {843--852},
  publisher = {JMLR.org},
  series = {JMLR Workshop and Conference Proceedings},
  title = {Unsupervised Learning of Video Representations using LSTMs},
  volume = {37},
  year = {2015}
}

@inproceedings{steinhardt2015learning,
  address = {Lille, France},
  author = {Steinhardt, Jacob and Liang, Percy},
  booktitle = {Proceedings of the 32nd International Conference on Machine Learning (ICML)},
  editor = {Bach, Francis R. and Blei, David M.},
  month = {July},
  note = {\url{http://proceedings.mlr.press/v37/steinhardtb15.html}},
  openalex = {W2951135549},
  pages = {1063--1072},
  publisher = {JMLR.org},
  series = {JMLR Workshop and Conference Proceedings},
  title = {Learning Fast-Mixing Models for Structured Prediction},
  volume = {37},
  year = {2015}
}

@inproceedings{steinhardt2015reified,
  address = {Lille, France},
  author = {Steinhardt, Jacob and Liang, Percy},
  booktitle = {Proceedings of the 32nd International Conference on Machine Learning (ICML)},
  editor = {Bach, Francis R. and Blei, David M.},
  month = {July},
  note = {\url{http://proceedings.mlr.press/v37/steinhardta15.html}},
  openalex = {W2131127051},
  pages = {1043--1052},
  publisher = {JMLR.org},
  series = {JMLR Workshop and Conference Proceedings},
  title = {Reified Context Models},
  volume = {37},
  year = {2015}
}

@inproceedings{sui2015safe,
  address = {Lille, France},
  author = {Sui, Yanan and Gotovos, Alkis and Burdick, Joel W. and Krause, Andreas},
  booktitle = {Proceedings of the 32nd International Conference on Machine Learning (ICML)},
  editor = {Bach, Francis R. and Blei, David M.},
  month = {July},
  note = {\url{http://proceedings.mlr.press/v37/sui15.html}},
  openalex = {W2120034667},
  pages = {997--1005},
  publisher = {JMLR.org},
  series = {JMLR Workshop and Conference Proceedings},
  title = {Safe Exploration for Optimization with Gaussian Processes},
  volume = {37},
  year = {2015}
}

@inproceedings{sun2015information,
  address = {Lille, France},
  author = {Sun, Ke and Wang, Jun and Kalousis, Alexandros and Marchand-Maillet, Stephan},
  booktitle = {Proceedings of the 32nd International Conference on Machine Learning (ICML)},
  editor = {Bach, Francis R. and Blei, David M.},
  month = {July},
  note = {\url{http://proceedings.mlr.press/v37/suna15.html}},
  openalex = {W1836744047},
  pages = {49--58},
  publisher = {JMLR.org},
  series = {Workshop and Conference Proceedings},
  title = {Information Geometry and Minimum Description Length Networks},
  volume = {37},
  year = {2015}
}

@inproceedings{sun2015message,
  address = {Lille, France},
  author = {Sun, Tao and Sheldon, Daniel and Kumar, Akshat},
  booktitle = {Proceedings of the 32nd International Conference on Machine Learning (ICML)},
  editor = {Bach, Francis R. and Blei, David M.},
  month = {July},
  note = {\url{http://proceedings.mlr.press/v37/sunc15.html}},
  pages = {853--861},
  publisher = {JMLR.org},
  series = {JMLR Workshop and Conference Proceedings},
  title = {Message Passing for Collective Graphical Models},
  volume = {37},
  year = {2015}
}

@inproceedings{sun2015multiview,
  address = {Lille, France},
  author = {Sun, Jiangwen and Lü, Jin and Xu, Tingyang and Bi, Jinbo},
  booktitle = {Proceedings of the 32nd International Conference on Machine Learning (ICML)},
  editor = {Bach, Francis R. and Blei, David M.},
  month = {July},
  note = {\url{http://proceedings.mlr.press/v37/sunb15.html}},
  openalex = {W571071414},
  pages = {757--766},
  publisher = {JMLR.org},
  series = {Workshop and Conference Proceedings},
  title = {Multi-view Sparse Co-clustering via Proximal Alternating Linearized Minimization},
  volume = {37},
  year = {2015}
}

@inproceedings{suzuki2015convergence,
  address = {Lille, France},
  author = {Suzuki, Taiji},
  booktitle = {Proceedings of the 32nd International Conference on Machine Learning (ICML)},
  editor = {Bach, Francis R. and Blei, David M.},
  month = {July},
  note = {\url{http://proceedings.mlr.press/v37/suzuki15.html}},
  openalex = {W600157613},
  pages = {1273--1282},
  publisher = {JMLR.org},
  series = {Workshop and Conference Proceedings},
  title = {Convergence rate of Bayesian tensor estimator and its minimax optimality},
  year = {2015}
}

@inproceedings{swaminathan2015counterfactual,
  address = {Lille, France},
  author = {Swaminathan, Adith and Joachims, Thorsten},
  booktitle = {Proceedings of the 32nd International Conference on Machine Learning (ICML)},
  editor = {Bach, Francis R. and Blei, David M.},
  month = {July},
  note = {\url{http://proceedings.mlr.press/v37/swaminathan15.html}},
  openalex = {W2099471337},
  pages = {814--823},
  publisher = {JMLR.org},
  series = {JMLR Workshop and Conference Proceedings},
  title = {Counterfactual Risk Minimization: Learning from Logged Bandit Feedback},
  volume = {37},
  year = {2015}
}

@inproceedings{szörenyi2015qualitative,
  address = {Lille, France},
  author = {Szörényi, Balázs and Busa‐Fekete, Róbert and Weng, Paul and Hüllermeier, Eyke},
  booktitle = {Proceedings of the 32nd International Conference on Machine Learning (ICML)},
  editor = {Bach, Francis R. and Blei, David M.},
  month = {July},
  note = {\url{http://proceedings.mlr.press/v37/szorenyi15.html}},
  openalex = {W2146759922},
  pages = {1660--1668},
  publisher = {Journal of Machine Learning Research (JMLR)},
  series = {Workshop and Conference Proceedings},
  title = {Qualitative Multi-Armed Bandits: A Quantile-Based Approach},
  volume = {37},
  year = {2015}
}

@inproceedings{t2015learning,
  address = {Lille, France},
  author = {Tang, Qingming and Sun, Siqi and Xu, Jinbo},
  booktitle = {Proceedings of the 32nd International Conference on Machine Learning (ICML)},
  editor = {Bach, Francis R. and Blei, David M.},
  month = {July},
  note = {\url{http://proceedings.mlr.press/v37/tangb15.html}},
  openalex = {W1914365216},
  pages = {2247--2255},
  publisher = {Journal of Machine Learning Research (JMLR)},
  series = {Workshop and Conference Proceedings},
  title = {Learning Scale-Free Networks by Dynamic Node-Specific Degree Prior},
  volume = {37},
  year = {2015}
}

@inproceedings{t2015modeling,
  address = {Lille, France},
  author = {Trask, Andrew and Gilmore, David and Russell, Matthew},
  booktitle = {Proceedings of the 32nd International Conference on Machine Learning (ICML)},
  editor = {Bach, Francis R. and Blei, David M.},
  month = {July},
  note = {\url{http://proceedings.mlr.press/v37/trask15.html}},
  openalex = {W2952972707},
  pages = {2266--2275},
  publisher = {Journal of Machine Learning Research (JMLR)},
  series = {Workshop and Conference Proceedings},
  title = {Modeling Order in Neural Word Embeddings at Scale},
  volume = {37},
  year = {2015}
}

@inproceedings{taddy2015bayesian,
  address = {Lille, France},
  author = {Taddy, Matthew and Chen, Chun-Sheng and Yu, Jun and Wyle, Mitch},
  booktitle = {Proceedings of the 32nd International Conference on Machine Learning (ICML)},
  editor = {Bach, Francis R. and Blei, David M.},
  month = {July},
  note = {\url{http://proceedings.mlr.press/v37/matthew15.html}},
  pages = {967--976},
  publisher = {JMLR.org},
  series = {JMLR Workshop and Conference Proceedings},
  title = {Bayesian and Empirical Bayesian Forests},
  volume = {37},
  year = {2015}
}

@inproceedings{tagorti2015on,
  address = {Lille, France},
  author = {Tagorti, Manel and Scherrer, Bruno},
  booktitle = {Proceedings of the 32nd International Conference on Machine Learning (ICML)},
  editor = {Bach, Francis R. and Blei, David M.},
  month = {July},
  note = {\url{http://proceedings.mlr.press/v37/tagorti15.html}},
  openalex = {W2232866954},
  pages = {1521--1529},
  publisher = {JMLR.org},
  series = {Workshop and Conference Proceedings},
  title = {On the rate of convergence and error bounds for LSTD(λ)},
  year = {2015}
}

@inproceedings{tang2015guaranteed,
  address = {Lille, France},
  author = {Tang, Gongguo and Shah, Parikshit},
  booktitle = {Proceedings of the 32nd International Conference on Machine Learning (ICML)},
  editor = {Bach, Francis R. and Blei, David M.},
  month = {July},
  note = {\url{http://proceedings.mlr.press/v37/tanga15.html}},
  openalex = {W1652247329},
  pages = {1491--1500},
  publisher = {JMLR.org},
  series = {Workshop and Conference Proceedings},
  title = {Guaranteed Tensor Decomposition: A Moment Approach},
  year = {2015}
}

@inproceedings{tewari2015generalization,
  address = {Lille, France},
  author = {Tewari, Ambuj and Chaudhuri, Sougata},
  booktitle = {Proceedings of the 32nd International Conference on Machine Learning (ICML)},
  editor = {Bach, Francis R. and Blei, David M.},
  month = {July},
  note = {\url{http://proceedings.mlr.press/v37/tewari15.html}},
  openalex = {W1895356522},
  pages = {315--323},
  publisher = {JMLR.org},
  series = {Workshop and Conference Proceedings},
  title = {Generalization error bounds for learning to rank: Does the length of document lists matter?},
  volume = {37},
  year = {2015}
}

@inproceedings{theis2015trustregion,
  address = {Lille, France},
  author = {Theis, Lucas and Hoffman, Matthew D.},
  booktitle = {Proceedings of the 32nd International Conference on Machine Learning (ICML)},
  editor = {Bach, Francis R. and Blei, David M.},
  month = {July},
  note = {\url{http://proceedings.mlr.press/v37/theis15.html}},
  openalex = {W2949290197},
  pages = {2503--2511},
  publisher = {Journal of Machine Learning Research (JMLR)},
  series = {Workshop and Conference Proceedings},
  title = {A trust-region method for stochastic variational inference with applications to streaming data},
  year = {2015}
}

@inproceedings{thomas2015high,
  address = {Lille, France},
  author = {Thomas, Philip S. and Theocharous, Georgios and Ghavamzadeh, Mohammad},
  booktitle = {Proceedings of the 32nd International Conference on Machine Learning (ICML)},
  editor = {Bach, Francis R. and Blei, David M.},
  month = {July},
  note = {\url{http://proceedings.mlr.press/v37/thomas15.html}},
  openalex = {W1931027396},
  pages = {2380--2388},
  publisher = {Journal of Machine Learning Research (JMLR)},
  series = {Workshop and Conference Proceedings},
  title = {High Confidence Policy Improvement},
  year = {2015}
}

@inproceedings{tristan2015efficient,
  address = {Lille, France},
  author = {Tristan, Jean-Baptiste and Tassarotti, Joseph and Steele, Guy L. Jr.},
  booktitle = {Proceedings of the 32nd International Conference on Machine Learning (ICML)},
  editor = {Bach, Francis R. and Blei, David M.},
  month = {July},
  note = {\url{http://proceedings.mlr.press/v37/tristan15.html}},
  pages = {59--68},
  publisher = {JMLR.org},
  series = {Workshop and Conference Proceedings},
  title = {Efficient Training of LDA on a GPU by Mean-for-Mode Estimation},
  volume = {37},
  year = {2015}
}

@inproceedings{ubaru2015low,
  address = {Lille, France},
  author = {Ubaru, Shashanka and Mazumdar, Arya and Saad, Yousef},
  booktitle = {Proceedings of the 32nd International Conference on Machine Learning (ICML)},
  editor = {Bach, Francis R. and Blei, David M.},
  month = {July},
  note = {\url{http://proceedings.mlr.press/v37/ubaru15.html}},
  openalex = {W1870871427},
  pages = {702--710},
  publisher = {JMLR.org},
  series = {Workshop and Conference Proceedings},
  title = {Low Rank Approximation using Error Correcting Coding Matrices},
  volume = {37},
  year = {2015}
}

@inproceedings{v2015deeper,
  address = {Lille, France},
  author = {Vanseijen, Harm and Sutton, Richard S.},
  booktitle = {Proceedings of the 32nd International Conference on Machine Learning (ICML)},
  editor = {Bach, Francis R. and Blei, David M.},
  month = {July},
  note = {\url{http://proceedings.mlr.press/v37/vanseijen15.html}},
  pages = {2314--2322},
  publisher = {Journal of Machine Learning Research (JMLR)},
  series = {Workshop and Conference Proceedings},
  title = {A Deeper Look at Planning as Learning from Replay},
  volume = {37},
  year = {2015}
}

@inproceedings{virtanen2015ordinal,
  address = {Lille, France},
  author = {Virtanen, Seppo and Girolami, Mark},
  booktitle = {Proceedings of the 32nd International Conference on Machine Learning (ICML)},
  editor = {Bach, Francis R. and Blei, David M.},
  month = {July},
  note = {\url{http://proceedings.mlr.press/v37/virtanen15.html}},
  openalex = {W1839759725},
  pages = {588--596},
  publisher = {JMLR.org},
  series = {Workshop and Conference Proceedings},
  title = {Ordinal Mixed Membership Models},
  volume = {37},
  year = {2015}
}

@inproceedings{wang2015deep,
  address = {Lille, France},
  author = {Wang, Weiran and Arora, Raman and Livescu, Karen and Bilmes, Jeff},
  booktitle = {Proceedings of the 32nd International Conference on Machine Learning (ICML)},
  editor = {Bach, Francis R. and Blei, David M.},
  month = {July},
  note = {\url{http://proceedings.mlr.press/v37/wangb15.html}},
  openalex = {W1883346539},
  pages = {1083--1092},
  publisher = {JMLR.org},
  series = {JMLR Workshop and Conference Proceedings},
  title = {On Deep Multi-View Representation Learning},
  volume = {37},
  year = {2015}
}

@inproceedings{wang2015dp,
  address = {Lille, France},
  author = {Wang, Yining and Zhu, Jun},
  booktitle = {Proceedings of the 32nd International Conference on Machine Learning (ICML)},
  editor = {Bach, Francis R. and Blei, David M.},
  month = {July},
  note = {\url{http://proceedings.mlr.press/v37/wanga15.html}},
  openalex = {W2123037708},
  pages = {862--870},
  publisher = {JMLR.org},
  series = {JMLR Workshop and Conference Proceedings},
  title = {DP-space: Bayesian Nonparametric Subspace Clustering with Small-variance Asymptotics},
  volume = {37},
  year = {2015}
}

@inproceedings{wang2015privacy,
  address = {Lille, France},
  author = {Wang, Yu-Xiang and Fienberg, Stephen E. and Alex and Smola, Er J.},
  booktitle = {Proceedings of the 32nd International Conference on Machine Learning (ICML)},
  editor = {Bach, Francis R. and Blei, David M.},
  month = {July},
  note = {\url{http://proceedings.mlr.press/v37/wangg15.html}},
  pages = {2493--2502},
  publisher = {Journal of Machine Learning Research (JMLR)},
  series = {Workshop and Conference Proceedings},
  title = {Privacy for Free: Posterior Sampling and Stochastic Gradient Monte Carlo},
  year = {2015}
}

@inproceedings{wang2015safe,
  address = {Lille, France},
  author = {Wang, Jie and Ye, Jieping},
  booktitle = {Proceedings of the 32nd International Conference on Machine Learning (ICML)},
  editor = {Bach, Francis R. and Blei, David M.},
  month = {July},
  note = {\url{http://proceedings.mlr.press/v37/wangf15.html}},
  openalex = {W2952347266},
  pages = {1747--1756},
  publisher = {Journal of Machine Learning Research (JMLR)},
  series = {Workshop and Conference Proceedings},
  title = {Safe Screening for Multi-Task Feature Learning with Multiple Data Matrices},
  volume = {37},
  year = {2015}
}

@inproceedings{wangd2015metadata,
  address = {Lille, France},
  author = {Wang, Yi and Li, Bin and Wang, Yang and Chen, Fang},
  booktitle = {Proceedings of the 32nd International Conference on Machine Learning (ICML)},
  editor = {Bach, Francis R. and Blei, David M.},
  month = {July},
  note = {\url{http://proceedings.mlr.press/v37/wangd15.html}},
  openalex = {W1838272156},
  pages = {1339--1347},
  publisher = {JMLR.org},
  series = {Workshop and Conference Proceedings},
  title = {Metadata Dependent Mondrian Processes},
  year = {2015}
}

@inproceedings{wangy2015multitask,
  address = {Lille, France},
  author = {Wang, Xiaogang and Wipf, David and Ling, Qing and Chen, Wei and Wassell, Ian},
  booktitle = {Proceedings of the 32nd International Conference on Machine Learning (ICML)},
  editor = {Bach, Francis R. and Blei, David M.},
  month = {July},
  note = {\url{http://proceedings.mlr.press/v37/wangc15.html}},
  openalex = {W1858022548},
  pages = {1209--1217},
  publisher = {JMLR.org},
  series = {Workshop and Conference Proceedings},
  title = {Multi-Task Learning for Subspace Segmentation},
  year = {2015}
}

@inproceedings{wangyx2015deterministic,
  address = {Lille, France},
  author = {Wang, Yining and Wang, Yu-Xiang and Singh, Aarti},
  booktitle = {Proceedings of the 32nd International Conference on Machine Learning (ICML)},
  editor = {Bach, Francis R. and Blei, David M.},
  month = {July},
  note = {\url{http://proceedings.mlr.press/v37/wange15.html}},
  openalex = {W1878405293},
  pages = {1422--1431},
  publisher = {JMLR.org},
  series = {Workshop and Conference Proceedings},
  title = {A Deterministic Analysis of Noisy Sparse Subspace Clustering for Dimensionality-reduced Data},
  year = {2015}
}

@inproceedings{wei2015submodularity,
  address = {Lille, France},
  author = {Wei, Kai and Iyer, Rishabh and Bilmes, Jeff},
  booktitle = {Proceedings of the 32nd International Conference on Machine Learning (ICML)},
  editor = {Bach, Francis R. and Blei, David M.},
  month = {July},
  note = {\url{http://proceedings.mlr.press/v37/wei15.html}},
  openalex = {W1912128066},
  pages = {1954--1963},
  publisher = {Journal of Machine Learning Research (JMLR)},
  series = {Workshop and Conference Proceedings},
  title = {Submodularity in Data Subset Selection and Active Learning},
  volume = {37},
  year = {2015}
}

@inproceedings{weiss2015learning,
  address = {Lille, France},
  author = {Weiss, Roi and Nadler, Boaz},
  booktitle = {Proceedings of the 32nd International Conference on Machine Learning (ICML)},
  editor = {Bach, Francis R. and Blei, David M.},
  month = {July},
  note = {\url{http://proceedings.mlr.press/v37/weiss15.html}},
  openalex = {W2949713567},
  pages = {635--644},
  publisher = {JMLR.org},
  series = {Workshop and Conference Proceedings},
  title = {Learning Parametric-Output HMMs with Two Aliased States},
  volume = {37},
  year = {2015}
}

@inproceedings{wen2015efficient,
  address = {Lille, France},
  author = {Wen, Zheng and Kveton, Branislav and Ashkan, Azin},
  booktitle = {Proceedings of the 32nd International Conference on Machine Learning (ICML)},
  editor = {Bach, Francis R. and Blei, David M.},
  month = {July},
  note = {\url{http://proceedings.mlr.press/v37/wen15.html}},
  openalex = {W1876041327},
  pages = {1113--1122},
  publisher = {JMLR.org},
  series = {JMLR Workshop and Conference Proceedings},
  title = {Efficient Learning in Large-Scale Combinatorial Semi-Bandits},
  volume = {37},
  year = {2015}
}

@inproceedings{wilson2015kernel,
  address = {Lille, France},
  author = {Wilson, Andrew Gordon and Nickisch, Hannes},
  booktitle = {Proceedings of the 32nd International Conference on Machine Learning (ICML)},
  editor = {Bach, Francis R. and Blei, David M.},
  month = {July},
  note = {\url{http://proceedings.mlr.press/v37/wilson15.html}},
  openalex = {W1702387805},
  pages = {1775--1784},
  publisher = {Journal of Machine Learning Research (JMLR)},
  series = {Workshop and Conference Proceedings},
  title = {Kernel Interpolation for Scalable Structured Gaussian Processes (KISS-GP)},
  volume = {37},
  year = {2015}
}

@inproceedings{winner2015inference,
  address = {Lille, France},
  author = {Winner, Kevin and Bernstein, Garrett and Sheldon, Daniel},
  booktitle = {Proceedings of the 32nd International Conference on Machine Learning (ICML)},
  editor = {Bach, Francis R. and Blei, David M.},
  month = {July},
  note = {\url{http://proceedings.mlr.press/v37/winner15.html}},
  pages = {2512--2520},
  publisher = {Journal of Machine Learning Research (JMLR)},
  series = {Workshop and Conference Proceedings},
  title = {Inference in a Partially Observed Queuing Model with Applications in Ecology},
  year = {2015}
}

@inproceedings{wu2015on,
  address = {Lille, France},
  author = {Wu, Yifan and György, András and Szepesvári, Csaba},
  booktitle = {Proceedings of the 32nd International Conference on Machine Learning (ICML)},
  editor = {Bach, Francis R. and Blei, David M.},
  month = {July},
  note = {\url{http://proceedings.mlr.press/v37/wub15.html}},
  openalex = {W1868011046},
  pages = {1283--1291},
  publisher = {JMLR.org},
  series = {Workshop and Conference Proceedings},
  title = {On Identifying Good Options under Combinatorially Structured Feedback in Finite Noisy Environments},
  year = {2015}
}

@inproceedings{wu2015online,
  address = {Lille, France},
  author = {Wu, Yuanbin and Sun, Shiliang},
  booktitle = {Proceedings of the 32nd International Conference on Machine Learning (ICML)},
  editor = {Bach, Francis R. and Blei, David M.},
  month = {July},
  note = {\url{http://proceedings.mlr.press/v37/wua15.html}},
  openalex = {W1659646057},
  pages = {890--898},
  publisher = {JMLR.org},
  series = {JMLR Workshop and Conference Proceedings},
  title = {An Online Learning Algorithm for Bilinear Models},
  volume = {37},
  year = {2015}
}

@inproceedings{xiao2015is,
  address = {Lille, France},
  author = {Huang, Xiao and Biggio, Battista and Brown, Gavin and Fumera, Giorgio and Eckert, Claudia and Roli, Fabio},
  booktitle = {Proceedings of the 32nd International Conference on Machine Learning (ICML)},
  editor = {Bach, Francis R. and Blei, David M.},
  month = {July},
  note = {\url{http://proceedings.mlr.press/v37/xiao15.html}},
  openalex = {W2167421362},
  pages = {1689--1698},
  publisher = {Journal of Machine Learning Research (JMLR)},
  series = {Workshop and Conference Proceedings},
  title = {Is feature selection secure against training data poisoning?},
  volume = {37},
  year = {2015}
}

@inproceedings{xin2015pushing,
  address = {Lille, France},
  author = {Xin, Bo and Wipf, David},
  booktitle = {Proceedings of the 32nd International Conference on Machine Learning (ICML)},
  editor = {Bach, Francis R. and Blei, David M.},
  month = {July},
  note = {\url{http://proceedings.mlr.press/v37/xin15.html}},
  openalex = {W1869958067},
  pages = {419--427},
  publisher = {JMLR.org},
  series = {Workshop and Conference Proceedings},
  title = {Pushing the Limits of Affine Rank Minimization by Adapting Probabilistic PCA},
  volume = {37},
  year = {2015}
}

@inproceedings{xu2015cur,
  address = {Lille, France},
  author = {Xu, Miao and Jin, Rong and Zhou, Zhihua},
  booktitle = {Proceedings of the 32nd International Conference on Machine Learning (ICML)},
  editor = {Bach, Francis R. and Blei, David M.},
  month = {July},
  note = {\url{http://proceedings.mlr.press/v37/xua15.html}},
  openalex = {W1495927536},
  pages = {1412--1421},
  publisher = {JMLR.org},
  series = {Workshop and Conference Proceedings},
  title = {CUR Algorithm for Partially Observed Matrices},
  year = {2015}
}

@inproceedings{xu2015deep,
  address = {Lille, France},
  author = {Xu, Li and Ren, Jimmy S. J. and Yan, Qiong and Liao, Renjie and Jia, Jiaya},
  booktitle = {Proceedings of the 32nd International Conference on Machine Learning (ICML)},
  editor = {Bach, Francis R. and Blei, David M.},
  month = {July},
  note = {\url{http://proceedings.mlr.press/v37/xub15.html}},
  pages = {1669--1678},
  publisher = {Journal of Machine Learning Research (JMLR)},
  series = {Workshop and Conference Proceedings},
  title = {Deep Edge-Aware Filters},
  volume = {37},
  year = {2015}
}

@inproceedings{y2015binary,
  address = {Lille, France},
  author = {Yi, Xinyang and Caramanis, Constantine and Price, Eric},
  booktitle = {Proceedings of the 32nd International Conference on Machine Learning (ICML)},
  editor = {Bach, Francis R. and Blei, David M.},
  month = {July},
  note = {\url{http://proceedings.mlr.press/v37/yi15.html}},
  openalex = {W2951653993},
  pages = {2162--2170},
  publisher = {Journal of Machine Learning Research (JMLR)},
  series = {Workshop and Conference Proceedings},
  title = {Binary Embedding: Fundamental Limits and Fast Algorithm},
  volume = {37},
  year = {2015}
}

@inproceedings{yang2015divide,
  address = {Lille, France},
  author = {Yang, Wenzhuo and Xu, Huan},
  booktitle = {Proceedings of the 32nd International Conference on Machine Learning (ICML)},
  editor = {Bach, Francis R. and Blei, David M.},
  month = {July},
  note = {\url{http://proceedings.mlr.press/v37/yange15.html}},
  openalex = {W1763176714},
  pages = {504--513},
  publisher = {JMLR.org},
  series = {Workshop and Conference Proceedings},
  title = {A Divide and Conquer Framework for Distributed Graph Clustering},
  volume = {37},
  year = {2015}
}

@inproceedings{yang2015explicit,
  address = {Lille, France},
  author = {Yang, Tianbao and Zhang, Lijun and Jin, Rong and Zhu, Shenghuo},
  booktitle = {Proceedings of the 32nd International Conference on Machine Learning (ICML)},
  editor = {Bach, Francis R. and Blei, David M.},
  month = {July},
  note = {\url{http://proceedings.mlr.press/v37/yanga15.html}},
  openalex = {W2951577062},
  pages = {135--143},
  publisher = {JMLR.org},
  series = {Workshop and Conference Proceedings},
  title = {An Explicit Sampling Dependent Spectral Error Bound for Column Subset Selection},
  volume = {37},
  year = {2015}
}

@inproceedings{yang2015sparse,
  address = {Lille, France},
  author = {Yang, Congyuan and Robinson, Daniel P. and Vidal, René},
  booktitle = {Proceedings of the 32nd International Conference on Machine Learning (ICML)},
  editor = {Bach, Francis R. and Blei, David M.},
  month = {July},
  note = {\url{http://proceedings.mlr.press/v37/yangf15.html}},
  openalex = {W1826721227},
  pages = {2463--2472},
  publisher = {Journal of Machine Learning Research (JMLR)},
  series = {Workshop and Conference Proceedings},
  title = {Sparse Subspace Clustering with Missing Entries},
  year = {2015}
}

@inproceedings{yang2015streaming,
  address = {Lille, France},
  author = {Yang, Wenzhuo and Xu, Huan},
  booktitle = {Proceedings of the 32nd International Conference on Machine Learning (ICML)},
  editor = {Bach, Francis R. and Blei, David M.},
  month = {July},
  note = {\url{http://proceedings.mlr.press/v37/yangd15.html}},
  openalex = {W1701167349},
  pages = {494--503},
  publisher = {JMLR.org},
  series = {Workshop and Conference Proceedings},
  title = {Streaming Sparse Principal Component Analysis},
  volume = {37},
  year = {2015}
}

@inproceedings{yang2015theory,
  address = {Lille, France},
  author = {Yang, Tianbao and Zhang, Lijun and Jin, Rong and Zhu, Shenghuo},
  booktitle = {Proceedings of the 32nd International Conference on Machine Learning (ICML)},
  editor = {Bach, Francis R. and Blei, David M.},
  month = {July},
  note = {\url{http://proceedings.mlr.press/v37/yangb15.html}},
  openalex = {W2119426248},
  pages = {305--314},
  publisher = {JMLR.org},
  series = {Workshop and Conference Proceedings},
  title = {Theory of Dual-sparse Regularized Randomized Reduction},
  volume = {37},
  year = {2015}
}

@inproceedings{yang2015unified,
  address = {Lille, France},
  author = {Yang, Wenzhuo and Xu, Huan},
  booktitle = {Proceedings of the 32nd International Conference on Machine Learning (ICML)},
  editor = {Bach, Francis R. and Blei, David M.},
  month = {July},
  note = {\url{http://proceedings.mlr.press/v37/yangc15.html}},
  openalex = {W1769521267},
  pages = {484--493},
  publisher = {JMLR.org},
  series = {Workshop and Conference Proceedings},
  title = {A Unified Framework for Outlier-Robust PCA-like Algorithms},
  volume = {37},
  year = {2015}
}

@inproceedings{yen2015convex,
  address = {Lille, France},
  author = {Yen, En-Hsu and Lin, Xin and Zhong, Kai and Ravikumar, Pradeep and Dhillon, Inderjit S.},
  booktitle = {Proceedings of the 32nd International Conference on Machine Learning (ICML)},
  editor = {Bach, Francis R. and Blei, David M.},
  month = {July},
  note = {\url{http://proceedings.mlr.press/v37/yen15.html}},
  openalex = {W1842774583},
  pages = {2418--2426},
  publisher = {Journal of Machine Learning Research (JMLR)},
  series = {Workshop and Conference Proceedings},
  title = {A Convex Exemplar-based Approach to MAD-Bayes Dirichlet Process Mixture Models},
  year = {2015}
}

@inproceedings{yogatama2015learning,
  address = {Lille, France},
  author = {Yogatama, Dani and Faruqui, Manaal and Dyer, Chris and Smith, Noah A.},
  booktitle = {Proceedings of the 32nd International Conference on Machine Learning (ICML)},
  editor = {Bach, Francis R. and Blei, David M.},
  month = {July},
  note = {\url{http://proceedings.mlr.press/v37/yogatama15.html}},
  openalex = {W2963481018},
  pages = {87--96},
  publisher = {JMLR.org},
  series = {Workshop and Conference Proceedings},
  title = {Learning Word Representations with Hierarchical Sparse Coding},
  volume = {37},
  year = {2015}
}

@inproceedings{you2015geometric,
  address = {Lille, France},
  author = {You, Chong and Vidal, René},
  booktitle = {Proceedings of the 32nd International Conference on Machine Learning (ICML)},
  editor = {Bach, Francis R. and Blei, David M.},
  month = {July},
  note = {\url{http://proceedings.mlr.press/v37/you15.html}},
  openalex = {W1826223126},
  pages = {1585--1593},
  publisher = {Journal of Machine Learning Research (JMLR)},
  series = {Workshop and Conference Proceedings},
  title = {Geometric Conditions for Subspace-Sparse Recovery},
  volume = {37},
  year = {2015}
}

@inproceedings{yu2015accelerated,
  address = {Lille, France},
  author = {Yu, Rose and Cheng, Dehua and Liu, Yan},
  booktitle = {Proceedings of the 32nd International Conference on Machine Learning (ICML)},
  editor = {Bach, Francis R. and Blei, David M.},
  month = {July},
  note = {\url{http://proceedings.mlr.press/v37/yua15.html}},
  openalex = {W1912572177},
  pages = {238--247},
  publisher = {JMLR.org},
  series = {Workshop and Conference Proceedings},
  title = {Accelerated Online Low Rank Tensor Learning for Multivariate Spatiotemporal Streams},
  volume = {37},
  year = {2015}
}

@inproceedings{yu2015learning,
  address = {Lille, France},
  author = {Yu, Jiaqian and Blaschko, Matthew B.},
  booktitle = {Proceedings of the 32nd International Conference on Machine Learning (ICML)},
  editor = {Bach, Francis R. and Blei, David M.},
  month = {July},
  note = {\url{http://proceedings.mlr.press/v37/yub15.html}},
  openalex = {W1863660263},
  pages = {1623--1631},
  publisher = {Journal of Machine Learning Research (JMLR)},
  series = {Workshop and Conference Proceedings},
  title = {Learning Submodular Losses with the Lovász Hinge},
  volume = {37},
  year = {2015}
}

@inproceedings{yuan2015nonGaussian,
  address = {Lille, France},
  author = {Yuan, Xin and Henao, Ricardo and Tsalik, Ephraim L. and Langley, Raymond J. and Carin, Lawrence},
  booktitle = {Proceedings of the 32nd International Conference on Machine Learning (ICML)},
  editor = {Bach, Francis R. and Blei, David M.},
  month = {July},
  note = {\url{http://proceedings.mlr.press/v37/yuan15.html}},
  openalex = {W2949090811},
  pages = {1254--1263},
  publisher = {JMLR.org},
  series = {Workshop and Conference Proceedings},
  title = {Non-Gaussian Discriminative Factor Models via the Max-Margin Rank-Likelihood},
  year = {2015}
}

@inproceedings{z2015hybrid,
  address = {Lille, France},
  author = {Zhu, Michael and Ermon, Stefano},
  booktitle = {Proceedings of the 32nd International Conference on Machine Learning (ICML)},
  editor = {Bach, Francis R. and Blei, David M.},
  month = {July},
  note = {\url{http://proceedings.mlr.press/v37/zhuc15.html}},
  openalex = {W1843468135},
  pages = {2039--2047},
  publisher = {Journal of Machine Learning Research (JMLR)},
  series = {Workshop and Conference Proceedings},
  title = {A Hybrid Approach for Probabilistic Inference using Random Projections},
  volume = {37},
  year = {2015}
}

@inproceedings{z2015lowrank,
  address = {Lille, France},
  author = {Wagner, Avishai and Zuk, Or},
  booktitle = {Proceedings of the 32nd International Conference on Machine Learning (ICML)},
  editor = {Bach, Francis R. and Blei, David M.},
  month = {July},
  note = {\url{http://proceedings.mlr.press/v37/zuk15.html}},
  openalex = {W1926428451},
  pages = {2012--2020},
  publisher = {Journal of Machine Learning Research (JMLR)},
  series = {Workshop and Conference Proceedings},
  title = {Low-Rank Matrix Recovery from Row-and-Column Affine Measurements},
  volume = {37},
  year = {2015}
}

@inproceedings{zhang2015disco,
  address = {Lille, France},
  author = {Zhang, Yuchen and Lin, Xiao},
  booktitle = {Proceedings of the 32nd International Conference on Machine Learning (ICML)},
  editor = {Bach, Francis R. and Blei, David M.},
  month = {July},
  note = {\url{http://proceedings.mlr.press/v37/zhangb15.html}},
  pages = {362--370},
  publisher = {JMLR.org},
  series = {Workshop and Conference Proceedings},
  title = {DiSCO: Distributed Optimization for Self-Concordant Empirical Loss},
  volume = {37},
  year = {2015}
}

@inproceedings{zhang2015distributed,
  address = {Lille, France},
  author = {Zhang, Yuchen and Wainwright, Martin J. and Jordan, Michael I.},
  booktitle = {Proceedings of the 32nd International Conference on Machine Learning (ICML)},
  editor = {Bach, Francis R. and Blei, David M.},
  month = {July},
  note = {\url{http://proceedings.mlr.press/v37/zhangc15.html}},
  openalex = {W2952930800},
  pages = {457--465},
  publisher = {JMLR.org},
  series = {Workshop and Conference Proceedings},
  title = {Distributed Estimation of Generalized Matrix Rank: Efficient Algorithms and Lower Bounds},
  volume = {37},
  year = {2015}
}

@inproceedings{zhang2015markov,
  address = {Lille, France},
  author = {Zhang, Aonan and Paisley, John},
  booktitle = {Proceedings of the 32nd International Conference on Machine Learning (ICML)},
  editor = {Bach, Francis R. and Blei, David M.},
  month = {July},
  note = {\url{http://proceedings.mlr.press/v37/zhangd15.html}},
  openalex = {W1835150476},
  pages = {475--483},
  publisher = {JMLR.org},
  series = {Workshop and Conference Proceedings},
  title = {Markov Mixed Membership Models},
  volume = {37},
  year = {2015}
}

@inproceedings{zhang2015stochastic,
  address = {Lille, France},
  author = {Zhang, Yuchen and Lin, Xiao},
  booktitle = {Proceedings of the 32nd International Conference on Machine Learning (ICML)},
  editor = {Bach, Francis R. and Blei, David M.},
  month = {July},
  note = {\url{http://proceedings.mlr.press/v37/zhanga15.html}},
  pages = {353--361},
  publisher = {JMLR.org},
  series = {Workshop and Conference Proceedings},
  title = {Stochastic Primal-Dual Coordinate Method for Regularized Empirical Risk Minimization},
  volume = {37},
  year = {2015}
}

@inproceedings{zhao2015adaptive,
  address = {Lille, France},
  author = {Zhao, Peilin and Yang, Jin-Wei and Zhang, Tong and Li, Ping},
  booktitle = {Proceedings of the 32nd International Conference on Machine Learning (ICML)},
  editor = {Bach, Francis R. and Blei, David M.},
  month = {July},
  note = {\url{http://proceedings.mlr.press/v37/zhaob15.html}},
  openalex = {W2963907572},
  pages = {69--77},
  publisher = {JMLR.org},
  series = {Workshop and Conference Proceedings},
  title = {Adaptive Stochastic Alternating Direction Method of Multipliers},
  volume = {37},
  year = {2015}
}

@inproceedings{zhao2015on,
  address = {Lille, France},
  author = {Zhao, Han and Melibari, Mazen and Poupart, Pascal},
  booktitle = {Proceedings of the 32nd International Conference on Machine Learning (ICML)},
  editor = {Bach, Francis R. and Blei, David M.},
  month = {July},
  note = {\url{http://proceedings.mlr.press/v37/zhaoc15.html}},
  openalex = {W1862639047},
  pages = {116--124},
  publisher = {JMLR.org},
  series = {Workshop and Conference Proceedings},
  title = {On the Relationship between Sum-Product Networks and Bayesian Networks},
  volume = {37},
  year = {2015}
}

@inproceedings{zhao2015stochastic,
  address = {Lille, France},
  author = {Zhao, Peilin and Zhang, Tong},
  booktitle = {Proceedings of the 32nd International Conference on Machine Learning (ICML)},
  editor = {Bach, Francis R. and Blei, David M.},
  month = {July},
  note = {\url{http://proceedings.mlr.press/v37/zhaoa15.html}},
  openalex = {W1842094663},
  pages = {1--9},
  publisher = {JMLR.org},
  series = {Workshop and Conference Proceedings},
  title = {Stochastic Optimization with Importance Sampling for Regularized Loss Minimization},
  volume = {37},
  year = {2015}
}

@inproceedings{zhou2015safe,
  address = {Lille, France},
  author = {Zhou, Qiang and Zhao, Qi},
  booktitle = {Proceedings of the 32nd International Conference on Machine Learning (ICML)},
  editor = {Bach, Francis R. and Blei, David M.},
  month = {July},
  note = {\url{http://proceedings.mlr.press/v37/zhoua15.html}},
  openalex = {W605165147},
  pages = {1103--1112},
  publisher = {JMLR.org},
  series = {JMLR Workshop and Conference Proceedings},
  title = {Safe Subspace Screening for Nuclear Norm Regularized Least Squares Problems},
  volume = {37},
  year = {2015}
}

@inproceedings{zhu2015long,
  address = {Lille, France},
  author = {Zhu, Xiaodan and Sobihani, Parinaz and Guo, Hongyu},
  booktitle = {Proceedings of the 32nd International Conference on Machine Learning (ICML)},
  editor = {Bach, Francis R. and Blei, David M.},
  month = {July},
  note = {\url{http://proceedings.mlr.press/v37/zhub15.html}},
  openalex = {W1879966306},
  pages = {1604--1612},
  publisher = {Journal of Machine Learning Research (JMLR)},
  series = {Workshop and Conference Proceedings},
  title = {Long Short-Term Memory Over Recursive Structures},
  volume = {37},
  year = {2015}
}

@inproceedings{zhu2015towards,
  address = {Lille, France},
  author = {Zhu, Rongda and Gu, Quanquan},
  booktitle = {Proceedings of the 32nd International Conference on Machine Learning (ICML)},
  editor = {Bach, Francis R. and Blei, David M.},
  month = {July},
  note = {\url{http://proceedings.mlr.press/v37/zhua15.html}},
  openalex = {W625557853},
  pages = {739--747},
  publisher = {JMLR.org},
  series = {Workshop and Conference Proceedings},
  title = {Towards a Lower Sample Complexity for Robust One-bit Compressed Sensing},
  volume = {37},
  year = {2015}
}
