@inproceedings{a2016cumulative,
  address = {New York City, New York, USA},
  author = {A., Prashanth L. and Jie, Cheng and Fu, Michael C. and Marcus, Steven I. and Szepesvári, Csaba},
  booktitle = {Proceedings of the 33rd International Conference on Machine Learning (ICML)},
  editor = {Balcan, Maria-Florina and Weinberger, Kilian Q.},
  month = {June},
  note = {\url{http://proceedings.mlr.press/v48/la16.html}},
  pages = {1406--1415},
  publisher = {Journal of Machine Learning Research (JMLR)},
  series = {JMLR Workshop and Conference Proceedings},
  title = {Cumulative Prospect Theory Meets Reinforcement Learning: Prediction and Control},
  volume = {48},
  year = {2016}
}

@inproceedings{abel2016near,
  address = {New York City, New York, USA},
  author = {Abel, David and Hershkowitz, D. Ellis and Littman, Michael L.},
  booktitle = {Proceedings of the 33rd International Conference on Machine Learning (ICML)},
  editor = {Balcan, Maria-Florina and Weinberger, Kilian Q.},
  month = {June},
  note = {\url{http://proceedings.mlr.press/v48/abel16.html}},
  openalex = {W2468354762},
  pages = {2915--2923},
  publisher = {JMLR.org},
  series = {Workshop and Conference Proceedings},
  title = {Near Optimal Behavior via Approximate State Abstraction},
  year = {2016}
}

@inproceedings{abernethy2016faster,
  address = {New York City, New York, USA},
  author = {Abernethy, Jacob and Hazan, Elad},
  booktitle = {Proceedings of the 33rd International Conference on Machine Learning (ICML)},
  editor = {Balcan, Maria-Florina and Weinberger, Kilian Q.},
  month = {June},
  note = {\url{http://proceedings.mlr.press/v48/abernethy16.html}},
  openalex = {W2962746814},
  pages = {2520--2528},
  publisher = {Journal of Machine Learning Research (JMLR)},
  series = {Workshop and Conference Proceedings},
  title = {Faster convex optimization: simulated annealing with an efficient universal barrier},
  volume = {48},
  year = {2016}
}

@inproceedings{acharya2016fast,
  address = {New York City, New York, USA},
  author = {Acharya, Jayadev and Diakonikolas, Ilias and Li, Jerry and Schmidt, Ludwig},
  booktitle = {Proceedings of the 33rd International Conference on Machine Learning (ICML)},
  editor = {Balcan, Maria-Florina and Weinberger, Kilian Q.},
  month = {June},
  note = {\url{http://proceedings.mlr.press/v48/acharya16.html}},
  openalex = {W2474722726},
  pages = {2878--2886},
  publisher = {JMLR.org},
  series = {Workshop and Conference Proceedings},
  title = {Fast Algorithms for Segmented Regression},
  year = {2016}
}

@inproceedings{achim2016beyond,
  address = {New York City, New York, USA},
  author = {Achim, Tudor and Sabharwal, Ashish and Ermon, Stefano},
  booktitle = {Proceedings of the 33rd International Conference on Machine Learning (ICML)},
  editor = {Balcan, Maria-Florina and Weinberger, Kilian Q.},
  month = {June},
  note = {\url{\url{http://proceedings.mlr.press/v48/achim16.html}}},
  openalex = {W2471078913},
  pages = {2254--2262},
  publisher = {Journal of Machine Learning Research (JMLR)},
  series = {Workshop and Conference Proceedings},
  title = {Beyond parity constraints: Fourier analysis of hash functions for inference},
  volume = {48},
  year = {2016}
}

@inproceedings{adams2016hierarchical,
  address = {New York City, New York, USA},
  author = {Adams, Roy J. and Saleheen, Nazir and Thomaz, Edison and Parate, Abhinav and Kumar, Santosh and Marlin, Benjamin M.},
  booktitle = {Proceedings of the 33rd International Conference on Machine Learning (ICML)},
  editor = {Balcan, Maria-Florina and Weinberger, Kilian Q.},
  month = {June},
  note = {\url{http://proceedings.mlr.press/v48/adams16.html}},
  openalex = {W2461173082},
  pages = {334--343},
  publisher = {Journal of Machine Learning Research (JMLR)},
  series = {Workshop and Conference Proceedings},
  title = {Hierarchical span-based conditional random fields for labeling and segmenting events in wearable sensor data streams},
  year = {2016}
}

@inproceedings{akrour2016modelfree,
  address = {New York City, New York, USA},
  author = {Akrour, Riad and Abdolmaleki, Abbas and Abdulsamad, Hany and Neumann, Gerhard},
  booktitle = {Proceedings of the 33rd International Conference on Machine Learning (ICML)},
  editor = {Balcan, Maria-Florina and Weinberger, Kilian Q.},
  month = {June},
  note = {\url{http://proceedings.mlr.press/v48/akrour16.html}},
  openalex = {W2952063594},
  pages = {2961--2970},
  publisher = {JMLR.org},
  series = {Workshop and Conference Proceedings},
  title = {Model-free Trajectory Optimization for Reinforcement Learning},
  year = {2016}
}

@inproceedings{alex2016bistro,
  address = {New York City, New York, USA},
  author = {Rakhlin, Alexander and Sridharan, Karthik},
  booktitle = {Proceedings of the 33rd International Conference on Machine Learning (ICML)},
  editor = {Balcan, Maria-Florina and Weinberger, Kilian Q.},
  month = {June},
  note = {\url{\url{http://proceedings.mlr.press/v48/rakhlin16.html}}},
  openalex = {W2963695335},
  pages = {1977--1985},
  publisher = {Journal of Machine Learning Research (JMLR)},
  series = {Workshop and Conference Proceedings},
  title = {BISTRO: an efficient relaxation-based method for contextual bandits},
  volume = {48},
  year = {2016}
}

@inproceedings{allamanis2016convolutional,
  address = {New York City, New York, USA},
  author = {Allamanis, Miltiadis and Peng, Hao and Sutton, Charles},
  booktitle = {Proceedings of the 33rd International Conference on Machine Learning (ICML)},
  editor = {Balcan, Maria-Florina and Weinberger, Kilian Q.},
  month = {June},
  note = {\url{\url{http://proceedings.mlr.press/v48/allamanis16.html}}},
  openalex = {W2962995178},
  pages = {2091--2100},
  publisher = {Journal of Machine Learning Research (JMLR)},
  series = {Workshop and Conference Proceedings},
  title = {A Convolutional Attention Network for Extreme Summarization of Source Code},
  volume = {48},
  year = {2016}
}

@inproceedings{almahairi2016dynamic,
  address = {New York City, New York, USA},
  author = {Almahairi, Amjad and Ballas, Nicolas and Cooijmans, Tim and Zheng, Yin and Larochelle, Hugo and Courville, Aaron},
  booktitle = {Proceedings of the 33rd International Conference on Machine Learning (ICML)},
  editor = {Balcan, Maria-Florina and Weinberger, Kilian Q.},
  month = {June},
  note = {\url{http://proceedings.mlr.press/v48/almahairi16.html}},
  openalex = {W2963518064},
  pages = {2549--2558},
  publisher = {Journal of Machine Learning Research (JMLR)},
  series = {Workshop and Conference Proceedings},
  title = {Dynamic capacity networks},
  volume = {48},
  year = {2016}
}

@inproceedings{altschuler2016greedy,
  address = {New York City, New York, USA},
  author = {Altschuler, Jason M. and Bhaskara, Aditya and Fu, Gang and Mirrokni, Vahab and Rostamizadeh, Afshin and Zadimoghaddam, Morteza},
  booktitle = {Proceedings of the 33rd International Conference on Machine Learning (ICML)},
  editor = {Balcan, Maria-Florina and Weinberger, Kilian Q.},
  month = {June},
  note = {\url{http://proceedings.mlr.press/v48/altschuler16.html}},
  openalex = {W2414043010},
  pages = {2539--2548},
  publisher = {Journal of Machine Learning Research (JMLR)},
  series = {Workshop and Conference Proceedings},
  title = {Greedy column subset selection: new bounds and distributed algorithms},
  volume = {48},
  year = {2016}
}

@inproceedings{amodei2016deep,
  address = {New York City, New York, USA},
  author = {Amodei, Dario and Anubhai, Rishita and Battenberg, Eric and Case, Carl and Casper, Jared and Catanzaro, Bryan and Chen, Jingdong and Chrzanowski, Mike and Coates, Adam and Diamos, Greg and Elsen, Erich and Engel, Jesse and Fan, Linxi and Fougner, Christopher and Han, Tony Xiao and Hannun, Awni and Jun, Billy and LeGresley, Patrick and Lin, Libby and Narang, Sharan and Ng, Andrew Y. and Ozair, Sherjil and Prenger, Ryan and Raiman, Jonathan and Satheesh, Sanjeev and Seetapun, David and Sengupta, Shubho and Wang, Yi and Wang, Zhiqian and Wang, Chong and Xiao, Bo and Yogatama, Dani and Zhan, Jun and Zhu, Zhenyao},
  booktitle = {Proceedings of the 33rd International Conference on Machine Learning (ICML)},
  editor = {Balcan, Maria-Florina and Weinberger, Kilian Q.},
  month = {June},
  note = {\url{http://proceedings.mlr.press/v48/amodei16.html}},
  openalex = {W2949640717},
  pages = {173--182},
  publisher = {Journal of Machine Learning Research (JMLR)},
  series = {Workshop and Conference Proceedings},
  title = {Deep Speech 2: End-to-End Speech Recognition in English and Mandarin},
  year = {2016}
}

@inproceedings{anava2016heteroscedastic,
  address = {New York City, New York, USA},
  author = {Anava, Oren and Mannor, Shie},
  booktitle = {Proceedings of the 33rd International Conference on Machine Learning (ICML)},
  editor = {Balcan, Maria-Florina and Weinberger, Kilian Q.},
  month = {June},
  note = {\url{http://proceedings.mlr.press/v48/anava16.html}},
  openalex = {W2425860297},
  pages = {755--763},
  publisher = {JMLR.org},
  series = {JMLR Workshop and Conference Proceedings},
  title = {Heteroscedastic sequences: beyond Gaussianity},
  volume = {48},
  year = {2016}
}

@inproceedings{arjevani2016on,
  address = {New York City, New York, USA},
  author = {Arjevani, Yossi and Shamir, Ohad},
  booktitle = {Proceedings of the 33rd International Conference on Machine Learning (ICML)},
  editor = {Balcan, Maria-Florina and Weinberger, Kilian Q.},
  month = {June},
  note = {\url{http://proceedings.mlr.press/v48/arjevani16.html}},
  openalex = {W2962681649},
  pages = {908--916},
  publisher = {JMLR.org},
  series = {JMLR Workshop and Conference Proceedings},
  title = {On the iteration complexity of oblivious first-order optimization algorithms},
  volume = {48},
  year = {2016}
}

@inproceedings{arjovsky2016unitary,
  address = {New York City, New York, USA},
  author = {Arjovsky, Martín and Shah, Amar and Bengio, Yoshua},
  booktitle = {Proceedings of the 33rd International Conference on Machine Learning (ICML)},
  editor = {Balcan, Maria-Florina and Weinberger, Kilian Q.},
  month = {June},
  note = {\url{http://proceedings.mlr.press/v48/arjovsky16.html}},
  openalex = {W2963042606},
  pages = {1120--1128},
  publisher = {JMLR.org},
  series = {JMLR Workshop and Conference Proceedings},
  title = {Unitary Evolution Recurrent Neural Networks},
  volume = {48},
  year = {2016}
}

@inproceedings{arora2016provable,
  address = {New York City, New York, USA},
  author = {Arora, Sanjeev and Ge, Rong and Koehler, Frederic and Ma, Tengyu and Moitra, Ankur},
  booktitle = {Proceedings of the 33rd International Conference on Machine Learning (ICML)},
  editor = {Balcan, Maria-Florina and Weinberger, Kilian Q.},
  month = {June},
  note = {\url{http://proceedings.mlr.press/v48/arorab16.html}},
  openalex = {W2395737356},
  pages = {2859--2867},
  publisher = {JMLR.org},
  series = {Workshop and Conference Proceedings},
  title = {Provable Algorithms for Inference in Topic Models},
  year = {2016}
}

@inproceedings{arora2016stochastic,
  address = {New York City, New York, USA},
  author = {Arora, Raman and Mianjy, Poorya and Marinov, Teodor V.},
  booktitle = {Proceedings of the 33rd International Conference on Machine Learning (ICML)},
  editor = {Balcan, Maria-Florina and Weinberger, Kilian Q.},
  month = {June},
  note = {\url{http://proceedings.mlr.press/v48/aroraa16.html}},
  openalex = {W2466206531},
  pages = {1786--1794},
  publisher = {JMLR.org},
  series = {JMLR Workshop and Conference Proceedings},
  title = {Stochastic optimization for multiview representation learning using partial least squares},
  volume = {48},
  year = {2016}
}

@inproceedings{arpit2016normalization,
  address = {New York City, New York, USA},
  author = {Arpit, Devansh and Zhou, Yingbo and Kota, Bhargava Urala and Govindaraju, Venu},
  booktitle = {Proceedings of the 33rd International Conference on Machine Learning (ICML)},
  editor = {Balcan, Maria-Florina and Weinberger, Kilian Q.},
  month = {June},
  note = {\url{http://proceedings.mlr.press/v48/arpitb16.html}},
  openalex = {W2292729293},
  pages = {1168--1176},
  publisher = {Journal of Machine Learning Research (JMLR)},
  series = {JMLR Workshop and Conference Proceedings},
  title = {Normalization Propagation: A Parametric Technique for Removing Internal Covariate Shift in Deep Networks},
  volume = {48},
  year = {2016}
}

@inproceedings{arpit2016why,
  address = {New York City, New York, USA},
  author = {Arpit, Devansh and Zhou, Yingbo and Ngo, Hung Q. and Govindaraju, Venu},
  booktitle = {Proceedings of the 33rd International Conference on Machine Learning (ICML)},
  editor = {Balcan, Maria-Florina and Weinberger, Kilian Q.},
  month = {June},
  note = {\url{http://proceedings.mlr.press/v48/arpita16.html}},
  openalex = {W2963644868},
  pages = {136--144},
  publisher = {Journal of Machine Learning Research (JMLR)},
  series = {Workshop and Conference Proceedings},
  title = {Why regularized auto-encoders learn sparse representation?},
  year = {2016}
}

@inproceedings{asteris2016simple,
  address = {New York City, New York, USA},
  author = {Asteris, Megasthenis and Kyrillidis, Anastasios and Koyejo, Oluwasanmi and Poldrack, Russell A.},
  booktitle = {Proceedings of the 33rd International Conference on Machine Learning (ICML)},
  editor = {Balcan, Maria-Florina and Weinberger, Kilian Q.},
  month = {June},
  note = {\url{http://proceedings.mlr.press/v48/asteris16.html}},
  openalex = {W2964196814},
  pages = {1148--1157},
  publisher = {Journal of Machine Learning Research (JMLR)},
  series = {JMLR Workshop and Conference Proceedings},
  title = {A simple and provable algorithm for sparse diagonal CCA},
  volume = {48},
  year = {2016}
}

@inproceedings{bai2016algorithms,
  address = {New York City, New York, USA},
  author = {Bai, Wenruo and Iyer, Rishabh and Wei, Kai and Bilmes, Jeff},
  booktitle = {Proceedings of the 33rd International Conference on Machine Learning (ICML)},
  editor = {Balcan, Maria-Florina and Weinberger, Kilian Q.},
  month = {June},
  note = {\url{http://proceedings.mlr.press/v48/baib16.html}},
  openalex = {W2473476199},
  pages = {2751--2759},
  publisher = {JMLR.org},
  series = {Workshop and Conference Proceedings},
  title = {Algorithms for optimizing the ratio of submodular functions},
  year = {2016}
}

@inproceedings{bai2016differential,
  address = {New York City, New York, USA},
  author = {Bai, Qinxun and Rosenberg, Steven and Wu, Zheng and Sclaroff, Stan},
  booktitle = {Proceedings of the 33rd International Conference on Machine Learning (ICML)},
  editor = {Balcan, Maria-Florina and Weinberger, Kilian Q.},
  month = {June},
  note = {\url{\url{http://proceedings.mlr.press/v48/baia16.html}}},
  openalex = {W2475171437},
  pages = {1879--1888},
  publisher = {Journal of Machine Learning Research (JMLR)},
  series = {Workshop and Conference Proceedings},
  title = {Differential geometric regularization for supervised learning of classifiers},
  volume = {48},
  year = {2016}
}

@inproceedings{balduzzi2016stronglytyped,
  address = {New York City, New York, USA},
  author = {Balduzzi, David and Ghifary, Muhammad},
  booktitle = {Proceedings of the 33rd International Conference on Machine Learning (ICML)},
  editor = {Balcan, Maria-Florina and Weinberger, Kilian Q.},
  month = {June},
  note = {\url{http://proceedings.mlr.press/v48/balduzzi16.html}},
  openalex = {W2950297649},
  pages = {1292--1300},
  publisher = {Journal of Machine Learning Research (JMLR)},
  series = {JMLR Workshop and Conference Proceedings},
  title = {Strongly-Typed Recurrent Neural Networks},
  volume = {48},
  year = {2016}
}

@inproceedings{balkanski2016learning,
  address = {New York City, New York, USA},
  author = {Balkanski, Eric and Krause, Andreas and Mirzasoleiman, Baharan and Singer, Yaron},
  booktitle = {Proceedings of the 33rd International Conference on Machine Learning (ICML)},
  editor = {Balcan, Maria-Florina and Weinberger, Kilian Q.},
  month = {June},
  note = {\url{\url{http://proceedings.mlr.press/v48/balkanski16.html}}},
  openalex = {W2422342495},
  pages = {2207--2216},
  publisher = {Journal of Machine Learning Research (JMLR)},
  series = {Workshop and Conference Proceedings},
  title = {Learning sparse combinatorial representations via two-stage submodular maximization},
  volume = {48},
  year = {2016}
}

@inproceedings{balle2016differentially,
  address = {New York City, New York, USA},
  author = {Balle, Borja and Gomrokchi, Maziar and Precup, Doina},
  booktitle = {Proceedings of the 33rd International Conference on Machine Learning (ICML)},
  editor = {Balcan, Maria-Florina and Weinberger, Kilian Q.},
  month = {June},
  note = {\url{\url{http://proceedings.mlr.press/v48/balle16.html}}},
  openalex = {W2963110487},
  pages = {2130--2138},
  publisher = {Journal of Machine Learning Research (JMLR)},
  series = {Workshop and Conference Proceedings},
  title = {Differentially private policy evaluation},
  volume = {48},
  year = {2016}
}

@inproceedings{basbug2016hierarchical,
  address = {New York City, New York, USA},
  author = {Basbug, Mehmet Emin and Engelhardt, Barbara E.},
  booktitle = {Proceedings of the 33rd International Conference on Machine Learning (ICML)},
  editor = {Balcan, Maria-Florina and Weinberger, Kilian Q.},
  month = {June},
  note = {\url{http://proceedings.mlr.press/v48/basbug16.html}},
  openalex = {W2340224460},
  pages = {1795--1803},
  publisher = {JMLR.org},
  series = {JMLR Workshop and Conference Proceedings},
  title = {Hierarchical Compound Poisson Factorization},
  volume = {48},
  year = {2016}
}

@inproceedings{bauer2016arrow,
  address = {New York City, New York, USA},
  author = {Bauer, Stefan and Schölkopf, Bernhard and Peters, Jonas},
  booktitle = {Proceedings of the 33rd International Conference on Machine Learning (ICML)},
  editor = {Balcan, Maria-Florina and Weinberger, Kilian Q.},
  month = {June},
  note = {\url{\url{http://proceedings.mlr.press/v48/bauer16.html}}},
  openalex = {W4293923434},
  pages = {2043--2051},
  publisher = {Journal of Machine Learning Research (JMLR)},
  series = {Workshop and Conference Proceedings},
  title = {The Arrow of Time in Multivariate Time Series},
  volume = {48},
  year = {2016}
}

@inproceedings{belanger2016structured,
  address = {New York City, New York, USA},
  author = {Belanger, David and McCallum, Andrew},
  booktitle = {Proceedings of the 33rd International Conference on Machine Learning (ICML)},
  editor = {Balcan, Maria-Florina and Weinberger, Kilian Q.},
  month = {June},
  note = {\url{http://proceedings.mlr.press/v48/belanger16.html}},
  openalex = {W2964205912},
  pages = {983--992},
  publisher = {JMLR.org},
  series = {JMLR Workshop and Conference Proceedings},
  title = {Structured prediction energy networks},
  volume = {48},
  year = {2016}
}

@inproceedings{bhattacharyya2016nonnegative,
  address = {New York City, New York, USA},
  author = {Bhattacharyya, Chiranjib and Goyal, Navin and Kannan, Ravindran and Pani, Jagdeep},
  booktitle = {Proceedings of the 33rd International Conference on Machine Learning (ICML)},
  editor = {Balcan, Maria-Florina and Weinberger, Kilian Q.},
  month = {June},
  note = {\url{http://proceedings.mlr.press/v48/bhattacharya16.html}},
  openalex = {W2464779257},
  pages = {1426--1434},
  publisher = {Journal of Machine Learning Research (JMLR)},
  series = {JMLR Workshop and Conference Proceedings},
  title = {Non-negative matrix factorization under heavy noise},
  volume = {48},
  year = {2016}
}

@inproceedings{bhowmik2016sparse,
  address = {New York City, New York, USA},
  author = {Bhowmik, Avradeep and Ghosh, Joydeep and Koyejo, Oluwasanmi},
  booktitle = {Proceedings of the 33rd International Conference on Machine Learning (ICML)},
  editor = {Balcan, Maria-Florina and Weinberger, Kilian Q.},
  month = {June},
  note = {\url{http://proceedings.mlr.press/v48/bhowmik16.html}},
  openalex = {W2420696134},
  pages = {1090--1099},
  publisher = {JMLR.org},
  series = {JMLR Workshop and Conference Proceedings},
  title = {Sparse parameter recovery from aggregated data},
  volume = {48},
  year = {2016}
}

@inproceedings{bielik2016phog,
  address = {New York City, New York, USA},
  author = {Bielik, Pavol and Raychev, Veselin and Vechev, Martin},
  booktitle = {Proceedings of the 33rd International Conference on Machine Learning (ICML)},
  editor = {Balcan, Maria-Florina and Weinberger, Kilian Q.},
  month = {June},
  note = {\url{http://proceedings.mlr.press/v48/bielik16.html}},
  openalex = {W2444132761},
  pages = {2933--2942},
  publisher = {JMLR.org},
  series = {Workshop and Conference Proceedings},
  title = {PHOG: probabilistic model for code},
  year = {2016}
}

@inproceedings{bloemreddy2016slice,
  address = {New York City, New York, USA},
  author = {Bloem‐Reddy, Benjamin and Cunningham, John P.},
  booktitle = {Proceedings of the 33rd International Conference on Machine Learning (ICML)},
  month = {June},
  note = {\url{http://proceedings.mlr.press/v48/bloem-reddy16.html}},
  openalex = {W2468516836},
  pages = {3050--3058},
  publisher = {Journal of Machine Learning Research (JLMR)},
  series = {Workshop and Conference Proceedings},
  title = {Slice sampling on Hamiltonian trajectories},
  year = {2016}
}

@inproceedings{blondel2016polynomial,
  address = {New York City, New York, USA},
  author = {Blondel, Mathieu and Ishihata, Masakazu and Fujino, Akinori and Ueda, Naonori},
  booktitle = {Proceedings of the 33rd International Conference on Machine Learning (ICML)},
  editor = {Balcan, Maria-Florina and Weinberger, Kilian Q.},
  month = {June},
  note = {\url{http://proceedings.mlr.press/v48/blondel16.html}},
  openalex = {W2964290417},
  pages = {850--858},
  publisher = {JMLR.org},
  series = {JMLR Workshop and Conference Proceedings},
  title = {Polynomial networks and factorization machines: new insights and efficient training algorithms},
  volume = {48},
  year = {2016}
}

@inproceedings{bonilla2016extended,
  address = {New York City, New York, USA},
  author = {Bonilla, Edwin V. and Steinberg, Daniel and Reid, Alistair},
  booktitle = {Proceedings of the 33rd International Conference on Machine Learning (ICML)},
  editor = {Balcan, Maria-Florina and Weinberger, Kilian Q.},
  month = {June},
  note = {\url{http://proceedings.mlr.press/v48/bonilla16.html}},
  openalex = {W2464479887},
  pages = {1651--1659},
  publisher = {JMLR.org},
  series = {JMLR Workshop and Conference Proceedings},
  title = {Extended and unscented kitchen sinks},
  volume = {48},
  year = {2016}
}

@inproceedings{bornschein2016bidirectional,
  address = {New York City, New York, USA},
  author = {Bornschein, Jörg and Shabanian, Samira and Fischer, Asja and Bengio, Yoshua},
  booktitle = {Proceedings of the 33rd International Conference on Machine Learning (ICML)},
  editor = {Balcan, Maria-Florina and Weinberger, Kilian Q.},
  month = {June},
  note = {\url{http://proceedings.mlr.press/v48/bornschein16.html}},
  openalex = {W2963622136},
  pages = {2511--2519},
  publisher = {Journal of Machine Learning Research (JMLR)},
  series = {Workshop and Conference Proceedings},
  title = {Bidirectional Helmholtz machines},
  volume = {48},
  year = {2016}
}

@inproceedings{bottesch2016speeding,
  address = {New York City, New York, USA},
  author = {Bottesch, Thomas and Bühler, Thomas and Kächele, Markus},
  booktitle = {Proceedings of the 33rd International Conference on Machine Learning (ICML)},
  editor = {Balcan, Maria-Florina and Weinberger, Kilian Q.},
  month = {June},
  note = {\url{http://proceedings.mlr.press/v48/bottesch16.html}},
  openalex = {W2467640454},
  pages = {2578--2586},
  publisher = {Journal of Machine Learning Research (JMLR)},
  series = {Workshop and Conference Proceedings},
  title = {Speeding up k-means by approximating Euclidean distances via block vectors},
  volume = {48},
  year = {2016}
}

@inproceedings{bubeck2016black,
  address = {New York City, New York, USA},
  author = {Bubeck, Sébastien and Lee, Yin-Tat},
  booktitle = {Proceedings of the 33rd International Conference on Machine Learning (ICML)},
  editor = {Balcan, Maria-Florina and Weinberger, Kilian Q.},
  month = {June},
  note = {\url{http://proceedings.mlr.press/v48/bubeck16.html}},
  openalex = {W2963394214},
  pages = {1624--1631},
  publisher = {JMLR.org},
  series = {JMLR Workshop and Conference Proceedings},
  title = {Black-box optimization with a politician},
  volume = {48},
  year = {2016}
}

@inproceedings{bui2016deep,
  address = {New York City, New York, USA},
  author = {Bui, Thang D. and Hernández-Lobato, Daniel and Li, Yingzhen and Hernández-Lobato, José Miguel and Turner, Richard E.},
  booktitle = {Proceedings of the 33rd International Conference on Machine Learning (ICML)},
  editor = {Balcan, Maria-Florina and Weinberger, Kilian Q.},
  month = {June},
  note = {\url{http://proceedings.mlr.press/v48/bui16.html}},
  openalex = {W2953263857},
  pages = {1472--1481},
  publisher = {Journal of Machine Learning Research (JMLR)},
  series = {JMLR Workshop and Conference Proceedings},
  title = {Deep Gaussian Processes for Regression using Approximate Expectation Propagation},
  volume = {48},
  year = {2016}
}

@inproceedings{bullo2016dropout,
  address = {New York City, New York, USA},
  author = {Bulò, Samuel Rota and Porzi, Lorenzo and Kontschieder, Peter},
  booktitle = {Proceedings of the 33rd International Conference on Machine Learning (ICML)},
  editor = {Balcan, Maria-Florina and Weinberger, Kilian Q.},
  month = {June},
  note = {\url{http://proceedings.mlr.press/v48/bulo16.html}},
  openalex = {W2913543596},
  pages = {99--107},
  publisher = {Journal of Machine Learning Research (JMLR)},
  series = {Workshop and Conference Proceedings},
  title = {Dropout distillation},
  year = {2016}
}

@inproceedings{canevet2016importance,
  address = {New York City, New York, USA},
  author = {Canévet, Olivier and Jose, Cijo and Fleuret, François},
  booktitle = {Proceedings of the 33rd International Conference on Machine Learning (ICML)},
  editor = {Balcan, Maria-Florina and Weinberger, Kilian Q.},
  month = {June},
  note = {\url{http://proceedings.mlr.press/v48/canevet16.html}},
  openalex = {W2428862780},
  pages = {1454--1462},
  publisher = {Journal of Machine Learning Research (JMLR)},
  series = {JMLR Workshop and Conference Proceedings},
  title = {Importance sampling tree for large-scale empirical expectation},
  volume = {48},
  year = {2016}
}

@inproceedings{caragiannis2016truthful,
  address = {New York City, New York, USA},
  author = {Caragiannis, Ioannis and Procaccia, Ariel D. and Shah, Nisarg},
  booktitle = {Proceedings of the 33rd International Conference on Machine Learning (ICML)},
  editor = {Balcan, Maria-Florina and Weinberger, Kilian Q.},
  month = {June},
  note = {\url{http://proceedings.mlr.press/v48/caragiannis16.html}},
  openalex = {W2435502378},
  pages = {127--135},
  publisher = {Journal of Machine Learning Research (JMLR)},
  series = {Workshop and Conference Proceedings},
  title = {Truthful univariate estimators},
  year = {2016}
}

@inproceedings{carlson2016partition,
  address = {New York City, New York, USA},
  author = {Carlson, David and Stinson, Patrick and Pakman, Ari and Paninski, Liam},
  booktitle = {Proceedings of the 33rd International Conference on Machine Learning (ICML)},
  editor = {Balcan, Maria-Florina and Weinberger, Kilian Q.},
  month = {June},
  note = {\url{http://proceedings.mlr.press/v48/carlson16.html}},
  openalex = {W2295762426},
  pages = {2896--2905},
  publisher = {JMLR.org},
  series = {Workshop and Conference Proceedings},
  title = {Partition Functions from Rao-Blackwellized Tempered Sampling},
  year = {2016}
}

@inproceedings{carr2016basc,
  address = {New York City, New York, USA},
  author = {Carr, Shane and Garnett, Roman and Lo, Cynthia S.},
  booktitle = {Proceedings of the 33rd International Conference on Machine Learning (ICML)},
  editor = {Balcan, Maria-Florina and Weinberger, Kilian Q.},
  month = {June},
  note = {\url{http://proceedings.mlr.press/v48/carr16.html}},
  openalex = {W2460256350},
  pages = {898--907},
  publisher = {JMLR.org},
  series = {JMLR Workshop and Conference Proceedings},
  title = {BASC: applying Bayesian optimization to the search for global minima on potential energy surfaces},
  volume = {48},
  year = {2016}
}

@inproceedings{chen2016clustering,
  address = {New York City, New York, USA},
  author = {Chen, Chao and Quadrianto, Novi},
  booktitle = {Proceedings of the 33rd International Conference on Machine Learning (ICML)},
  editor = {Balcan, Maria-Florina and Weinberger, Kilian Q.},
  month = {June},
  note = {\url{http://proceedings.mlr.press/v48/chenc16.html}},
  openalex = {W2414134241},
  pages = {2732--2740},
  publisher = {JMLR.org},
  series = {Workshop and Conference Proceedings},
  title = {Clustering high dimensional categorical data via topographical features},
  year = {2016}
}

@inproceedings{chen2016community,
  address = {New York City, New York, USA},
  author = {Chen, Yuxin and Kamath, Govinda M. and Suh, Changho and Tse, David},
  booktitle = {Proceedings of the 33rd International Conference on Machine Learning (ICML)},
  editor = {Balcan, Maria-Florina and Weinberger, Kilian Q.},
  month = {June},
  note = {\url{http://proceedings.mlr.press/v48/chena16.html}},
  openalex = {W2268502814},
  pages = {689--698},
  publisher = {Journal of Machine Learning Research (JMLR)},
  series = {Workshop and Conference Proceedings},
  title = {Community Recovery in Graphs with Locality},
  volume = {48},
  year = {2016}
}

@inproceedings{chen2016scalable,
  address = {New York City, New York, USA},
  author = {Chen, Yutian and Ghahramani, Zoubin},
  booktitle = {Proceedings of the 33rd International Conference on Machine Learning (ICML)},
  editor = {Balcan, Maria-Florina and Weinberger, Kilian Q.},
  month = {June},
  note = {\url{http://proceedings.mlr.press/v48/chenb16.html}},
  openalex = {W2963592905},
  pages = {2492--2501},
  publisher = {Journal of Machine Learning Research (JMLR)},
  series = {Workshop and Conference Proceedings},
  title = {Scalable Discrete Sampling as a Multi-Armed Bandit Problem},
  volume = {48},
  year = {2016}
}

@inproceedings{chiang2016robust,
  address = {New York City, New York, USA},
  author = {Chiang, Kai-Yang and Hsieh, Cho‐Jui and Dhillon, Inderjit S.},
  booktitle = {Proceedings of the 33rd International Conference on Machine Learning (ICML)},
  editor = {Balcan, Maria-Florina and Weinberger, Kilian Q.},
  month = {June},
  note = {\url{http://proceedings.mlr.press/v48/chiang16.html}},
  openalex = {W2463344124},
  pages = {2291--2299},
  publisher = {Journal of Machine Learning Research (JMLR)},
  series = {Workshop and Conference Proceedings},
  title = {Robust principal component analysis with side information},
  volume = {48},
  year = {2016}
}

@inproceedings{choromanska2016binary,
  address = {New York City, New York, USA},
  author = {Choromanska, Anna and Choromański, Krzysztof and Bojarski, Mariusz and Jebara, Tony and Kumar, Sanjiv and LeCun, Yann},
  booktitle = {Proceedings of the 33rd International Conference on Machine Learning (ICML)},
  editor = {Balcan, Maria-Florina and Weinberger, Kilian Q.},
  month = {June},
  note = {\url{http://proceedings.mlr.press/v48/choromanska16.html}},
  openalex = {W2173418170},
  pages = {344--353},
  publisher = {Journal of Machine Learning Research (JMLR)},
  series = {Workshop and Conference Proceedings},
  title = {Binary embeddings with structured hashed projections},
  year = {2016}
}

@inproceedings{choromanski2016recycling,
  address = {New York City, New York, USA},
  author = {Choromański, Krzysztof and Sindhwani, Vikas},
  booktitle = {Proceedings of the 33rd International Conference on Machine Learning (ICML)},
  editor = {Balcan, Maria-Florina and Weinberger, Kilian Q.},
  month = {June},
  note = {\url{http://proceedings.mlr.press/v48/choromanski16.html}},
  openalex = {W2417169585},
  pages = {2502--2510},
  publisher = {Journal of Machine Learning Research (JMLR)},
  series = {Workshop and Conference Proceedings},
  title = {Recycling Randomness with Structure for Sublinear time Kernel Expansions},
  volume = {48},
  year = {2016}
}

@inproceedings{chwialkowski2016kernel,
  address = {New York City, New York, USA},
  author = {Chwialkowski, Kacper and Strathmann, Heiko and Gretton, Arthur},
  booktitle = {Proceedings of the 33rd International Conference on Machine Learning (ICML)},
  editor = {Balcan, Maria-Florina and Weinberger, Kilian Q.},
  month = {June},
  note = {\url{http://proceedings.mlr.press/v48/chwialkowski16.html}},
  openalex = {W2261750843},
  pages = {2606--2615},
  publisher = {Journal of Machine Learning Research (JMLR)},
  series = {Workshop and Conference Proceedings},
  title = {A kernel test of goodness of fit},
  volume = {48},
  year = {2016}
}

@inproceedings{cisse2016adios,
  address = {New York City, New York, USA},
  author = {Cissé, Moustapha and Al-Shedivat, Maruan and Bengio, Samy},
  booktitle = {Proceedings of the 33rd International Conference on Machine Learning (ICML)},
  editor = {Balcan, Maria-Florina and Weinberger, Kilian Q.},
  month = {June},
  note = {\url{http://proceedings.mlr.press/v48/cisse16.html}},
  openalex = {W2473021150},
  pages = {2770--2779},
  publisher = {JMLR.org},
  series = {Workshop and Conference Proceedings},
  title = {ADIOS: architectures deep in output space},
  year = {2016}
}

@inproceedings{cohen2016convolutional,
  address = {New York City, New York, USA},
  author = {Cohen, Nadav and Shashua, Amnon},
  booktitle = {Proceedings of the 33rd International Conference on Machine Learning (ICML)},
  editor = {Balcan, Maria-Florina and Weinberger, Kilian Q.},
  month = {June},
  note = {\url{http://proceedings.mlr.press/v48/cohen16.html}},
  openalex = {W2964290344},
  pages = {955--963},
  publisher = {JMLR.org},
  series = {JMLR Workshop and Conference Proceedings},
  title = {Convolutional rectifier networks as generalized tensor decompositions},
  volume = {48},
  year = {2016}
}

@inproceedings{cohen2016group,
  address = {New York City, New York, USA},
  author = {Cohen, Taco and Welling, Max},
  booktitle = {Proceedings of the 33rd International Conference on Machine Learning (ICML)},
  editor = {Balcan, Maria-Florina and Weinberger, Kilian Q.},
  month = {June},
  note = {\url{http://proceedings.mlr.press/v48/cohenc16.html}},
  openalex = {W2279221249},
  pages = {2990--2999},
  publisher = {JMLR.org},
  series = {Workshop and Conference Proceedings},
  title = {Group equivariant convolutional networks},
  year = {2016}
}

@inproceedings{cohen2016online,
  address = {New York City, New York, USA},
  author = {Cohen, Alon and Hazan, Tamir and Koren, Tomer},
  booktitle = {Proceedings of the 33rd International Conference on Machine Learning (ICML)},
  editor = {Balcan, Maria-Florina and Weinberger, Kilian Q.},
  month = {June},
  note = {\url{http://proceedings.mlr.press/v48/cohen16.html}},
  openalex = {W2963276108},
  pages = {811--819},
  publisher = {JMLR.org},
  series = {JMLR Workshop and Conference Proceedings},
  title = {Online learning with feedback graphs without the graphs},
  volume = {48},
  year = {2016}
}

@inproceedings{colin2016gossip,
  address = {New York City, New York, USA},
  author = {Colin, Igor and Bellet, Aurélien and Salmon, Joseph and Clémençon, Stephan},
  booktitle = {Proceedings of the 33rd International Conference on Machine Learning (ICML)},
  editor = {Balcan, Maria-Florina and Weinberger, Kilian Q.},
  month = {June},
  note = {\url{http://proceedings.mlr.press/v48/colin16.html}},
  openalex = {W2427862786},
  pages = {1388--1396},
  publisher = {Journal of Machine Learning Research (JMLR)},
  series = {JMLR Workshop and Conference Proceedings},
  title = {Gossip Dual Averaging for Decentralized Optimization of Pairwise Functions},
  volume = {48},
  year = {2016}
}

@inproceedings{colombo2016tensor,
  address = {New York City, New York, USA},
  author = {Colombo, Nicolò and Vlassis, Nikos},
  booktitle = {Proceedings of the 33rd International Conference on Machine Learning (ICML)},
  editor = {Balcan, Maria-Florina and Weinberger, Kilian Q.},
  month = {June},
  note = {\url{http://proceedings.mlr.press/v48/colombo16.html}},
  openalex = {W2436947622},
  pages = {2820--2828},
  publisher = {JMLR.org},
  series = {Workshop and Conference Proceedings},
  title = {Tensor decomposition via joint matrix schur decomposition},
  year = {2016}
}

@inproceedings{couillet2016random,
  address = {New York City, New York, USA},
  author = {Couillet, Romain and Wainrib, Gilles and Ali, Hafiz Tiomoko and Sevi, Harry},
  booktitle = {Proceedings of the 33rd International Conference on Machine Learning (ICML)},
  editor = {Balcan, Maria-Florina and Weinberger, Kilian Q.},
  month = {June},
  note = {\url{http://proceedings.mlr.press/v48/couillet16.html}},
  openalex = {W2470461961},
  pages = {517--525},
  publisher = {Journal of Machine Learning Research (JMLR)},
  series = {Workshop and Conference Proceedings},
  title = {A Random Matrix Approach to Echo-State Neural Networks},
  volume = {48},
  year = {2016}
}

@inproceedings{curtis2016selfcorrecting,
  address = {New York City, New York, USA},
  author = {Curtis, Frank E.},
  booktitle = {Proceedings of the 33rd International Conference on Machine Learning (ICML)},
  editor = {Balcan, Maria-Florina and Weinberger, Kilian Q.},
  month = {June},
  note = {\url{http://proceedings.mlr.press/v48/curtis16.html}},
  openalex = {W2442014075},
  pages = {632--641},
  publisher = {Journal of Machine Learning Research (JMLR)},
  series = {Workshop and Conference Proceedings},
  title = {A self-correcting variable-metric algorithm for stochastic optimization},
  volume = {48},
  year = {2016}
}

@inproceedings{cutajar2016preconditioning,
  address = {New York City, New York, USA},
  author = {Cutajar, Kurt and Osborne, Michael A. and Cunningham, John P. and Filippone, Maurizio},
  booktitle = {Proceedings of the 33rd International Conference on Machine Learning (ICML)},
  editor = {Balcan, Maria-Florina and Weinberger, Kilian Q.},
  month = {June},
  note = {\url{http://proceedings.mlr.press/v48/cutajar16.html}},
  openalex = {W2953234161},
  pages = {2529--2538},
  publisher = {Journal of Machine Learning Research (JMLR)},
  series = {Workshop and Conference Proceedings},
  title = {Preconditioning Kernel Matrices},
  volume = {48},
  year = {2016}
}

@inproceedings{dai2016discriminative,
  address = {New York City, New York, USA},
  author = {Dai, Hanjun and Dai, Bo and Song, Le},
  booktitle = {Proceedings of the 33rd International Conference on Machine Learning (ICML)},
  editor = {Balcan, Maria-Florina and Weinberger, Kilian Q.},
  month = {June},
  note = {\url{http://proceedings.mlr.press/v48/daib16.html}},
  openalex = {W2299115575},
  pages = {2702--2711},
  publisher = {JMLR.org},
  series = {Workshop and Conference Proceedings},
  title = {Discriminative Embeddings of Latent Variable Models for Structured Data},
  year = {2016}
}

@inproceedings{dai2016knockoff,
  address = {New York City, New York, USA},
  author = {Dai, Ran and Barber, Rina},
  booktitle = {Proceedings of the 33rd International Conference on Machine Learning (ICML)},
  editor = {Balcan, Maria-Florina and Weinberger, Kilian Q.},
  month = {June},
  note = {\url{http://proceedings.mlr.press/v48/daia16.html}},
  pages = {1851--1859},
  publisher = {JMLR.org},
  series = {JMLR Workshop and Conference Proceedings},
  title = {The Knockoff Filter for FDR Control in Group-Sparse and Multitask Regression},
  volume = {48},
  year = {2016}
}

@inproceedings{dalal2016hierarchical,
  address = {New York City, New York, USA},
  author = {Dalal, Gal and Gilboa, Elad and Mannor, Shie},
  booktitle = {Proceedings of the 33rd International Conference on Machine Learning (ICML)},
  editor = {Balcan, Maria-Florina and Weinberger, Kilian Q.},
  month = {June},
  note = {\url{\url{http://proceedings.mlr.press/v48/dalal16.html}}},
  openalex = {W2295053999},
  pages = {2197--2206},
  publisher = {Journal of Machine Learning Research (JMLR)},
  series = {Workshop and Conference Proceedings},
  title = {Hierarchical Decision Making In Electricity Grid Management},
  volume = {48},
  year = {2016}
}

@inproceedings{danihelka2016associative,
  address = {New York City, New York, USA},
  author = {Danihelka, Ivo and Wayne, Greg and Uría, Benigno and Kalchbrenner, Nal and Graves, Alex},
  booktitle = {Proceedings of the 33rd International Conference on Machine Learning (ICML)},
  editor = {Balcan, Maria-Florina and Weinberger, Kilian Q.},
  month = {June},
  note = {\url{\url{http://proceedings.mlr.press/v48/danihelka16.html}}},
  openalex = {W2265796482},
  pages = {1986--1994},
  publisher = {Journal of Machine Learning Research (JMLR)},
  series = {Workshop and Conference Proceedings},
  title = {Associative long short-term memory},
  volume = {48},
  year = {2016}
}

@inproceedings{david2016pac,
  address = {New York City, New York, USA},
  author = {David, Yahel and Shimkin, Nahum},
  booktitle = {Proceedings of the 33rd International Conference on Machine Learning (ICML)},
  editor = {Balcan, Maria-Florina and Weinberger, Kilian Q.},
  month = {June},
  note = {\url{http://proceedings.mlr.press/v48/david16.html}},
  openalex = {W2471474055},
  pages = {878--887},
  publisher = {JMLR.org},
  series = {JMLR Workshop and Conference Proceedings},
  title = {PAC lower bounds and efficient algorithms for the max K-armed bandit problem},
  volume = {48},
  year = {2016}
}

@inproceedings{degenne2016anytime,
  address = {New York City, New York, USA},
  author = {Degenne, Rémy and Perchet, Vianney},
  booktitle = {Proceedings of the 33rd International Conference on Machine Learning (ICML)},
  editor = {Balcan, Maria-Florina and Weinberger, Kilian Q.},
  month = {June},
  note = {\url{http://proceedings.mlr.press/v48/degenne16.html}},
  openalex = {W2466101409},
  pages = {1587--1595},
  publisher = {JMLR.org},
  series = {JMLR Workshop and Conference Proceedings},
  title = {Anytime optimal algorithms in stochastic multi-armed bandits},
  volume = {48},
  year = {2016}
}

@inproceedings{deramo2016estimating,
  address = {New York City, New York, USA},
  author = {D’Eramo, Carlo and Nuara, Alessandro and Restelli, Marcello},
  booktitle = {Proceedings of the 33rd International Conference on Machine Learning (ICML)},
  editor = {Balcan, Maria-Florina and Weinberger, Kilian Q.},
  month = {June},
  note = {\url{http://proceedings.mlr.press/v48/deramo16.html}},
  openalex = {W2469051754},
  pages = {1032--1040},
  publisher = {JMLR.org},
  series = {JMLR Workshop and Conference Proceedings},
  title = {Estimating the maximum expected value through Gaussian approximation},
  volume = {48},
  year = {2016}
}

@inproceedings{diamos2016persistent,
  address = {New York City, New York, USA},
  author = {Diamos, Gregory and Sengupta, Shubho and Catanzaro, Bryan and Chrzanowski, Mike and Coates, Adam and Elsen, Erich and Engel, Jesse and Hannun, Awni and Satheesh, Sanjeev},
  booktitle = {Proceedings of the 33rd International Conference on Machine Learning (ICML)},
  editor = {Balcan, Maria-Florina and Weinberger, Kilian Q.},
  month = {June},
  note = {\url{\url{http://proceedings.mlr.press/v48/diamos16.html}}},
  openalex = {W2474388053},
  pages = {2024--2033},
  publisher = {Journal of Machine Learning Research (JMLR)},
  series = {Workshop and Conference Proceedings},
  title = {Persistent RNNs: stashing recurrent weights on-chip},
  volume = {48},
  year = {2016}
}

@inproceedings{ding2016kmeans,
  address = {New York City, New York, USA},
  author = {Ding, Hu and Liu, Yu and Huang, Lingxiao and Li, Jian},
  booktitle = {Proceedings of the 33rd International Conference on Machine Learning (ICML)},
  editor = {Balcan, Maria-Florina and Weinberger, Kilian Q.},
  month = {June},
  note = {\url{http://proceedings.mlr.press/v48/ding16.html}},
  openalex = {W2429995037},
  pages = {1339--1348},
  publisher = {Journal of Machine Learning Research (JMLR)},
  series = {JMLR Workshop and Conference Proceedings},
  title = {K-means clustering with distributed dimensions},
  volume = {48},
  year = {2016}
}

@inproceedings{duan2016benchmarking,
  address = {New York City, New York, USA},
  author = {Duan, Yan and Chen, Xi and Houthooft, Rein and Schulman, John and Abbeel, Pieter},
  booktitle = {Proceedings of the 33rd International Conference on Machine Learning (ICML)},
  editor = {Balcan, Maria-Florina and Weinberger, Kilian Q.},
  month = {June},
  note = {\url{http://proceedings.mlr.press/v48/duan16.html}},
  openalex = {W2342662072},
  pages = {1329--1338},
  publisher = {Journal of Machine Learning Research (JMLR)},
  series = {JMLR Workshop and Conference Proceedings},
  title = {Benchmarking Deep Reinforcement Learning for Continuous Control},
  volume = {48},
  year = {2016}
}

@inproceedings{dunner2016primaldual,
  address = {New York City, New York, USA},
  author = {Dünner, Celestine and Forte, Simone and Takáč, Martin and Jaggi, Martin},
  booktitle = {Proceedings of the 33rd International Conference on Machine Learning (ICML)},
  editor = {Balcan, Maria-Florina and Weinberger, Kilian Q.},
  month = {June},
  note = {\url{http://proceedings.mlr.press/v48/dunner16.html}},
  openalex = {W2963314896},
  pages = {783--792},
  publisher = {JMLR.org},
  series = {JMLR Workshop and Conference Proceedings},
  title = {Primal-dual rates and certificates},
  volume = {48},
  year = {2016}
}

@inproceedings{elhoseiny2016comparative,
  address = {New York City, New York, USA},
  author = {Elhoseiny, Mohamed and El-Gaaly, Tarek and Bakry, Amr and Elgammal, Ahmed},
  booktitle = {Proceedings of the 33rd International Conference on Machine Learning (ICML)},
  editor = {Balcan, Maria-Florina and Weinberger, Kilian Q.},
  month = {June},
  note = {\url{http://proceedings.mlr.press/v48/elhoseiny16.html}},
  openalex = {W2433982775},
  pages = {888--897},
  publisher = {JMLR.org},
  series = {JMLR Workshop and Conference Proceedings},
  title = {A comparative analysis and study of multiview CNN models for joint object categorization and pose estimation},
  volume = {48},
  year = {2016}
}

@inproceedings{erraqabi2016pliable,
  address = {New York City, New York, USA},
  author = {Erraqabi, Akram and Valko, Michal and Carpentier, Alexandra and Maillard, Odalric-Ambrym},
  booktitle = {Proceedings of the 33rd International Conference on Machine Learning (ICML)},
  editor = {Balcan, Maria-Florina and Weinberger, Kilian Q.},
  month = {June},
  note = {\url{\url{http://proceedings.mlr.press/v48/erraqabi16.html}}},
  openalex = {W2403304671},
  pages = {2121--2129},
  publisher = {Journal of Machine Learning Research (JMLR)},
  series = {Workshop and Conference Proceedings},
  title = {Pliable rejection sampling},
  volume = {48},
  year = {2016}
}

@inproceedings{fan2016accurate,
  address = {New York City, New York, USA},
  author = {Fan, Lixin},
  booktitle = {Proceedings of the 33rd International Conference on Machine Learning (ICML)},
  editor = {Balcan, Maria-Florina and Weinberger, Kilian Q.},
  month = {June},
  note = {\url{http://proceedings.mlr.press/v48/fan16.html}},
  openalex = {W2472402982},
  pages = {239--247},
  publisher = {Journal of Machine Learning Research (JMLR)},
  series = {Workshop and Conference Proceedings},
  title = {Accurate robust and efficient error estimation for decision trees},
  year = {2016}
}

@inproceedings{fanti2016metadataconscious,
  address = {New York City, New York, USA},
  author = {Fanti, Giulia and Kairouz, Peter and Oh, Sewoong and Ramchandran, Kannan and Viswanath, Pramod},
  booktitle = {Proceedings of the 33rd International Conference on Machine Learning (ICML)},
  editor = {Balcan, Maria-Florina and Weinberger, Kilian Q.},
  month = {June},
  note = {\url{http://proceedings.mlr.press/v48/fanti16.html}},
  openalex = {W2513257874},
  pages = {108--116},
  publisher = {Journal of Machine Learning Research (JMLR)},
  series = {Workshop and Conference Proceedings},
  title = {Metadata-conscious anonymous messaging},
  year = {2016}
}

@inproceedings{fazayeli2016generalized,
  address = {New York City, New York, USA},
  author = {Fazayeli, Farideh and Banerjee, Arindam},
  booktitle = {Proceedings of the 33rd International Conference on Machine Learning (ICML)},
  editor = {Balcan, Maria-Florina and Weinberger, Kilian Q.},
  month = {June},
  note = {\url{http://proceedings.mlr.press/v48/fazayeli16.html}},
  openalex = {W2422910133},
  pages = {2281--2290},
  publisher = {Journal of Machine Learning Research (JMLR)},
  series = {Workshop and Conference Proceedings},
  title = {Generalized Direct Change Estimation in Ising Model Structure},
  volume = {48},
  year = {2016}
}

@inproceedings{fern2016learning,
  address = {New York City, New York, USA},
  author = {Fern, Basura and o and Gould, Stephen},
  booktitle = {Proceedings of the 33rd International Conference on Machine Learning (ICML)},
  editor = {Balcan, Maria-Florina and Weinberger, Kilian Q.},
  month = {June},
  note = {\url{http://proceedings.mlr.press/v48/fernando16.html}},
  pages = {1187--1196},
  publisher = {Journal of Machine Learning Research (JMLR)},
  series = {JMLR Workshop and Conference Proceedings},
  title = {Learning End-to-end Video Classification with Rank-Pooling},
  volume = {48},
  year = {2016}
}

@inproceedings{finn2016guided,
  address = {New York City, New York, USA},
  author = {Finn, Chelsea and Levine, Sergey and Abbeel, Pieter},
  booktitle = {Proceedings of the 33rd International Conference on Machine Learning (ICML)},
  editor = {Balcan, Maria-Florina and Weinberger, Kilian Q.},
  month = {June},
  note = {\url{http://proceedings.mlr.press/v48/finn16.html}},
  openalex = {W2290104316},
  pages = {49--58},
  publisher = {Journal of Machine Learning Research (JMLR)},
  series = {Workshop and Conference Proceedings},
  title = {Guided Cost Learning: Deep Inverse Optimal Control via Policy Optimization},
  year = {2016}
}

@inproceedings{friesen2016sumproduct,
  address = {New York City, New York, USA},
  author = {Friesen, Abram L. and Domingos, Pedro},
  booktitle = {Proceedings of the 33rd International Conference on Machine Learning (ICML)},
  editor = {Balcan, Maria-Florina and Weinberger, Kilian Q.},
  month = {June},
  note = {\url{\url{http://proceedings.mlr.press/v48/friesen16.html}}},
  openalex = {W2952995550},
  pages = {1909--1918},
  publisher = {Journal of Machine Learning Research (JMLR)},
  series = {Workshop and Conference Proceedings},
  title = {The Sum-Product Theorem: A Foundation for Learning Tractable Models},
  volume = {48},
  year = {2016}
}

@inproceedings{frostig2016principal,
  address = {New York City, New York, USA},
  author = {Frostig, Roy and Musco, Cameron and Musco, Christopher and Sidford, Aaron},
  booktitle = {Proceedings of the 33rd International Conference on Machine Learning (ICML)},
  editor = {Balcan, Maria-Florina and Weinberger, Kilian Q.},
  month = {June},
  note = {\url{http://proceedings.mlr.press/v48/frostig16.html}},
  openalex = {W2283255035},
  pages = {2349--2357},
  publisher = {Journal of Machine Learning Research (JMLR)},
  series = {Workshop and Conference Proceedings},
  title = {Principal Component Projection Without Principal Component Analysis},
  volume = {48},
  year = {2016}
}

@inproceedings{gaboardi2016differentially,
  address = {New York City, New York, USA},
  author = {Gaboardi, Marco and Lim, Hyun Woo and Rogers, Ryan and Vadhan, Salil},
  booktitle = {Proceedings of the 33rd International Conference on Machine Learning (ICML)},
  editor = {Balcan, Maria-Florina and Weinberger, Kilian Q.},
  month = {June},
  note = {\url{\url{http://proceedings.mlr.press/v48/rogers16.html}}},
  openalex = {W2962727083},
  pages = {2111--2120},
  publisher = {Journal of Machine Learning Research (JMLR)},
  series = {Workshop and Conference Proceedings},
  title = {Differentially private chi-squared hypothesis testing: goodness of fit and independence testing},
  volume = {48},
  year = {2016}
}

@inproceedings{gal2016dropout,
  address = {New York City, New York, USA},
  author = {Gal, Yarin and Ghahramani, Zoubin},
  booktitle = {Proceedings of the 33rd International Conference on Machine Learning (ICML)},
  editor = {Balcan, Maria-Florina and Weinberger, Kilian Q.},
  month = {June},
  note = {\url{http://proceedings.mlr.press/v48/gal16.html}},
  openalex = {W2964059111},
  pages = {1050--1059},
  publisher = {JMLR.org},
  series = {JMLR Workshop and Conference Proceedings},
  title = {Dropout as a Bayesian Approximation: Representing Model Uncertainty in Deep Learning},
  volume = {48},
  year = {2016}
}

@inproceedings{gao2016conditional,
  address = {New York City, New York, USA},
  author = {Gao, Weihao and Kannan, Sreeram and Oh, Sewoong and Viswanath, Pramod},
  booktitle = {Proceedings of the 33rd International Conference on Machine Learning (ICML)},
  editor = {Balcan, Maria-Florina and Weinberger, Kilian Q.},
  month = {June},
  note = {\url{http://proceedings.mlr.press/v48/gaob16.html}},
  openalex = {W2410825716},
  pages = {2780--2789},
  publisher = {JMLR.org},
  series = {Workshop and Conference Proceedings},
  title = {Conditional Dependence via Shannon Capacity: Axioms, Estimators and Applications},
  year = {2016}
}

@inproceedings{gao2016exact,
  address = {New York City, New York, USA},
  author = {Gao, Chao and Lu, Yu and Zhou, Dengyong},
  booktitle = {Proceedings of the 33rd International Conference on Machine Learning (ICML)},
  editor = {Balcan, Maria-Florina and Weinberger, Kilian Q.},
  month = {June},
  note = {\url{http://proceedings.mlr.press/v48/gaoa16.html}},
  openalex = {W2395183479},
  pages = {603--611},
  publisher = {Journal of Machine Learning Research (JMLR)},
  series = {Workshop and Conference Proceedings},
  title = {Exact Exponent in Optimal Rates for Crowdsourcing},
  volume = {48},
  year = {2016}
}

@inproceedings{garber2016faster,
  address = {New York City, New York, USA},
  author = {Garber, Dan and Hazan, Elad and Jin, Chi and Kakade, Sham M. and Musco, Cameron and Netrapalli, Praneeth and Sidford, Aaron},
  booktitle = {Proceedings of the 33rd International Conference on Machine Learning (ICML)},
  editor = {Balcan, Maria-Florina and Weinberger, Kilian Q.},
  month = {June},
  note = {\url{http://proceedings.mlr.press/v48/garber16.html}},
  openalex = {W2403102570},
  pages = {2626--2634},
  publisher = {Journal of Machine Learning Research (JMLR)},
  series = {Workshop and Conference Proceedings},
  title = {Faster Eigenvector Computation via Shift-and-Invert Preconditioning},
  volume = {48},
  year = {2016}
}

@inproceedings{ge2016efficient,
  address = {New York City, New York, USA},
  author = {Ge, Rong and Jin, Chi and Kakade, Sham M. and Netrapalli, Praneeth and Sidford, Aaron},
  booktitle = {Proceedings of the 33rd International Conference on Machine Learning (ICML)},
  editor = {Balcan, Maria-Florina and Weinberger, Kilian Q.},
  month = {June},
  note = {\url{http://proceedings.mlr.press/v48/geb16.html}},
  openalex = {W2963055343},
  pages = {2741--2750},
  publisher = {JMLR.org},
  series = {Workshop and Conference Proceedings},
  title = {Efficient Algorithms for Large-scale Generalized Eigenvector Computation and Canonical Correlation Analysis},
  year = {2016}
}

@inproceedings{ge2016rich,
  address = {New York City, New York, USA},
  author = {Ge, Rong and Zou, James},
  booktitle = {Proceedings of the 33rd International Conference on Machine Learning (ICML)},
  editor = {Balcan, Maria-Florina and Weinberger, Kilian Q.},
  month = {June},
  note = {\url{http://proceedings.mlr.press/v48/gea16.html}},
  openalex = {W2963779927},
  pages = {1502--1510},
  publisher = {JMLR.org},
  series = {JMLR Workshop and Conference Proceedings},
  title = {Rich Component Analysis},
  volume = {48},
  year = {2016}
}

@inproceedings{germain2016new,
  address = {New York City, New York, USA},
  author = {Germain, Pascal and Habrard, Amaury and Laviolette, François and Morvant, Emilie},
  booktitle = {Proceedings of the 33rd International Conference on Machine Learning (ICML)},
  editor = {Balcan, Maria-Florina and Weinberger, Kilian Q.},
  month = {June},
  note = {\url{http://proceedings.mlr.press/v48/germain16.html}},
  openalex = {W1885448067},
  pages = {859--868},
  publisher = {JMLR.org},
  series = {JMLR Workshop and Conference Proceedings},
  title = {A New PAC-Bayesian Perspective on Domain Adaptation},
  volume = {48},
  year = {2016}
}

@inproceedings{giladbachrach2016cryptonets,
  address = {New York City, New York, USA},
  author = {Dowlin, Nathan and Gilad-Bachrach, Ran and Laine, Kim and Lauter, Kristin and Naehrig, Michael and Wernsing, John},
  booktitle = {Proceedings of the 33rd International Conference on Machine Learning (ICML)},
  editor = {Balcan, Maria-Florina and Weinberger, Kilian Q.},
  month = {June},
  note = {\url{http://proceedings.mlr.press/v48/gilad-bachrach16.html}},
  openalex = {W2435473771},
  pages = {201--210},
  publisher = {Journal of Machine Learning Research (JMLR)},
  series = {Workshop and Conference Proceedings},
  title = {CryptoNets: applying neural networks to encrypted data with high throughput and accuracy},
  year = {2016}
}

@inproceedings{glaude2016pac,
  address = {New York City, New York, USA},
  author = {Glaude, Hadrien and Pietquin, Olivier},
  booktitle = {Proceedings of the 33rd International Conference on Machine Learning (ICML)},
  editor = {Balcan, Maria-Florina and Weinberger, Kilian Q.},
  month = {June},
  note = {\url{http://proceedings.mlr.press/v48/glaude16.html}},
  openalex = {W2460880447},
  pages = {820--829},
  publisher = {JMLR.org},
  series = {JMLR Workshop and Conference Proceedings},
  title = {PAC learning of Probabilistic Automaton based on the Method of Moments},
  volume = {48},
  year = {2016}
}

@inproceedings{gonen2016solving,
  address = {New York City, New York, USA},
  author = {Gonen, Alon and Orabona, Francesco and Shalev‐Shwartz, Shai},
  booktitle = {Proceedings of the 33rd International Conference on Machine Learning (ICML)},
  editor = {Balcan, Maria-Florina and Weinberger, Kilian Q.},
  month = {June},
  note = {\url{http://proceedings.mlr.press/v48/gonen16.html}},
  openalex = {W2963905063},
  pages = {1397--1405},
  publisher = {Journal of Machine Learning Research (JMLR)},
  series = {JMLR Workshop and Conference Proceedings},
  title = {Solving Ridge Regression using Sketched Preconditioned SVRG},
  volume = {48},
  year = {2016}
}

@inproceedings{gong2016domain,
  address = {New York City, New York, USA},
  author = {Gong, Mingming and Zhang, Kun and Liu, Tongliang and Tao, Dacheng and Glymour, Clark and Schölkopf, Bernhard},
  booktitle = {Proceedings of the 33rd International Conference on Machine Learning (ICML)},
  editor = {Balcan, Maria-Florina and Weinberger, Kilian Q.},
  month = {June},
  note = {\url{http://proceedings.mlr.press/v48/gong16.html}},
  openalex = {W2463241543},
  pages = {2839--2848},
  publisher = {JMLR.org},
  series = {Workshop and Conference Proceedings},
  title = {Domain Adaptation with Conditional Transferable Components.},
  year = {2016}
}

@inproceedings{gopal2016adaptive,
  address = {New York City, New York, USA},
  author = {Gopal, Siddharth},
  booktitle = {Proceedings of the 33rd International Conference on Machine Learning (ICML)},
  editor = {Balcan, Maria-Florina and Weinberger, Kilian Q.},
  month = {June},
  note = {\url{http://proceedings.mlr.press/v48/gopal16.html}},
  openalex = {W2429473340},
  pages = {364--372},
  publisher = {Journal of Machine Learning Research (JMLR)},
  series = {Workshop and Conference Proceedings},
  title = {Adaptive sampling for SGD by exploiting side information},
  year = {2016}
}

@inproceedings{gower2016stochastic,
  address = {New York City, New York, USA},
  author = {Gower, Robert M. and Goldfarb, Donald and Richtárik, Peter},
  booktitle = {Proceedings of the 33rd International Conference on Machine Learning (ICML)},
  editor = {Balcan, Maria-Florina and Weinberger, Kilian Q.},
  month = {June},
  note = {\url{http://proceedings.mlr.press/v48/gower16.html}},
  openalex = {W2963813563},
  pages = {1869--1878},
  publisher = {JMLR.org},
  series = {JMLR Workshop and Conference Proceedings},
  title = {Stochastic Block BFGS: Squeezing More Curvature out of Data},
  volume = {48},
  year = {2016}
}

@inproceedings{grosse2016kroneckerfactored,
  address = {New York City, New York, USA},
  author = {Grosse, Roger and Martens, James},
  booktitle = {Proceedings of the 33rd International Conference on Machine Learning (ICML)},
  editor = {Balcan, Maria-Florina and Weinberger, Kilian Q.},
  month = {June},
  note = {\url{http://proceedings.mlr.press/v48/grosse16.html}},
  openalex = {W2963241285},
  pages = {573--582},
  publisher = {Journal of Machine Learning Research (JMLR)},
  series = {Workshop and Conference Proceedings},
  title = {A Kronecker-factored approximate fisher matrix for convolution layers},
  volume = {48},
  year = {2016}
}

@inproceedings{gu2016continuous,
  address = {New York City, New York, USA},
  author = {Gu, Shixiang and Lillicrap, Timothy and Sutskever, Ilya and Levine, Sergey},
  booktitle = {Proceedings of the 33rd International Conference on Machine Learning (ICML)},
  editor = {Balcan, Maria-Florina and Weinberger, Kilian Q.},
  month = {June},
  note = {\url{http://proceedings.mlr.press/v48/gu16.html}},
  openalex = {W2950471160},
  pages = {2829--2838},
  publisher = {JMLR.org},
  series = {Workshop and Conference Proceedings},
  title = {Continuous Deep Q-Learning with Model-based Acceleration},
  year = {2016}
}

@inproceedings{guan2016efficient,
  address = {New York City, New York, USA},
  author = {Guan, Xinze and Raich, Raviv and Wong, Weng‐Keen},
  booktitle = {Proceedings of the 33rd International Conference on Machine Learning (ICML)},
  editor = {Balcan, Maria-Florina and Weinberger, Kilian Q.},
  month = {June},
  note = {\url{http://proceedings.mlr.press/v48/guan16.html}},
  openalex = {W2460297763},
  pages = {2330--2339},
  publisher = {Journal of Machine Learning Research (JMLR)},
  series = {Workshop and Conference Proceedings},
  title = {Efficient multi-instance learning for activity recognition from time series data using an auto-regressive hidden Markov model},
  volume = {48},
  year = {2016}
}

@inproceedings{guha2016robust,
  address = {New York City, New York, USA},
  author = {Guha, Sudipto and Mishra, Nina and Roy, Gourav and Schrijvers, Okke},
  booktitle = {Proceedings of the 33rd International Conference on Machine Learning (ICML)},
  editor = {Balcan, Maria-Florina and Weinberger, Kilian Q.},
  month = {June},
  note = {\url{http://proceedings.mlr.press/v48/guha16.html}},
  openalex = {W2472119793},
  pages = {2712--2721},
  publisher = {JMLR.org},
  series = {Workshop and Conference Proceedings},
  title = {Robust random cut forest based anomaly detection on streams},
  year = {2016}
}

@inproceedings{gui2016towards,
  address = {New York City, New York, USA},
  author = {Gui, Huan and Han, Jiawei and Gu, Quanquan},
  booktitle = {Proceedings of the 33rd International Conference on Machine Learning (ICML)},
  editor = {Balcan, Maria-Florina and Weinberger, Kilian Q.},
  month = {June},
  note = {\url{http://proceedings.mlr.press/v48/gui16.html}},
  openalex = {W2193759071},
  pages = {2300--2309},
  publisher = {Journal of Machine Learning Research (JMLR)},
  series = {Workshop and Conference Proceedings},
  title = {Towards faster rates and oracle property for low-rank matrix estimation},
  volume = {48},
  year = {2016}
}

@inproceedings{gulcehre2016noisy,
  address = {New York City, New York, USA},
  author = {Gülçehre, Çağlar and Moczulski, Marcin and Denil, Misha and Bengio, Yoshua},
  booktitle = {Proceedings of the 33rd International Conference on Machine Learning (ICML)},
  month = {June},
  note = {\url{http://proceedings.mlr.press/v48/gulcehre16.html}},
  openalex = {W2963703360},
  pages = {3059--3068},
  publisher = {Journal of Machine Learning Research (JLMR)},
  series = {Workshop and Conference Proceedings},
  title = {Noisy Activation Functions},
  year = {2016}
}

@inproceedings{gyorgy2016shifting,
  address = {New York City, New York, USA},
  author = {György, András and Szepesvári, Csaba},
  booktitle = {Proceedings of the 33rd International Conference on Machine Learning (ICML)},
  editor = {Balcan, Maria-Florina and Weinberger, Kilian Q.},
  month = {June},
  note = {\url{http://proceedings.mlr.press/v48/gyorgy16.html}},
  openalex = {W2465908909},
  pages = {2943--2951},
  publisher = {JMLR.org},
  series = {Workshop and Conference Proceedings},
  title = {Shifting regret, mirror descent, and matrices},
  year = {2016}
}

@inproceedings{hamm2016learning,
  address = {New York City, New York, USA},
  author = {Hamm, Jihun and Cao, Yingjun and Belkin, Mikhail},
  booktitle = {Proceedings of the 33rd International Conference on Machine Learning (ICML)},
  editor = {Balcan, Maria-Florina and Weinberger, Kilian Q.},
  month = {June},
  note = {\url{http://proceedings.mlr.press/v48/hamm16.html}},
  pages = {555--563},
  publisher = {Journal of Machine Learning Research (JMLR)},
  series = {Workshop and Conference Proceedings},
  title = {Learning privately from multiparty data},
  volume = {48},
  year = {2016}
}

@inproceedings{hardt2016train,
  address = {New York City, New York, USA},
  author = {Hardt, Moritz and Recht, Ben and Singer, Yoram},
  booktitle = {Proceedings of the 33rd International Conference on Machine Learning (ICML)},
  editor = {Balcan, Maria-Florina and Weinberger, Kilian Q.},
  month = {June},
  note = {\url{http://proceedings.mlr.press/v48/hardt16.html}},
  pages = {1225--1234},
  publisher = {Journal of Machine Learning Research (JMLR)},
  series = {JMLR Workshop and Conference Proceedings},
  title = {Train faster, generalize better: Stability of stochastic gradient descent},
  volume = {48},
  year = {2016}
}

@inproceedings{hashimoto2016learning,
  address = {New York City, New York, USA},
  author = {Hashimoto, Tatsunori and Gifford, David K. and Jaakkola, Tommi},
  booktitle = {Proceedings of the 33rd International Conference on Machine Learning (ICML)},
  editor = {Balcan, Maria-Florina and Weinberger, Kilian Q.},
  month = {June},
  note = {\url{http://proceedings.mlr.press/v48/hashimoto16.html}},
  openalex = {W2460272027},
  pages = {2417--2426},
  publisher = {Journal of Machine Learning Research (JMLR)},
  series = {Workshop and Conference Proceedings},
  title = {Learning Population-Level Diffusions with Generative RNNs},
  volume = {48},
  year = {2016}
}

@inproceedings{hazan2016on,
  address = {New York City, New York, USA},
  author = {Hazan, Elad and Levy, Kfir Yehuda and Shalev-Shwartz, Shai},
  booktitle = {Proceedings of the 33rd International Conference on Machine Learning (ICML)},
  editor = {Balcan, Maria-Florina and Weinberger, Kilian Q.},
  month = {June},
  note = {\url{http://proceedings.mlr.press/v48/hazanb16.html}},
  pages = {1833--1841},
  publisher = {JMLR.org},
  series = {JMLR Workshop and Conference Proceedings},
  title = {On Graduated Optimization for Stochastic Non-Convex Problems},
  volume = {48},
  year = {2016}
}

@inproceedings{hazan2016variancereduced,
  address = {New York City, New York, USA},
  author = {Hazan, Elad and Luo, Haipeng},
  booktitle = {Proceedings of the 33rd International Conference on Machine Learning (ICML)},
  editor = {Balcan, Maria-Florina and Weinberger, Kilian Q.},
  month = {June},
  note = {\url{http://proceedings.mlr.press/v48/hazana16.html}},
  openalex = {W2257807852},
  pages = {1263--1271},
  publisher = {Journal of Machine Learning Research (JMLR)},
  series = {JMLR Workshop and Conference Proceedings},
  title = {Variance-reduced and projection-free stochastic optimization},
  volume = {48},
  year = {2016}
}

@inproceedings{he2016opponent,
  address = {New York City, New York, USA},
  author = {He, He and Boyd‐Graber, Jordan and Kwok, Kevin and Daumé, Hal},
  booktitle = {Proceedings of the 33rd International Conference on Machine Learning (ICML)},
  editor = {Balcan, Maria-Florina and Weinberger, Kilian Q.},
  month = {June},
  note = {\url{http://proceedings.mlr.press/v48/he16.html}},
  openalex = {W2962941327},
  pages = {1804--1813},
  publisher = {JMLR.org},
  series = {JMLR Workshop and Conference Proceedings},
  title = {Opponent modeling in deep reinforcement learning},
  volume = {48},
  year = {2016}
}

@inproceedings{heidari2016pricing,
  address = {New York City, New York, USA},
  author = {Heidari, Hoda and Mahdian, Mohammad and Syed, Umar and Vassilvitskii, Sergei and Yazdanbod, Sadra},
  booktitle = {Proceedings of the 33rd International Conference on Machine Learning (ICML)},
  editor = {Balcan, Maria-Florina and Weinberger, Kilian Q.},
  month = {June},
  note = {\url{http://proceedings.mlr.press/v48/heidari16.html}},
  openalex = {W2427465082},
  pages = {2559--2567},
  publisher = {Journal of Machine Learning Research (JMLR)},
  series = {Workshop and Conference Proceedings},
  title = {Pricing a low-regret seller},
  volume = {48},
  year = {2016}
}

@inproceedings{henaff2016recurrent,
  address = {New York City, New York, USA},
  author = {Henaff, Mikael and Szlam, Arthur and LeCun, Yann},
  booktitle = {Proceedings of the 33rd International Conference on Machine Learning (ICML)},
  editor = {Balcan, Maria-Florina and Weinberger, Kilian Q.},
  month = {June},
  note = {\url{\url{http://proceedings.mlr.press/v48/henaff16.html}}},
  openalex = {W2474920236},
  pages = {2034--2042},
  publisher = {Journal of Machine Learning Research (JMLR)},
  series = {Workshop and Conference Proceedings},
  title = {Recurrent Orthogonal Networks and Long-Memory Tasks},
  volume = {48},
  year = {2016}
}

@inproceedings{hernandezlobato2016predictive,
  address = {New York City, New York, USA},
  author = {Hernández-Lobato, Daniel and Hernández-Lobato, José Miguel and Shah, Amar and Adams, Ryan P.},
  booktitle = {Proceedings of the 33rd International Conference on Machine Learning (ICML)},
  editor = {Balcan, Maria-Florina and Weinberger, Kilian Q.},
  month = {June},
  note = {\url{http://proceedings.mlr.press/v48/hernandez-lobatoa16.html}},
  openalex = {W2221104225},
  pages = {1492--1501},
  publisher = {Journal of Machine Learning Research (JMLR)},
  series = {JMLR Workshop and Conference Proceedings},
  title = {Predictive entropy search for multi-objective Bayesian optimization},
  volume = {48},
  year = {2016}
}

@inproceedings{ho2016modelfree,
  address = {New York City, New York, USA},
  author = {Ho, Jonathan and Gupta, Jayesh K. and Ermon, Stefano},
  booktitle = {Proceedings of the 33rd International Conference on Machine Learning (ICML)},
  editor = {Balcan, Maria-Florina and Weinberger, Kilian Q.},
  month = {June},
  note = {\url{http://proceedings.mlr.press/v48/ho16.html}},
  openalex = {W2963014947},
  pages = {2760--2769},
  publisher = {JMLR.org},
  series = {Workshop and Conference Proceedings},
  title = {Model-Free Imitation Learning with Policy Optimization},
  year = {2016}
}

@inproceedings{hoang2016distributed,
  address = {New York City, New York, USA},
  author = {Hoang, Trong Nghia and Hoang, Quang Minh and Low, Bryan Kian Hsiang},
  booktitle = {Proceedings of the 33rd International Conference on Machine Learning (ICML)},
  editor = {Balcan, Maria-Florina and Weinberger, Kilian Q.},
  month = {June},
  note = {\url{http://proceedings.mlr.press/v48/hoang16.html}},
  openalex = {W2474046462},
  pages = {382--391},
  publisher = {Journal of Machine Learning Research (JMLR)},
  series = {Workshop and Conference Proceedings},
  title = {A distributed variational inference framework for unifying parallel sparse Gaussian process regression models},
  volume = {48},
  year = {2016}
}

@inproceedings{hoiles2016bounded,
  address = {New York City, New York, USA},
  author = {Hoiles, William and Schaar, Mihaela van der},
  booktitle = {Proceedings of the 33rd International Conference on Machine Learning (ICML)},
  editor = {Balcan, Maria-Florina and Weinberger, Kilian Q.},
  month = {June},
  note = {\url{http://proceedings.mlr.press/v48/hoiles16.html}},
  openalex = {W2425855276},
  pages = {1596--1604},
  publisher = {JMLR.org},
  series = {JMLR Workshop and Conference Proceedings},
  title = {Bounded Off-Policy Evaluation with Missing Data for Course Recommendation and Curriculum Design},
  volume = {48},
  year = {2016}
}

@inproceedings{hwang2016automatic,
  address = {New York City, New York, USA},
  author = {Hwang, Yunseong and Tong, Anh and Choi, Jaesik},
  booktitle = {Proceedings of the 33rd International Conference on Machine Learning (ICML)},
  month = {June},
  note = {\url{http://proceedings.mlr.press/v48/hwangb16.html}},
  openalex = {W2474440862},
  pages = {3030--3039},
  publisher = {Journal of Machine Learning Research (JLMR)},
  series = {Workshop and Conference Proceedings},
  title = {Automatic construction of nonparametric relational regression models for multiple time series},
  year = {2016}
}

@inproceedings{hwang2016sequence,
  address = {New York City, New York, USA},
  author = {Hwang, Kyuyeon and Sung, Wonyong},
  booktitle = {Proceedings of the 33rd International Conference on Machine Learning (ICML)},
  editor = {Balcan, Maria-Florina and Weinberger, Kilian Q.},
  month = {June},
  note = {\url{\url{http://proceedings.mlr.press/v48/hwanga16.html}}},
  openalex = {W2464072665},
  pages = {2178--2187},
  publisher = {Journal of Machine Learning Research (JMLR)},
  series = {Workshop and Conference Proceedings},
  title = {Sequence to sequence training of CTC-RNNs with partial windowing},
  volume = {48},
  year = {2016}
}

@inproceedings{imaizumi2016doubly,
  address = {New York City, New York, USA},
  author = {Imaizumi, Masaaki and Hayashi, Kohei},
  booktitle = {Proceedings of the 33rd International Conference on Machine Learning (ICML)},
  editor = {Balcan, Maria-Florina and Weinberger, Kilian Q.},
  month = {June},
  note = {\url{http://proceedings.mlr.press/v48/imaizumi16.html}},
  openalex = {W2338432079},
  pages = {727--736},
  publisher = {Journal of Machine Learning Research (JMLR)},
  series = {Workshop and Conference Proceedings},
  title = {Doubly Decomposing Nonparametric Tensor Regression},
  volume = {48},
  year = {2016}
}

@inproceedings{inouye2016square,
  address = {New York City, New York, USA},
  author = {Inouye, David I. and Ravikumar, Pradeep and Dhillon, Inderjit S.},
  booktitle = {Proceedings of the 33rd International Conference on Machine Learning (ICML)},
  editor = {Balcan, Maria-Florina and Weinberger, Kilian Q.},
  month = {June},
  note = {\url{http://proceedings.mlr.press/v48/inouye16.html}},
  openalex = {W2294304470},
  pages = {2445--2453},
  publisher = {Journal of Machine Learning Research (JMLR)},
  series = {Workshop and Conference Proceedings},
  title = {Square Root Graphical Models: Multivariate Generalizations of Univariate Exponential Families that Permit Positive Dependencies.},
  volume = {48},
  year = {2016}
}

@inproceedings{jasinska2016extreme,
  address = {New York City, New York, USA},
  author = {Jasińska, Kalina and Dembczyński, Krzysztof and Busa‐Fekete, Róbert and Pfannschmidt, Karlson and Klerx, Timo and Hüllermeier, Eyke},
  booktitle = {Proceedings of the 33rd International Conference on Machine Learning (ICML)},
  editor = {Balcan, Maria-Florina and Weinberger, Kilian Q.},
  month = {June},
  note = {\url{http://proceedings.mlr.press/v48/jasinska16.html}},
  openalex = {W2437817353},
  pages = {1435--1444},
  publisher = {Journal of Machine Learning Research (JMLR)},
  series = {JMLR Workshop and Conference Proceedings},
  title = {Extreme F-measure maximization using sparse probability estimates},
  volume = {48},
  year = {2016}
}

@inproceedings{jenatton2016adaptive,
  address = {New York City, New York, USA},
  author = {Jenatton, Rodolphe and Huang, Jim C. and Archambeau, Cédric},
  booktitle = {Proceedings of the 33rd International Conference on Machine Learning (ICML)},
  editor = {Balcan, Maria-Florina and Weinberger, Kilian Q.},
  month = {June},
  note = {\url{http://proceedings.mlr.press/v48/jenatton16.html}},
  pages = {402--411},
  publisher = {Journal of Machine Learning Research (JMLR)},
  series = {Workshop and Conference Proceedings},
  title = {Adaptive Algorithms for Online Convex Optimization with Long-term Constraints},
  volume = {48},
  year = {2016}
}

@inproceedings{jiang2016doubly,
  address = {New York City, New York, USA},
  author = {Jiang, Nan and Li, Lihong},
  booktitle = {Proceedings of the 33rd International Conference on Machine Learning (ICML)},
  editor = {Balcan, Maria-Florina and Weinberger, Kilian Q.},
  month = {June},
  note = {\url{http://proceedings.mlr.press/v48/jiang16.html}},
  openalex = {W2962802563},
  pages = {652--661},
  publisher = {Journal of Machine Learning Research (JMLR)},
  series = {Workshop and Conference Proceedings},
  title = {Doubly Robust Off-policy Value Evaluation for Reinforcement Learning},
  volume = {48},
  year = {2016}
}

@inproceedings{jiao2016controlling,
  address = {New York City, New York, USA},
  author = {Jiao, Yunlong and Korba, Anna and Sibony, Eric},
  booktitle = {Proceedings of the 33rd International Conference on Machine Learning (ICML)},
  editor = {Balcan, Maria-Florina and Weinberger, Kilian Q.},
  month = {June},
  note = {\url{http://proceedings.mlr.press/v48/korba16.html}},
  openalex = {W2420953943},
  pages = {2971--2980},
  publisher = {JMLR.org},
  series = {Workshop and Conference Proceedings},
  title = {Controlling the distance to a Kemeny consensus without computing it},
  year = {2016}
}

@inproceedings{johansson2016learning,
  address = {New York City, New York, USA},
  author = {Johansson, Fredrik and Shalit, Uri and Sontag, David},
  booktitle = {Proceedings of the 33rd International Conference on Machine Learning (ICML)},
  month = {June},
  note = {\url{http://proceedings.mlr.press/v48/johansson16.html}},
  openalex = {W2964271126},
  pages = {3020--3029},
  publisher = {Journal of Machine Learning Research (JLMR)},
  series = {Workshop and Conference Proceedings},
  title = {Learning Representations for Counterfactual Inference},
  year = {2016}
}

@inproceedings{johnson2016supervised,
  address = {New York City, New York, USA},
  author = {Johnson, Rie and Zhang, Tong},
  booktitle = {Proceedings of the 33rd International Conference on Machine Learning (ICML)},
  editor = {Balcan, Maria-Florina and Weinberger, Kilian Q.},
  month = {June},
  note = {\url{http://proceedings.mlr.press/v48/johnson16.html}},
  openalex = {W2963908579},
  pages = {526--534},
  publisher = {Journal of Machine Learning Research (JMLR)},
  series = {Workshop and Conference Proceedings},
  title = {Supervised and Semi-Supervised Text Categorization using LSTM for Region Embeddings},
  volume = {48},
  year = {2016}
}

@inproceedings{jun2016anytime,
  address = {New York City, New York, USA},
  author = {Jun, Kwang-Sung and Nowak, Robert D.},
  booktitle = {Proceedings of the 33rd International Conference on Machine Learning (ICML)},
  editor = {Balcan, Maria-Florina and Weinberger, Kilian Q.},
  month = {June},
  note = {\url{http://proceedings.mlr.press/v48/jun16.html}},
  openalex = {W2473871880},
  pages = {974--982},
  publisher = {JMLR.org},
  series = {JMLR Workshop and Conference Proceedings},
  title = {Anytime Exploration for Multi-armed Bandits using Confidence Information.},
  volume = {48},
  year = {2016}
}

@inproceedings{kairouz2016discrete,
  address = {New York City, New York, USA},
  author = {Kairouz, Peter and Bonawitz, Kallista A. and Ramage, Daniel},
  booktitle = {Proceedings of the 33rd International Conference on Machine Learning (ICML)},
  editor = {Balcan, Maria-Florina and Weinberger, Kilian Q.},
  month = {June},
  note = {\url{http://proceedings.mlr.press/v48/kairouz16.html}},
  pages = {2436--2444},
  publisher = {Journal of Machine Learning Research (JMLR)},
  series = {Workshop and Conference Proceedings},
  title = {Discrete Distribution Estimation under Local Privacy},
  volume = {48},
  year = {2016}
}

@inproceedings{kanagawa2016gaussian,
  address = {New York City, New York, USA},
  author = {Kanagawa, Heishiro and Suzuki, Taiji and Kobayashi, Hayato and Shimizu, Nobuyuki and Tagami, Yukihiro},
  booktitle = {Proceedings of the 33rd International Conference on Machine Learning (ICML)},
  editor = {Balcan, Maria-Florina and Weinberger, Kilian Q.},
  month = {June},
  note = {\url{http://proceedings.mlr.press/v48/kanagawa16.html}},
  openalex = {W2462875204},
  pages = {1632--1641},
  publisher = {JMLR.org},
  series = {JMLR Workshop and Conference Proceedings},
  title = {Gaussian process nonparametric tensor estimator and its minimax optimality},
  volume = {48},
  year = {2016}
}

@inproceedings{kandasamy2016additive,
  address = {New York City, New York, USA},
  author = {Kandasamy, Kirthevasan and Yu, Yaoliang},
  booktitle = {Proceedings of the 33rd International Conference on Machine Learning (ICML)},
  editor = {Balcan, Maria-Florina and Weinberger, Kilian Q.},
  month = {June},
  note = {\url{http://proceedings.mlr.press/v48/kandasamy16.html}},
  openalex = {W2272464891},
  pages = {69--78},
  publisher = {Journal of Machine Learning Research (JMLR)},
  series = {Workshop and Conference Proceedings},
  title = {Additive Approximations in High Dimensional Nonparametric Regression via the SALSA},
  year = {2016}
}

@inproceedings{kantchelian2016evasion,
  address = {New York City, New York, USA},
  author = {Kantchelian, Alex and Tygar, J. D. and Joseph, Anthony D.},
  booktitle = {Proceedings of the 33rd International Conference on Machine Learning (ICML)},
  editor = {Balcan, Maria-Florina and Weinberger, Kilian Q.},
  month = {June},
  note = {\url{http://proceedings.mlr.press/v48/kantchelian16.html}},
  openalex = {W2962777143},
  pages = {2387--2396},
  publisher = {Journal of Machine Learning Research (JMLR)},
  series = {Workshop and Conference Proceedings},
  title = {Evasion and hardening of tree ensemble classifiers},
  volume = {48},
  year = {2016}
}

@inproceedings{kapralov2016to,
  address = {New York City, New York, USA},
  author = {Kapralov, Michael and Potluru, Vamsi K. and Woodruff, David P.},
  booktitle = {Proceedings of the 33rd International Conference on Machine Learning (ICML)},
  editor = {Balcan, Maria-Florina and Weinberger, Kilian Q.},
  month = {June},
  note = {\url{\url{http://proceedings.mlr.press/v48/kapralov16.html}}},
  openalex = {W2963988202},
  pages = {2101--2110},
  publisher = {Journal of Machine Learning Research (JMLR)},
  series = {Workshop and Conference Proceedings},
  title = {How to Fake Multiply by a Gaussian Matrix},
  volume = {48},
  year = {2016}
}

@inproceedings{kasai2016lowrank,
  address = {New York City, New York, USA},
  author = {Kasai, Hiroyuki and Mishra, Bamdev},
  booktitle = {Proceedings of the 33rd International Conference on Machine Learning (ICML)},
  editor = {Balcan, Maria-Florina and Weinberger, Kilian Q.},
  month = {June},
  note = {\url{http://proceedings.mlr.press/v48/kasai16.html}},
  openalex = {W2963634612},
  pages = {1012--1021},
  publisher = {JMLR.org},
  series = {JMLR Workshop and Conference Proceedings},
  title = {Low-rank tensor completion: a Riemannian manifold preconditioning approach},
  volume = {48},
  year = {2016}
}

@inproceedings{kasiviswanathan2016efficient,
  address = {New York City, New York, USA},
  author = {Kasiviswanathan, Shiva Prasad and Jin, Hongxia},
  booktitle = {Proceedings of the 33rd International Conference on Machine Learning (ICML)},
  editor = {Balcan, Maria-Florina and Weinberger, Kilian Q.},
  month = {June},
  note = {\url{http://proceedings.mlr.press/v48/kasiviswanathan16.html}},
  openalex = {W2470101972},
  pages = {488--497},
  publisher = {Journal of Machine Learning Research (JMLR)},
  series = {Workshop and Conference Proceedings},
  title = {Efficient private empirical risk minimization for high-dimensional learning},
  volume = {48},
  year = {2016}
}

@inproceedings{katariya2016dcm,
  address = {New York City, New York, USA},
  author = {Katariya, Sumeet and Kveton, Branislav and Szepesvári, Csaba and Wen, Zheng},
  booktitle = {Proceedings of the 33rd International Conference on Machine Learning (ICML)},
  editor = {Balcan, Maria-Florina and Weinberger, Kilian Q.},
  month = {June},
  note = {\url{http://proceedings.mlr.press/v48/katariya16.html}},
  openalex = {W2259177609},
  pages = {1215--1224},
  publisher = {Journal of Machine Learning Research (JMLR)},
  series = {JMLR Workshop and Conference Proceedings},
  title = {DCM Bandits: Learning to Rank with Multiple Clicks},
  volume = {48},
  year = {2016}
}

@inproceedings{kawakita2016barron,
  address = {New York City, New York, USA},
  author = {Kawakita, Masanori and Takeuchi, Jun’ichi},
  booktitle = {Proceedings of the 33rd International Conference on Machine Learning (ICML)},
  editor = {Balcan, Maria-Florina and Weinberger, Kilian Q.},
  month = {June},
  note = {\url{\url{http://proceedings.mlr.press/v48/kawakita16.html}}},
  openalex = {W2423533621},
  pages = {1958--1966},
  publisher = {Journal of Machine Learning Research (JMLR)},
  series = {Workshop and Conference Proceedings},
  title = {Barron and cover's theory in supervised learning and its application to lasso},
  volume = {48},
  year = {2016}
}

@inproceedings{kh2016on,
  address = {New York City, New York, USA},
  author = {Khandelwal, Piyush and Liebman, Elad and Niekum, Scott and Stone, Peter},
  booktitle = {Proceedings of the 33rd International Conference on Machine Learning (ICML)},
  editor = {Balcan, Maria-Florina and Weinberger, Kilian Q.},
  month = {June},
  note = {\url{http://proceedings.mlr.press/v48/khandelwal16.html}},
  openalex = {W2471186604},
  pages = {1319--1328},
  publisher = {Journal of Machine Learning Research (JMLR)},
  series = {JMLR Workshop and Conference Proceedings},
  title = {On the analysis of complex backup strategies in Monte Carlo tree search},
  volume = {48},
  year = {2016}
}

@inproceedings{khetan2016datadriven,
  address = {New York City, New York, USA},
  author = {Khetan, Ashish and Oh, Sewoong},
  booktitle = {Proceedings of the 33rd International Conference on Machine Learning (ICML)},
  editor = {Balcan, Maria-Florina and Weinberger, Kilian Q.},
  month = {June},
  note = {\url{http://proceedings.mlr.press/v48/khetan16.html}},
  openalex = {W2295946735},
  pages = {89--98},
  publisher = {Journal of Machine Learning Research (JMLR)},
  series = {Workshop and Conference Proceedings},
  title = {Data-driven rank breaking for efficient rank aggregation},
  year = {2016}
}

@inproceedings{komiyama2016copeland,
  address = {New York City, New York, USA},
  author = {Komiyama, Junpei and Honda, Junya and Nakagawa, Hiroshi},
  booktitle = {Proceedings of the 33rd International Conference on Machine Learning (ICML)},
  editor = {Balcan, Maria-Florina and Weinberger, Kilian Q.},
  month = {June},
  note = {\url{http://proceedings.mlr.press/v48/komiyama16.html}},
  openalex = {W2346878437},
  pages = {1235--1244},
  publisher = {Journal of Machine Learning Research (JMLR)},
  series = {JMLR Workshop and Conference Proceedings},
  title = {Copeland Dueling Bandit Problem: Regret Lower Bound, Optimal Algorithm, and Computationally Efficient Algorithm},
  volume = {48},
  year = {2016}
}

@inproceedings{korda2016distributed,
  address = {New York City, New York, USA},
  author = {Korda, Nathan and Szörényi, Balázs and Li, Shuai},
  booktitle = {Proceedings of the 33rd International Conference on Machine Learning (ICML)},
  editor = {Balcan, Maria-Florina and Weinberger, Kilian Q.},
  month = {June},
  note = {\url{http://proceedings.mlr.press/v48/korda16.html}},
  openalex = {W2344889085},
  pages = {1301--1309},
  publisher = {Journal of Machine Learning Research (JMLR)},
  series = {JMLR Workshop and Conference Proceedings},
  title = {Distributed Clustering of Linear Bandits in Peer to Peer Networks},
  volume = {48},
  year = {2016}
}

@inproceedings{kumar2016ask,
  address = {New York City, New York, USA},
  author = {Kumar, Ankit and İrsoy, Ozan and Ondrúška, Peter and Iyyer, Mohit and Bradbury, James and Gulrajani, Ishaan and Zhong, Victor and Paulus, Romain and Socher, Richard},
  booktitle = {Proceedings of the 33rd International Conference on Machine Learning (ICML)},
  editor = {Balcan, Maria-Florina and Weinberger, Kilian Q.},
  month = {June},
  note = {\url{http://proceedings.mlr.press/v48/kumar16.html}},
  openalex = {W2964091467},
  pages = {1378--1387},
  publisher = {Journal of Machine Learning Research (JMLR)},
  series = {JMLR Workshop and Conference Proceedings},
  title = {Ask Me Anything: Dynamic Memory Networks for Natural Language Processing},
  volume = {48},
  year = {2016}
}

@inproceedings{kusano2016persistence,
  address = {New York City, New York, USA},
  author = {Kusano, Genki and Fukumizu, Kenji and Hiraoka, Yasuaki},
  booktitle = {Proceedings of the 33rd International Conference on Machine Learning (ICML)},
  editor = {Balcan, Maria-Florina and Weinberger, Kilian Q.},
  month = {June},
  note = {\url{\url{http://proceedings.mlr.press/v48/kusano16.html}}},
  openalex = {W2223193774},
  pages = {2004--2013},
  publisher = {Journal of Machine Learning Research (JMLR)},
  series = {Workshop and Conference Proceedings},
  title = {Persistence weighted Gaussian kernel for topological data analysis},
  volume = {48},
  year = {2016}
}

@inproceedings{lan2016dealbreaker,
  address = {New York City, New York, USA},
  author = {Lan, Andrew S. and Goldstein, Tom and Baraniuk, Richard G. and Studer, Christoph},
  booktitle = {Proceedings of the 33rd International Conference on Machine Learning (ICML)},
  editor = {Balcan, Maria-Florina and Weinberger, Kilian Q.},
  month = {June},
  note = {\url{http://proceedings.mlr.press/v48/lan16.html}},
  openalex = {W2467755002},
  pages = {266--275},
  publisher = {Journal of Machine Learning Research (JMLR)},
  series = {Workshop and Conference Proceedings},
  title = {Dealbreaker: a nonlinear latent variable model for educational data},
  year = {2016}
}

@inproceedings{larsen2016autoencoding,
  address = {New York City, New York, USA},
  author = {Larsen, Anders Boesen Lindbo and Sønderby, Søren Kaae and Larochelle, Hugo and Winther, Ole},
  booktitle = {Proceedings of the 33rd International Conference on Machine Learning (ICML)},
  editor = {Balcan, Maria-Florina and Weinberger, Kilian Q.},
  month = {June},
  note = {\url{http://proceedings.mlr.press/v48/larsen16.html}},
  pages = {1558--1566},
  publisher = {JMLR.org},
  series = {JMLR Workshop and Conference Proceedings},
  title = {Autoencoding Beyond Pixels Using a Learned Similarity Metric},
  volume = {48},
  year = {2016}
}

@inproceedings{le2016smooth,
  address = {New York City, New York, USA},
  author = {Le, Hoang Minh and Kang, Andrew and Yue, Yisong and Carr, Peter},
  booktitle = {Proceedings of the 33rd International Conference on Machine Learning (ICML)},
  editor = {Balcan, Maria-Florina and Weinberger, Kilian Q.},
  month = {June},
  note = {\url{http://proceedings.mlr.press/v48/le16.html}},
  pages = {680--688},
  publisher = {Journal of Machine Learning Research (JMLR)},
  series = {Workshop and Conference Proceedings},
  title = {Smooth Imitation Learning for Online Sequence Prediction},
  volume = {48},
  year = {2016}
}

@inproceedings{lee2016asymmetric,
  address = {New York City, New York, USA},
  author = {Lee, Giwoong and Yang, Eunho and Hwang, Sung Ju},
  booktitle = {Proceedings of the 33rd International Conference on Machine Learning (ICML)},
  editor = {Balcan, Maria-Florina and Weinberger, Kilian Q.},
  month = {June},
  note = {\url{http://proceedings.mlr.press/v48/leeb16.html}},
  openalex = {W2578962122},
  pages = {230--238},
  publisher = {Journal of Machine Learning Research (JMLR)},
  series = {Workshop and Conference Proceedings},
  title = {Asymmetric Multi-task Learning based on Task Relatedness and Confidence.},
  year = {2016}
}

@inproceedings{lee2016hawkes,
  address = {New York City, New York, USA},
  author = {Lee, Young and Lim, Kar Wai and Ong, Cheng Soon},
  booktitle = {Proceedings of the 33rd International Conference on Machine Learning (ICML)},
  editor = {Balcan, Maria-Florina and Weinberger, Kilian Q.},
  month = {June},
  note = {\url{http://proceedings.mlr.press/v48/leea16.html}},
  openalex = {W2473423252},
  pages = {79--88},
  publisher = {Journal of Machine Learning Research (JMLR)},
  series = {Workshop and Conference Proceedings},
  title = {Hawkes Processes with Stochastic Excitations},
  year = {2016}
}

@inproceedings{lei2016power,
  address = {New York City, New York, USA},
  author = {Lei, Lihua and Fithian, William},
  booktitle = {Proceedings of the 33rd International Conference on Machine Learning (ICML)},
  editor = {Balcan, Maria-Florina and Weinberger, Kilian Q.},
  month = {June},
  note = {\url{http://proceedings.mlr.press/v48/lei16.html}},
  openalex = {W2416778053},
  pages = {2924--2932},
  publisher = {JMLR.org},
  series = {Workshop and Conference Proceedings},
  title = {Power of Ordered Hypothesis Testing},
  year = {2016}
}

@inproceedings{lerer2016learning,
  address = {New York City, New York, USA},
  author = {Lerer, Adam and Gross, Sam and Fergus, Rob},
  booktitle = {Proceedings of the 33rd International Conference on Machine Learning (ICML)},
  editor = {Balcan, Maria-Florina and Weinberger, Kilian Q.},
  month = {June},
  note = {\url{http://proceedings.mlr.press/v48/lerer16.html}},
  openalex = {W2951384764},
  pages = {430--438},
  publisher = {Journal of Machine Learning Research (JMLR)},
  series = {Workshop and Conference Proceedings},
  title = {Learning Physical Intuition of Block Towers by Example},
  volume = {48},
  year = {2016}
}

@inproceedings{li2016conditional,
  address = {New York City, New York, USA},
  author = {Li, Cheng and Wang, Bingyu and Pavlu, Virgil and Aslam, Javed A.},
  booktitle = {Proceedings of the 33rd International Conference on Machine Learning (ICML)},
  editor = {Balcan, Maria-Florina and Weinberger, Kilian Q.},
  month = {June},
  note = {\url{http://proceedings.mlr.press/v48/lij16.html}},
  openalex = {W2415825185},
  pages = {2482--2491},
  publisher = {Journal of Machine Learning Research (JMLR)},
  series = {Workshop and Conference Proceedings},
  title = {Conditional bernoulli mixtures for multi-label classification},
  volume = {48},
  year = {2016}
}

@inproceedings{li2016contextual,
  address = {New York City, New York, USA},
  author = {Li, Shuai and Wang, Baoxiang and Zhang, Shengyu and Chen, Wei},
  booktitle = {Proceedings of the 33rd International Conference on Machine Learning (ICML)},
  editor = {Balcan, Maria-Florina and Weinberger, Kilian Q.},
  month = {June},
  note = {\url{http://proceedings.mlr.press/v48/lif16.html}},
  openalex = {W2443763917},
  pages = {1245--1253},
  publisher = {Journal of Machine Learning Research (JMLR)},
  series = {JMLR Workshop and Conference Proceedings},
  title = {Contextual combinatorial cascading bandits},
  volume = {48},
  year = {2016}
}

@inproceedings{li2016fasta,
  address = {New York City, New York, USA},
  author = {Li, Ke and Malik, Jitendra},
  booktitle = {Proceedings of the 33rd International Conference on Machine Learning (ICML)},
  editor = {Balcan, Maria-Florina and Weinberger, Kilian Q.},
  month = {June},
  note = {\url{http://proceedings.mlr.press/v48/lic16.html}},
  openalex = {W2963557510},
  pages = {671--679},
  publisher = {Journal of Machine Learning Research (JMLR)},
  series = {Workshop and Conference Proceedings},
  title = {Fast k-Nearest Neighbour Search via Dynamic Continuous Indexing},
  volume = {48},
  year = {2016}
}

@inproceedings{li2016fastb,
  address = {New York City, New York, USA},
  author = {Li, Chengtao and Jegelka, Stefanie and Sra, Suvrit},
  booktitle = {Proceedings of the 33rd International Conference on Machine Learning (ICML)},
  editor = {Balcan, Maria-Florina and Weinberger, Kilian Q.},
  month = {June},
  note = {\url{\url{http://proceedings.mlr.press/v48/lih16.html}}},
  pages = {2061--2070},
  publisher = {Journal of Machine Learning Research (JMLR)},
  series = {Workshop and Conference Proceedings},
  title = {Fast DPP Sampling for Nystrom with Application to Kernel Methods},
  volume = {48},
  year = {2016}
}

@inproceedings{li2016gaussian,
  address = {New York City, New York, USA},
  author = {Li, Chengtao and Sra, Suvrit and Jegelka, Stefanie},
  booktitle = {Proceedings of the 33rd International Conference on Machine Learning (ICML)},
  editor = {Balcan, Maria-Florina and Weinberger, Kilian Q.},
  month = {June},
  note = {\url{http://proceedings.mlr.press/v48/lig16.html}},
  openalex = {W2414747154},
  pages = {1766--1775},
  publisher = {JMLR.org},
  series = {JMLR Workshop and Conference Proceedings},
  title = {Gaussian quadrature for matrix inverse forms with applications},
  volume = {48},
  year = {2016}
}

@inproceedings{li2016learning,
  address = {New York City, New York, USA},
  author = {Li, Chongxuan and Zhu, Jun and Zhang, Bo},
  booktitle = {Proceedings of the 33rd International Conference on Machine Learning (ICML)},
  editor = {Balcan, Maria-Florina and Weinberger, Kilian Q.},
  month = {June},
  note = {\url{http://proceedings.mlr.press/v48/lie16.html}},
  openalex = {W2949354227},
  pages = {1177--1186},
  publisher = {Journal of Machine Learning Research (JMLR)},
  series = {JMLR Workshop and Conference Proceedings},
  title = {Learning to Generate with Memory},
  volume = {48},
  year = {2016}
}

@inproceedings{li2016lowrank,
  address = {New York City, New York, USA},
  author = {Li, Dongsheng and Chen, Chao and Lv, Qin and Yan, Junchi and Shang, Li and Chu, Stephen M.},
  booktitle = {Proceedings of the 33rd International Conference on Machine Learning (ICML)},
  editor = {Balcan, Maria-Florina and Weinberger, Kilian Q.},
  month = {June},
  note = {\url{http://proceedings.mlr.press/v48/lib16.html}},
  openalex = {W2426900979},
  pages = {295--303},
  publisher = {Journal of Machine Learning Research (JMLR)},
  series = {Workshop and Conference Proceedings},
  title = {Low-rank matrix approximation with stability},
  year = {2016}
}

@inproceedings{li2016multibias,
  address = {New York City, New York, USA},
  author = {Li, Hongyang and Ouyang, Wanli and Wang, Xiaogang},
  booktitle = {Proceedings of the 33rd International Conference on Machine Learning (ICML)},
  editor = {Balcan, Maria-Florina and Weinberger, Kilian Q.},
  month = {June},
  note = {\url{http://proceedings.mlr.press/v48/lia16.html}},
  pages = {221--229},
  publisher = {Journal of Machine Learning Research (JMLR)},
  series = {Workshop and Conference Proceedings},
  title = {Multi-Bias Non-linear Activation in Deep Neural Networks},
  year = {2016}
}

@inproceedings{li2016recovery,
  address = {New York City, New York, USA},
  author = {Li, Yuanzhi and Liang, Yingyu and Risteski, Andrej},
  booktitle = {Proceedings of the 33rd International Conference on Machine Learning (ICML)},
  editor = {Balcan, Maria-Florina and Weinberger, Kilian Q.},
  month = {June},
  note = {\url{http://proceedings.mlr.press/v48/lii16.html}},
  openalex = {W2268788034},
  pages = {2358--2367},
  publisher = {Journal of Machine Learning Research (JMLR)},
  series = {Workshop and Conference Proceedings},
  title = {Recovery guarantee of weighted low-rank approximation via alternating minimization},
  volume = {48},
  year = {2016}
}

@inproceedings{li2016stochastic,
  address = {New York City, New York, USA},
  author = {Li, Xingguo and Zhao, Tuo and Arora, Raman and Liu, Han and Haupt, Jarvis},
  booktitle = {Proceedings of the 33rd International Conference on Machine Learning (ICML)},
  editor = {Balcan, Maria-Florina and Weinberger, Kilian Q.},
  month = {June},
  note = {\url{http://proceedings.mlr.press/v48/li16.html}},
  openalex = {W2365692793},
  pages = {917--925},
  publisher = {JMLR.org},
  series = {JMLR Workshop and Conference Proceedings},
  title = {Stochastic Variance Reduced Optimization for Nonconvex Sparse Learning},
  volume = {48},
  year = {2016}
}

@inproceedings{liberty2016stratified,
  address = {New York City, New York, USA},
  author = {Lang, Kevin and Liberty, Edo and Shmakov, Konstantin},
  booktitle = {Proceedings of the 33rd International Conference on Machine Learning (ICML)},
  editor = {Balcan, Maria-Florina and Weinberger, Kilian Q.},
  month = {June},
  note = {\url{http://proceedings.mlr.press/v48/liberty16.html}},
  openalex = {W2473169921},
  pages = {2320--2329},
  publisher = {Journal of Machine Learning Research (JMLR)},
  series = {Workshop and Conference Proceedings},
  title = {Stratified sampling meets machine learning},
  volume = {48},
  year = {2016}
}

@inproceedings{lim2016boxconstrained,
  address = {New York City, New York, USA},
  author = {Lim, Cong Han and Wright, Steve},
  booktitle = {Proceedings of the 33rd International Conference on Machine Learning (ICML)},
  editor = {Balcan, Maria-Florina and Weinberger, Kilian Q.},
  month = {June},
  note = {\url{http://proceedings.mlr.press/v48/lim16.html}},
  pages = {2454--2463},
  publisher = {Journal of Machine Learning Research (JMLR)},
  series = {Workshop and Conference Proceedings},
  title = {A Box-Constrained Approach for Hard Permutation Problems},
  volume = {48},
  year = {2016}
}

@inproceedings{lin2016fixed,
  address = {New York City, New York, USA},
  author = {Lin, Darryl Dexu and Talathi, Sachin S. and Annapureddy, V. Sreekanth},
  booktitle = {Proceedings of the 33rd International Conference on Machine Learning (ICML)},
  editor = {Balcan, Maria-Florina and Weinberger, Kilian Q.},
  month = {June},
  note = {\url{http://proceedings.mlr.press/v48/linb16.html}},
  openalex = {W2286365479},
  pages = {2849--2858},
  publisher = {JMLR.org},
  series = {Workshop and Conference Proceedings},
  title = {Fixed point quantization of deep convolutional networks},
  year = {2016}
}

@inproceedings{lin2016generalization,
  address = {New York City, New York, USA},
  author = {Lin, Junhong and Camoriano, Raffaello and Rosasco, Lorenzo},
  booktitle = {Proceedings of the 33rd International Conference on Machine Learning (ICML)},
  editor = {Balcan, Maria-Florina and Weinberger, Kilian Q.},
  month = {June},
  note = {\url{http://proceedings.mlr.press/v48/lina16.html}},
  openalex = {W2964056216},
  pages = {2340--2348},
  publisher = {Journal of Machine Learning Research (JMLR)},
  series = {Workshop and Conference Proceedings},
  title = {Generalization properties and implicit regularization for multiple passes SGM},
  volume = {48},
  year = {2016}
}

@inproceedings{liu2016crossgraph,
  address = {New York City, New York, USA},
  author = {Liu, Hanxiao and Yang, Yiming},
  booktitle = {Proceedings of the 33rd International Conference on Machine Learning (ICML)},
  editor = {Balcan, Maria-Florina and Weinberger, Kilian Q.},
  month = {June},
  note = {\url{\url{http://proceedings.mlr.press/v48/liuf16.html}}},
  openalex = {W2346134043},
  pages = {2235--2243},
  publisher = {Journal of Machine Learning Research (JMLR)},
  series = {Workshop and Conference Proceedings},
  title = {Cross-Graph Learning of Multi-Relational Associations},
  volume = {48},
  year = {2016}
}

@inproceedings{liu2016kernelized,
  address = {New York City, New York, USA},
  author = {Liu, Qiang and Lee, Jason D. and Jordan, Michael I.},
  booktitle = {Proceedings of the 33rd International Conference on Machine Learning (ICML)},
  editor = {Balcan, Maria-Florina and Weinberger, Kilian Q.},
  month = {June},
  note = {\url{http://proceedings.mlr.press/v48/liub16.html}},
  openalex = {W2441221256},
  pages = {276--284},
  publisher = {Journal of Machine Learning Research (JMLR)},
  series = {Workshop and Conference Proceedings},
  title = {A kernelized stein discrepancy for goodness-of-fit tests},
  year = {2016}
}

@inproceedings{liu2016largemargin,
  address = {New York City, New York, USA},
  author = {Liu, Weiyang and Wen, Yandong and Yu, Zhiding and Yang, Meng},
  booktitle = {Proceedings of the 33rd International Conference on Machine Learning (ICML)},
  editor = {Balcan, Maria-Florina and Weinberger, Kilian Q.},
  month = {June},
  note = {\url{http://proceedings.mlr.press/v48/liud16.html}},
  openalex = {W2963656735},
  pages = {507--516},
  publisher = {Journal of Machine Learning Research (JMLR)},
  series = {Workshop and Conference Proceedings},
  title = {Large-Margin Softmax Loss for Convolutional Neural Networks},
  volume = {48},
  year = {2016}
}

@inproceedings{liu2016quadratic,
  address = {New York City, New York, USA},
  author = {Liu, Huikang and Wu, Weijie and So, Anthony Man–Cho},
  booktitle = {Proceedings of the 33rd International Conference on Machine Learning (ICML)},
  editor = {Balcan, Maria-Florina and Weinberger, Kilian Q.},
  month = {June},
  note = {\url{http://proceedings.mlr.press/v48/liue16.html}},
  openalex = {W2196082572},
  pages = {1158--1167},
  publisher = {Journal of Machine Learning Research (JMLR)},
  series = {JMLR Workshop and Conference Proceedings},
  title = {Quadratic Optimization with Orthogonality Constraints: Explicit Lojasiewicz Exponent and Linear Convergence of Line-Search Methods},
  volume = {48},
  year = {2016}
}

@inproceedings{liu2016structure,
  address = {New York City, New York, USA},
  author = {Liu, Song and Suzuki, Taiji and Sugiyama, Masashi and Fukumizu, Kenji},
  booktitle = {Proceedings of the 33rd International Conference on Machine Learning (ICML)},
  editor = {Balcan, Maria-Florina and Weinberger, Kilian Q.},
  month = {June},
  note = {\url{http://proceedings.mlr.press/v48/liuc16.html}},
  openalex = {W2294404254},
  pages = {439--448},
  publisher = {Journal of Machine Learning Research (JMLR)},
  series = {Workshop and Conference Proceedings},
  title = {Structure learning of partitioned Markov networks},
  volume = {48},
  year = {2016}
}

@inproceedings{liu2016teaching,
  address = {New York City, New York, USA},
  author = {Liu, Ji and Zhu, Xiaojin and Ohannessian, H. Gorune},
  booktitle = {Proceedings of the 33rd International Conference on Machine Learning (ICML)},
  editor = {Balcan, Maria-Florina and Weinberger, Kilian Q.},
  month = {June},
  note = {\url{http://proceedings.mlr.press/v48/liua16.html}},
  openalex = {W2891034835},
  pages = {117--126},
  publisher = {Journal of Machine Learning Research (JMLR)},
  series = {Workshop and Conference Proceedings},
  title = {The teaching dimension of linear learners},
  year = {2016}
}

@inproceedings{locatelli2016optimal,
  address = {New York City, New York, USA},
  author = {Locatelli, Andrea and Gutzeit, Maurilio and Carpentier, Alexandra},
  booktitle = {Proceedings of the 33rd International Conference on Machine Learning (ICML)},
  editor = {Balcan, Maria-Florina and Weinberger, Kilian Q.},
  month = {June},
  note = {\url{http://proceedings.mlr.press/v48/locatelli16.html}},
  openalex = {W2404446105},
  pages = {1690--1698},
  publisher = {JMLR.org},
  series = {JMLR Workshop and Conference Proceedings},
  title = {An optimal algorithm for the Thresholding Bandit Problem},
  volume = {48},
  year = {2016}
}

@inproceedings{louizos2016structured,
  address = {New York City, New York, USA},
  author = {Louizos, Christos and Welling, Max},
  booktitle = {Proceedings of the 33rd International Conference on Machine Learning (ICML)},
  editor = {Balcan, Maria-Florina and Weinberger, Kilian Q.},
  month = {June},
  note = {\url{http://proceedings.mlr.press/v48/louizos16.html}},
  openalex = {W2302053044},
  pages = {1708--1716},
  publisher = {JMLR.org},
  series = {JMLR Workshop and Conference Proceedings},
  title = {Structured and efficient variational deep learning with matrix Gaussian posteriors},
  volume = {48},
  year = {2016}
}

@inproceedings{lucic2016horizontally,
  address = {New York City, New York, USA},
  author = {Lučić, Mario and Bachem, Olivier and Zadimoghaddam, Morteza and Krause, Andreas},
  booktitle = {Proceedings of the 33rd International Conference on Machine Learning (ICML)},
  editor = {Balcan, Maria-Florina and Weinberger, Kilian Q.},
  month = {June},
  note = {\url{http://proceedings.mlr.press/v48/lucic16.html}},
  openalex = {W2963935045},
  pages = {2981--2989},
  publisher = {JMLR.org},
  series = {Workshop and Conference Proceedings},
  title = {Horizontally Scalable Submodular Maximization},
  year = {2016}
}

@inproceedings{luketina2016scalable,
  address = {New York City, New York, USA},
  author = {Luketina, Jelena and Berglund, Mathias and Greff, Klaus and Raiko, Tapani},
  booktitle = {Proceedings of the 33rd International Conference on Machine Learning (ICML)},
  editor = {Balcan, Maria-Florina and Weinberger, Kilian Q.},
  month = {June},
  note = {\url{http://proceedings.mlr.press/v48/luketina16.html}},
  openalex = {W2964029277},
  pages = {2952--2960},
  publisher = {JMLR.org},
  series = {Workshop and Conference Proceedings},
  title = {Scalable gradient-based tuning of continuous regularization hyperparameters},
  year = {2016}
}

@inproceedings{maaloe2016auxiliary,
  address = {New York City, New York, USA},
  author = {Maaløe, Lars and Sønderby, Casper Kaae and Sønderby, Søren Kaae and Winther, Ole},
  booktitle = {Proceedings of the 33rd International Conference on Machine Learning (ICML)},
  editor = {Balcan, Maria-Florina and Weinberger, Kilian Q.},
  month = {June},
  note = {\url{http://proceedings.mlr.press/v48/maaloe16.html}},
  openalex = {W2280377497},
  pages = {1445--1453},
  publisher = {Journal of Machine Learning Research (JMLR)},
  series = {JMLR Workshop and Conference Proceedings},
  title = {Auxiliary Deep Generative Models},
  volume = {48},
  year = {2016}
}

@inproceedings{malherbe2016ranking,
  address = {New York City, New York, USA},
  author = {Malherbe, Cédric and Contal, Emile and Vayatis, Nicolas},
  booktitle = {Proceedings of the 33rd International Conference on Machine Learning (ICML)},
  editor = {Balcan, Maria-Florina and Weinberger, Kilian Q.},
  month = {June},
  note = {\url{http://proceedings.mlr.press/v48/malherbe16.html}},
  openalex = {W2300000356},
  pages = {1539--1547},
  publisher = {JMLR.org},
  series = {JMLR Workshop and Conference Proceedings},
  title = {A ranking approach to global optimization},
  volume = {48},
  year = {2016}
}

@inproceedings{mandt2016variational,
  address = {New York City, New York, USA},
  author = {Mandt, Stephan and Hoffman, Matthew D. and Blei, David M.},
  booktitle = {Proceedings of the 33rd International Conference on Machine Learning (ICML)},
  editor = {Balcan, Maria-Florina and Weinberger, Kilian Q.},
  month = {June},
  note = {\url{http://proceedings.mlr.press/v48/mandt16.html}},
  openalex = {W2259695933},
  pages = {354--363},
  publisher = {Journal of Machine Learning Research (JMLR)},
  series = {Workshop and Conference Proceedings},
  title = {A Variational Analysis of Stochastic Gradient Algorithms},
  year = {2016}
}

@inproceedings{martins2016from,
  address = {New York City, New York, USA},
  author = {Martins, André F. T. and Astudillo, Ramón Fernández},
  booktitle = {Proceedings of the 33rd International Conference on Machine Learning (ICML)},
  editor = {Balcan, Maria-Florina and Weinberger, Kilian Q.},
  month = {June},
  note = {\url{http://proceedings.mlr.press/v48/martins16.html}},
  openalex = {W2963123301},
  pages = {1614--1623},
  publisher = {JMLR.org},
  series = {JMLR Workshop and Conference Proceedings},
  title = {From softmax to sparsemax: a sparse model of attention and multi-label classification},
  volume = {48},
  year = {2016}
}

@inproceedings{medina2016no,
  address = {New York City, New York, USA},
  author = {Medina, Andres Muñoz and Yang, Scott},
  booktitle = {Proceedings of the 33rd International Conference on Machine Learning (ICML)},
  editor = {Balcan, Maria-Florina and Weinberger, Kilian Q.},
  month = {June},
  note = {\url{http://proceedings.mlr.press/v48/medina16.html}},
  pages = {1642--1650},
  publisher = {JMLR.org},
  series = {JMLR Workshop and Conference Proceedings},
  title = {No-Regret Algorithms for Heavy-Tailed Linear Bandits},
  volume = {48},
  year = {2016}
}

@inproceedings{melnyk2016estimating,
  address = {New York City, New York, USA},
  author = {Melnyk, Igor and Banerjee, Arindam},
  booktitle = {Proceedings of the 33rd International Conference on Machine Learning (ICML)},
  editor = {Balcan, Maria-Florina and Weinberger, Kilian Q.},
  month = {June},
  note = {\url{http://proceedings.mlr.press/v48/melnyk16.html}},
  openalex = {W2962709699},
  pages = {830--839},
  publisher = {JMLR.org},
  series = {JMLR Workshop and Conference Proceedings},
  title = {Estimating structured vector autoregressive models},
  volume = {48},
  year = {2016}
}

@inproceedings{menon2016linking,
  address = {New York City, New York, USA},
  author = {Menon, Aditya Krishna and Ong, Cheng Soon},
  booktitle = {Proceedings of the 33rd International Conference on Machine Learning (ICML)},
  editor = {Balcan, Maria-Florina and Weinberger, Kilian Q.},
  month = {June},
  note = {\url{http://proceedings.mlr.press/v48/menon16.html}},
  openalex = {W2439299270},
  pages = {304--313},
  publisher = {Journal of Machine Learning Research (JMLR)},
  series = {Workshop and Conference Proceedings},
  title = {Linking losses for density ratio and class-probability estimation},
  year = {2016}
}

@inproceedings{mensch2016dictionary,
  address = {New York City, New York, USA},
  author = {Mensch, Arthur and Mairal, Julien and Thirion, Bertrand and Varoquaux, Gaël},
  booktitle = {Proceedings of the 33rd International Conference on Machine Learning (ICML)},
  editor = {Balcan, Maria-Florina and Weinberger, Kilian Q.},
  month = {June},
  note = {\url{http://proceedings.mlr.press/v48/mensch16.html}},
  openalex = {W2346689370},
  pages = {1737--1746},
  publisher = {JMLR.org},
  series = {JMLR Workshop and Conference Proceedings},
  title = {Dictionary Learning for Massive Matrix Factorization},
  volume = {48},
  year = {2016}
}

@inproceedings{meshi2016train,
  address = {New York City, New York, USA},
  author = {Meshi, Ofer and Mahdavi, Mehrdad and Weller, Adrian and Sontag, David},
  booktitle = {Proceedings of the 33rd International Conference on Machine Learning (ICML)},
  editor = {Balcan, Maria-Florina and Weinberger, Kilian Q.},
  month = {June},
  note = {\url{http://proceedings.mlr.press/v48/meshi16.html}},
  openalex = {W2962805661},
  pages = {1776--1785},
  publisher = {JMLR.org},
  series = {JMLR Workshop and Conference Proceedings},
  title = {Train and test tightness of LP relaxations in structured prediction},
  volume = {48},
  year = {2016}
}

@inproceedings{metzen2016minimum,
  address = {New York City, New York, USA},
  author = {Metzen, Jan Hendrik},
  booktitle = {Proceedings of the 33rd International Conference on Machine Learning (ICML)},
  editor = {Balcan, Maria-Florina and Weinberger, Kilian Q.},
  month = {June},
  note = {\url{http://proceedings.mlr.press/v48/metzen16.html}},
  openalex = {W2260050452},
  pages = {192--200},
  publisher = {Journal of Machine Learning Research (JMLR)},
  series = {Workshop and Conference Proceedings},
  title = {Minimum Regret Search for Single- and Multi-Task Optimization},
  year = {2016}
}

@inproceedings{miao2016neural,
  address = {New York City, New York, USA},
  author = {Miao, Yishu and Yu, Lei and Blunsom, Phil},
  booktitle = {Proceedings of the 33rd International Conference on Machine Learning (ICML)},
  editor = {Balcan, Maria-Florina and Weinberger, Kilian Q.},
  month = {June},
  note = {\url{http://proceedings.mlr.press/v48/miao16.html}},
  openalex = {W2963773425},
  pages = {1727--1736},
  publisher = {JMLR.org},
  series = {JMLR Workshop and Conference Proceedings},
  title = {Neural Variational Inference for Text Processing},
  volume = {48},
  year = {2016}
}

@inproceedings{michaeli2016nonparametric,
  address = {New York City, New York, USA},
  author = {Michaeli, Tomer and Wang, Weiran and Livescu, Karen},
  booktitle = {Proceedings of the 33rd International Conference on Machine Learning (ICML)},
  editor = {Balcan, Maria-Florina and Weinberger, Kilian Q.},
  month = {June},
  note = {\url{\url{http://proceedings.mlr.press/v48/michaeli16.html}}},
  openalex = {W2964197745},
  pages = {1967--1976},
  publisher = {Journal of Machine Learning Research (JMLR)},
  series = {Workshop and Conference Proceedings},
  title = {Nonparametric canonical correlation analysis},
  volume = {48},
  year = {2016}
}

@inproceedings{mirzasoleiman2016fast,
  address = {New York City, New York, USA},
  author = {Mirzasoleiman, Baharan and Badanidiyuru, Ashwinkumar and Karbasi, Amin},
  booktitle = {Proceedings of the 33rd International Conference on Machine Learning (ICML)},
  editor = {Balcan, Maria-Florina and Weinberger, Kilian Q.},
  month = {June},
  note = {\url{http://proceedings.mlr.press/v48/mirzasoleiman16.html}},
  openalex = {W2473929617},
  pages = {1358--1367},
  publisher = {Journal of Machine Learning Research (JMLR)},
  series = {JMLR Workshop and Conference Proceedings},
  title = {Fast constrained submodular maximization: personalized data summarization},
  volume = {48},
  year = {2016}
}

@inproceedings{mitrovic2016drabc,
  address = {New York City, New York, USA},
  author = {Mitrovic, Jovana and Sejdinović, Dino and Teh, Yee Whye},
  booktitle = {Proceedings of the 33rd International Conference on Machine Learning (ICML)},
  editor = {Balcan, Maria-Florina and Weinberger, Kilian Q.},
  month = {June},
  note = {\url{http://proceedings.mlr.press/v48/mitrovic16.html}},
  openalex = {W2963286671},
  pages = {1482--1491},
  publisher = {Journal of Machine Learning Research (JMLR)},
  series = {JMLR Workshop and Conference Proceedings},
  title = {DR-ABC: approximate Bayesian computation with kernel-based distribution regression},
  volume = {48},
  year = {2016}
}

@inproceedings{mnih2016asynchronous,
  address = {New York City, New York, USA},
  author = {Mnih, Volodymyr and Badia, Adrià Puigdomènech and Mirza, Mehdi and Graves, Alex and Harley, Tim and Lillicrap, Timothy and Silver, David and Kavukcuoglu, Koray},
  booktitle = {Proceedings of the 33rd International Conference on Machine Learning (ICML)},
  editor = {Balcan, Maria-Florina and Weinberger, Kilian Q.},
  month = {June},
  note = {\url{\url{http://proceedings.mlr.press/v48/mniha16.html}}},
  openalex = {W2964043796},
  pages = {1928--1937},
  publisher = {Journal of Machine Learning Research (JMLR)},
  series = {Workshop and Conference Proceedings},
  title = {Asynchronous Methods for Deep Reinforcement Learning},
  volume = {48},
  year = {2016}
}

@inproceedings{mnih2016variational,
  address = {New York City, New York, USA},
  author = {Mnih, Andriy and Rezende, Danilo Jimenez},
  booktitle = {Proceedings of the 33rd International Conference on Machine Learning (ICML)},
  editor = {Balcan, Maria-Florina and Weinberger, Kilian Q.},
  month = {June},
  note = {\url{\url{http://proceedings.mlr.press/v48/mnihb16.html}}},
  openalex = {W2278112683},
  pages = {2188--2196},
  publisher = {Journal of Machine Learning Research (JMLR)},
  series = {Workshop and Conference Proceedings},
  title = {Variational inference for Monte Carlo objectives},
  volume = {48},
  year = {2016}
}

@inproceedings{mussmann2016learning,
  address = {New York City, New York, USA},
  author = {Mussmann, Stephen and Ermon, Stefano},
  booktitle = {Proceedings of the 33rd International Conference on Machine Learning (ICML)},
  editor = {Balcan, Maria-Florina and Weinberger, Kilian Q.},
  month = {June},
  note = {\url{http://proceedings.mlr.press/v48/mussmann16.html}},
  openalex = {W2468625129},
  pages = {2587--2596},
  publisher = {Journal of Machine Learning Research (JMLR)},
  series = {Workshop and Conference Proceedings},
  title = {Learning and inference via maximum inner product search},
  volume = {48},
  year = {2016}
}

@inproceedings{natarajan2016optimal,
  address = {New York City, New York, USA},
  author = {Natarajan, Nagarajan and Koyejo, Oluwasanmi and Ravikumar, Pradeep and Dhillon, Inderjit S.},
  booktitle = {Proceedings of the 33rd International Conference on Machine Learning (ICML)},
  editor = {Balcan, Maria-Florina and Weinberger, Kilian Q.},
  month = {June},
  note = {\url{http://proceedings.mlr.press/v48/natarajan16.html}},
  openalex = {W2466609008},
  pages = {1530--1538},
  publisher = {JMLR.org},
  series = {JMLR Workshop and Conference Proceedings},
  title = {Optimal classification with multivariate losses},
  volume = {48},
  year = {2016}
}

@inproceedings{newling2016fast,
  address = {New York City, New York, USA},
  author = {Newling, James and Fleuret, François},
  booktitle = {Proceedings of the 33rd International Conference on Machine Learning (ICML)},
  editor = {Balcan, Maria-Florina and Weinberger, Kilian Q.},
  month = {June},
  note = {\url{http://proceedings.mlr.press/v48/newling16.html}},
  openalex = {W2254437019},
  pages = {936--944},
  publisher = {JMLR.org},
  series = {JMLR Workshop and Conference Proceedings},
  title = {Fast K-Means with Accurate Bounds},
  volume = {48},
  year = {2016}
}

@inproceedings{niepert2016learning,
  address = {New York City, New York, USA},
  author = {Niepert, Mathias and Ahmed, Mohamed M. and Kutzkov, Konstantin},
  booktitle = {Proceedings of the 33rd International Conference on Machine Learning (ICML)},
  editor = {Balcan, Maria-Florina and Weinberger, Kilian Q.},
  month = {June},
  note = {\url{\url{http://proceedings.mlr.press/v48/niepert16.html}}},
  openalex = {W2964145825},
  pages = {2014--2023},
  publisher = {Journal of Machine Learning Research (JMLR)},
  series = {Workshop and Conference Proceedings},
  title = {Learning convolutional neural networks for graphs},
  volume = {48},
  year = {2016}
}

@inproceedings{niu2016fast,
  address = {New York City, New York, USA},
  author = {Niu, Mu and Rogers, Simon and Filippone, Maurizio and Husmeier, Dirk},
  booktitle = {Proceedings of the 33rd International Conference on Machine Learning (ICML)},
  editor = {Balcan, Maria-Florina and Weinberger, Kilian Q.},
  month = {June},
  note = {\url{http://proceedings.mlr.press/v48/niu16.html}},
  openalex = {W2419569556},
  pages = {1699--1707},
  publisher = {JMLR.org},
  series = {JMLR Workshop and Conference Proceedings},
  title = {Fast parameter inference in nonlinear dynamical systems using iterative gradient matching},
  volume = {48},
  year = {2016}
}

@inproceedings{nock2016kvariates++,
  address = {New York City, New York, USA},
  author = {Nock, Richard and Canyasse, Raphaël and Boreli, Roksana and Nielsen, Frank},
  booktitle = {Proceedings of the 33rd International Conference on Machine Learning (ICML)},
  editor = {Balcan, Maria-Florina and Weinberger, Kilian Q.},
  month = {June},
  note = {\url{http://proceedings.mlr.press/v48/nock16.html}},
  openalex = {W2267502219},
  pages = {145--154},
  publisher = {Journal of Machine Learning Research (JMLR)},
  series = {Workshop and Conference Proceedings},
  title = {k-variates++: more pluses in the k-means++},
  year = {2016}
}

@inproceedings{oh2016control,
  address = {New York City, New York, USA},
  author = {Oh, Junhyuk and Chockalingam, Valliappa and Singh, Satinder and Lee, Honglak},
  booktitle = {Proceedings of the 33rd International Conference on Machine Learning (ICML)},
  editor = {Balcan, Maria-Florina and Weinberger, Kilian Q.},
  month = {June},
  note = {\url{http://proceedings.mlr.press/v48/oh16.html}},
  openalex = {W2418628973},
  pages = {2790--2799},
  publisher = {JMLR.org},
  series = {Workshop and Conference Proceedings},
  title = {Control of memory, active perception, and action in minecraft},
  year = {2016}
}

@inproceedings{ok2016optimality,
  address = {New York City, New York, USA},
  author = {Ok, Jungseul and Oh, Sewoong and Shin, Jinwoo and Yi, Yung},
  booktitle = {Proceedings of the 33rd International Conference on Machine Learning (ICML)},
  editor = {Balcan, Maria-Florina and Weinberger, Kilian Q.},
  month = {June},
  note = {\url{http://proceedings.mlr.press/v48/ok16.html}},
  openalex = {W2950020305},
  pages = {535--544},
  publisher = {Journal of Machine Learning Research (JMLR)},
  series = {Workshop and Conference Proceedings},
  title = {Optimality of Belief Propagation for Crowdsourced Classification},
  volume = {48},
  year = {2016}
}

@inproceedings{oord2016pixel,
  address = {New York City, New York, USA},
  author = {Oord, Aäron van den and Kalchbrenner, Nal and Kavukcuoglu, Koray},
  booktitle = {Proceedings of the 33rd International Conference on Machine Learning (ICML)},
  editor = {Balcan, Maria-Florina and Weinberger, Kilian Q.},
  month = {June},
  note = {\url{http://proceedings.mlr.press/v48/oord16.html}},
  openalex = {W2953318193},
  pages = {1747--1756},
  publisher = {JMLR.org},
  series = {JMLR Workshop and Conference Proceedings},
  title = {Pixel Recurrent Neural Networks},
  volume = {48},
  year = {2016}
}

@inproceedings{osokin2016minding,
  address = {New York City, New York, USA},
  author = {Osokin, Anton and Alayrac, Jean-Baptiste and Lukasewitz, Isabella and Dokania, Puneet K. and Lacoste-Julien, Simon},
  booktitle = {Proceedings of the 33rd International Conference on Machine Learning (ICML)},
  editor = {Balcan, Maria-Florina and Weinberger, Kilian Q.},
  month = {June},
  note = {\url{http://proceedings.mlr.press/v48/osokin16.html}},
  openalex = {W2416555906},
  pages = {593--602},
  publisher = {Journal of Machine Learning Research (JMLR)},
  series = {Workshop and Conference Proceedings},
  title = {Minding the Gaps for Block Frank-Wolfe Optimization of Structured SVMs},
  volume = {48},
  year = {2016}
}

@inproceedings{oswal2016representational,
  address = {New York City, New York, USA},
  author = {Oswal, Urvashi and Cox, Christopher R. and Ralph, Matthew A. Lambon and Rogers, Timothy T. and Nowak, Robert D.},
  booktitle = {Proceedings of the 33rd International Conference on Machine Learning (ICML)},
  editor = {Balcan, Maria-Florina and Weinberger, Kilian Q.},
  month = {June},
  note = {\url{http://proceedings.mlr.press/v48/oswal16.html}},
  openalex = {W2592862485},
  pages = {1041--1049},
  publisher = {JMLR.org},
  series = {JMLR Workshop and Conference Proceedings},
  title = {Representational similarity learning with application to brain networks},
  volume = {48},
  year = {2016}
}

@inproceedings{p2016on,
  address = {New York City, New York, USA},
  author = {Pandey, Gaurav and Dukkipati, Ambedkar},
  booktitle = {Proceedings of the 33rd International Conference on Machine Learning (ICML)},
  editor = {Balcan, Maria-Florina and Weinberger, Kilian Q.},
  month = {June},
  note = {\url{http://proceedings.mlr.press/v48/pandey16.html}},
  openalex = {W2962931867},
  pages = {1605--1613},
  publisher = {JMLR.org},
  series = {JMLR Workshop and Conference Proceedings},
  title = {On collapsed representation of hierarchical completely random measures},
  volume = {48},
  year = {2016}
}

@inproceedings{paige2016inference,
  address = {New York City, New York, USA},
  author = {Paige, Brooks and Wood, Frank},
  booktitle = {Proceedings of the 33rd International Conference on Machine Learning (ICML)},
  month = {June},
  note = {\url{http://proceedings.mlr.press/v48/paige16.html}},
  openalex = {W2417988721},
  pages = {3040--3049},
  publisher = {Journal of Machine Learning Research (JLMR)},
  series = {Workshop and Conference Proceedings},
  title = {Inference Networks for Sequential Monte Carlo in Graphical Models},
  year = {2016}
}

@inproceedings{pan2016expressiveness,
  address = {New York City, New York, USA},
  author = {Pan, Xingyuan and Srikumar, Vivek},
  booktitle = {Proceedings of the 33rd International Conference on Machine Learning (ICML)},
  editor = {Balcan, Maria-Florina and Weinberger, Kilian Q.},
  month = {June},
  note = {\url{http://proceedings.mlr.press/v48/panb16.html}},
  openalex = {W2963718045},
  pages = {2427--2435},
  publisher = {Journal of Machine Learning Research (JMLR)},
  series = {Workshop and Conference Proceedings},
  title = {Expressiveness of rectifier networks},
  volume = {48},
  year = {2016}
}

@inproceedings{papakonstantinou2016power,
  address = {New York City, New York, USA},
  author = {Papakonstantinou, Periklis A. and Xu, Jia and Yang, Guang},
  booktitle = {Proceedings of the 33rd International Conference on Machine Learning (ICML)},
  editor = {Balcan, Maria-Florina and Weinberger, Kilian Q.},
  month = {June},
  note = {\url{http://proceedings.mlr.press/v48/papakonstantinou16.html}},
  openalex = {W2473118588},
  pages = {2263--2271},
  publisher = {Journal of Machine Learning Research (JMLR)},
  series = {Workshop and Conference Proceedings},
  title = {On the power and limits of distance-based learning},
  volume = {48},
  year = {2016}
}

@inproceedings{patrini2016loss,
  address = {New York City, New York, USA},
  author = {Patrini, Giorgio and Nielsen, Frank and Nock, Richard and Carioni, Marcello},
  booktitle = {Proceedings of the 33rd International Conference on Machine Learning (ICML)},
  editor = {Balcan, Maria-Florina and Weinberger, Kilian Q.},
  month = {June},
  note = {\url{http://proceedings.mlr.press/v48/patrini16.html}},
  openalex = {W4297801285},
  pages = {708--717},
  publisher = {Journal of Machine Learning Research (JMLR)},
  series = {Workshop and Conference Proceedings},
  title = {Loss factorization, weakly supervised learning and label noise robustness},
  volume = {48},
  year = {2016}
}

@inproceedings{pedregosa2016hyperparameter,
  address = {New York City, New York, USA},
  author = {Pedregosa, Fabián},
  booktitle = {Proceedings of the 33rd International Conference on Machine Learning (ICML)},
  editor = {Balcan, Maria-Florina and Weinberger, Kilian Q.},
  month = {June},
  note = {\url{http://proceedings.mlr.press/v48/pedregosa16.html}},
  openalex = {W2270245739},
  pages = {737--746},
  publisher = {Journal of Machine Learning Research (JMLR)},
  series = {Workshop and Conference Proceedings},
  title = {Hyperparameter optimization with approximate gradient},
  volume = {48},
  year = {2016}
}

@inproceedings{perolat2016softened,
  address = {New York City, New York, USA},
  author = {Pérolat, Julien and Piot, Bilal and Geist, Matthieu and Scherrer, Bruno and Pietquin, Olivier},
  booktitle = {Proceedings of the 33rd International Conference on Machine Learning (ICML)},
  editor = {Balcan, Maria-Florina and Weinberger, Kilian Q.},
  month = {June},
  note = {\url{http://proceedings.mlr.press/v48/perolat16.html}},
  openalex = {W2462023919},
  pages = {1860--1868},
  publisher = {JMLR.org},
  series = {JMLR Workshop and Conference Proceedings},
  title = {Softened approximate policy iteration for Markov games},
  volume = {48},
  year = {2016}
}

@inproceedings{peyre2016gromovwasserstein,
  address = {New York City, New York, USA},
  author = {Peyré, Gabriel and Cuturi, Marco and Solomon, Justin},
  booktitle = {Proceedings of the 33rd International Conference on Machine Learning (ICML)},
  editor = {Balcan, Maria-Florina and Weinberger, Kilian Q.},
  month = {June},
  note = {\url{http://proceedings.mlr.press/v48/peyre16.html}},
  openalex = {W2417433140},
  pages = {2664--2672},
  publisher = {JMLR.org},
  series = {Workshop and Conference Proceedings},
  title = {Gromov-Wasserstein Averaging of Kernel and Distance Matrices},
  year = {2016}
}

@inproceedings{pezeshki2016deconstructing,
  address = {New York City, New York, USA},
  author = {Pezeshki, Mohammad and Fan, Linxi and Brakel, Philémon and Courville, Aaron and Bengio, Yoshua},
  booktitle = {Proceedings of the 33rd International Conference on Machine Learning (ICML)},
  editor = {Balcan, Maria-Florina and Weinberger, Kilian Q.},
  month = {June},
  note = {\url{http://proceedings.mlr.press/v48/pezeshki16.html}},
  openalex = {W2174554700},
  pages = {2368--2376},
  publisher = {Journal of Machine Learning Research (JMLR)},
  series = {Workshop and Conference Proceedings},
  title = {Deconstructing the ladder network architecture},
  volume = {48},
  year = {2016}
}

@inproceedings{piatkowski2016stochastic,
  address = {New York City, New York, USA},
  author = {Piatkowski, Nico and Morik, Katharina},
  booktitle = {Proceedings of the 33rd International Conference on Machine Learning (ICML)},
  editor = {Balcan, Maria-Florina and Weinberger, Kilian Q.},
  month = {June},
  note = {\url{http://proceedings.mlr.press/v48/piatkowski16.html}},
  openalex = {W2462186911},
  pages = {3000--3009},
  publisher = {JMLR.org},
  series = {Workshop and Conference Proceedings},
  title = {Stochastic discrete clenshaw-curtis quadrature},
  year = {2016}
}

@inproceedings{pimentelalarcon2016informationtheoretic,
  address = {New York City, New York, USA},
  author = {Pimentel-Alarcón, Daniel and Nowak, Robert D.},
  booktitle = {Proceedings of the 33rd International Conference on Machine Learning (ICML)},
  editor = {Balcan, Maria-Florina and Weinberger, Kilian Q.},
  month = {June},
  note = {\url{http://proceedings.mlr.press/v48/pimentel-alarcon16.html}},
  openalex = {W2471400908},
  pages = {802--810},
  publisher = {JMLR.org},
  series = {JMLR Workshop and Conference Proceedings},
  title = {The information-theoretic requirements of subspace clustering with missing data},
  volume = {48},
  year = {2016}
}

@inproceedings{platanios2016estimating,
  address = {New York City, New York, USA},
  author = {Platanios, Emmanouil Antonios and Dubey, Avinava and Mitchell, Tom M.},
  booktitle = {Proceedings of the 33rd International Conference on Machine Learning (ICML)},
  editor = {Balcan, Maria-Florina and Weinberger, Kilian Q.},
  month = {June},
  note = {\url{http://proceedings.mlr.press/v48/platanios16.html}},
  openalex = {W2471188054},
  pages = {1416--1425},
  publisher = {Journal of Machine Learning Research (JMLR)},
  series = {JMLR Workshop and Conference Proceedings},
  title = {Estimating accuracy from unlabeled data: a Bayesian approach},
  volume = {48},
  year = {2016}
}

@inproceedings{podosinnikova2016beyond,
  address = {New York City, New York, USA},
  author = {Podosinnikova, Anastasia and Bach, Francis and Lacoste-Julien, Simon},
  booktitle = {Proceedings of the 33rd International Conference on Machine Learning (ICML)},
  editor = {Balcan, Maria-Florina and Weinberger, Kilian Q.},
  month = {June},
  note = {\url{http://proceedings.mlr.press/v48/podosinnikova16.html}},
  openalex = {W2288743170},
  pages = {458--467},
  publisher = {Journal of Machine Learning Research (JMLR)},
  series = {Workshop and Conference Proceedings},
  title = {Beyond CCA: Moment Matching for Multi-View Models},
  volume = {48},
  year = {2016}
}

@inproceedings{prabhakaran2016dirichlet,
  address = {New York City, New York, USA},
  author = {Prabhakaran, Sandhya and Azizi, Elham and Carr, Ambrose and Pe’er, Dana},
  booktitle = {Proceedings of the 33rd International Conference on Machine Learning (ICML)},
  editor = {Balcan, Maria-Florina and Weinberger, Kilian Q.},
  month = {June},
  note = {\url{http://proceedings.mlr.press/v48/prabhakaran16.html}},
  openalex = {W2460637143},
  pages = {1070--1079},
  publisher = {JMLR.org},
  series = {JMLR Workshop and Conference Proceedings},
  title = {Dirichlet Process Mixture Model for Correcting Technical Variation in Single-Cell Gene Expression Data.},
  volume = {48},
  year = {2016}
}

@inproceedings{puleo2016correlation,
  address = {New York City, New York, USA},
  author = {Puleo, Gregory J. and Milenković, Olgica},
  booktitle = {Proceedings of the 33rd International Conference on Machine Learning (ICML)},
  editor = {Balcan, Maria-Florina and Weinberger, Kilian Q.},
  month = {June},
  note = {\url{http://proceedings.mlr.press/v48/puleo16.html}},
  openalex = {W2963815604},
  pages = {869--877},
  publisher = {JMLR.org},
  series = {JMLR Workshop and Conference Proceedings},
  title = {Correlation Clustering and Biclustering With Locally Bounded Errors},
  volume = {48},
  year = {2016}
}

@inproceedings{qu2016fast,
  address = {New York City, New York, USA},
  author = {Qu, Chao and Xu, Huan and Ong, Chong Jin},
  booktitle = {Proceedings of the 33rd International Conference on Machine Learning (ICML)},
  editor = {Balcan, Maria-Florina and Weinberger, Kilian Q.},
  month = {June},
  note = {\url{http://proceedings.mlr.press/v48/qua16.html}},
  openalex = {W2466384801},
  pages = {662--670},
  publisher = {Journal of Machine Learning Research (JMLR)},
  series = {Workshop and Conference Proceedings},
  title = {Fast rate analysis of some stochastic optimization algorithms},
  volume = {48},
  year = {2016}
}

@inproceedings{qu2016sdna,
  address = {New York City, New York, USA},
  author = {Qu, Zheng and Richtárik, Peter and Takáč, Martin and Fercoq, Olivier},
  booktitle = {Proceedings of the 33rd International Conference on Machine Learning (ICML)},
  editor = {Balcan, Maria-Florina and Weinberger, Kilian Q.},
  month = {June},
  note = {\url{http://proceedings.mlr.press/v48/qub16.html}},
  openalex = {W134812657},
  pages = {1823--1832},
  publisher = {JMLR.org},
  series = {JMLR Workshop and Conference Proceedings},
  title = {SDNA: Stochastic Dual Newton Ascent for Empirical Risk Minimization},
  volume = {48},
  year = {2016}
}

@inproceedings{raghunathan2016estimation,
  address = {New York City, New York, USA},
  author = {Raghunathan, Aditi and Frostig, Roy and Duchi, John C. and Liang, Percy},
  booktitle = {Proceedings of the 33rd International Conference on Machine Learning (ICML)},
  editor = {Balcan, Maria-Florina and Weinberger, Kilian Q.},
  month = {June},
  note = {\url{http://proceedings.mlr.press/v48/raghunathan16.html}},
  openalex = {W2470315329},
  pages = {2568--2577},
  publisher = {Journal of Machine Learning Research (JMLR)},
  series = {Workshop and Conference Proceedings},
  title = {Estimation from Indirect Supervision with Linear Moments},
  volume = {48},
  year = {2016}
}

@inproceedings{rahmani2016subspace,
  address = {New York City, New York, USA},
  author = {Rahmani, Mostafa and Atia, George K.},
  booktitle = {Proceedings of the 33rd International Conference on Machine Learning (ICML)},
  editor = {Balcan, Maria-Florina and Weinberger, Kilian Q.},
  month = {June},
  note = {\url{http://proceedings.mlr.press/v48/rahmani16.html}},
  openalex = {W2470359451},
  pages = {1206--1214},
  publisher = {Journal of Machine Learning Research (JMLR)},
  series = {JMLR Workshop and Conference Proceedings},
  title = {A subspace learning approach for high dimensional matrix decomposition with efficient column/row sampling},
  volume = {48},
  year = {2016}
}

@inproceedings{rainforth2016interacting,
  address = {New York City, New York, USA},
  author = {Rainforth, Tom and Naesseth, Christian A. and Lindsten, Fredrik and Paige, Brooks and Meent, Jan-Willem van de and Doucet, Arnaud and Wood, Frank},
  booktitle = {Proceedings of the 33rd International Conference on Machine Learning (ICML)},
  editor = {Balcan, Maria-Florina and Weinberger, Kilian Q.},
  month = {June},
  note = {\url{http://proceedings.mlr.press/v48/rainforth16.html}},
  openalex = {W2949171124},
  pages = {2616--2625},
  publisher = {Journal of Machine Learning Research (JMLR)},
  series = {Workshop and Conference Proceedings},
  title = {Interacting Particle Markov Chain Monte Carlo},
  volume = {48},
  year = {2016}
}

@inproceedings{ramaswamy2016mixture,
  address = {New York City, New York, USA},
  author = {Ramaswamy, Harish G. and Scott, Clayton and Tewari, Ambuj},
  booktitle = {Proceedings of the 33rd International Conference on Machine Learning (ICML)},
  editor = {Balcan, Maria-Florina and Weinberger, Kilian Q.},
  month = {June},
  note = {\url{\url{http://proceedings.mlr.press/v48/ramaswamy16.html}}},
  openalex = {W2962887838},
  pages = {2052--2060},
  publisher = {Journal of Machine Learning Research (JMLR)},
  series = {Workshop and Conference Proceedings},
  title = {Mixture proportion estimation via kernel embedding of distributions},
  volume = {48},
  year = {2016}
}

@inproceedings{ranganath2016hierarchical,
  address = {New York City, New York, USA},
  author = {Ranganath, Rajesh and Tran, Dustin and Blei, David M.},
  booktitle = {Proceedings of the 33rd International Conference on Machine Learning (ICML)},
  editor = {Balcan, Maria-Florina and Weinberger, Kilian Q.},
  month = {June},
  note = {\url{http://proceedings.mlr.press/v48/ranganath16.html}},
  openalex = {W2964052395},
  pages = {324--333},
  publisher = {Journal of Machine Learning Research (JMLR)},
  series = {Workshop and Conference Proceedings},
  title = {Hierarchical variational models},
  year = {2016}
}

@inproceedings{ravanbakhsh2016boolean,
  address = {New York City, New York, USA},
  author = {Ravanbakhsh, Siamak and Póczos, Barnabás and Greiner, Russell},
  booktitle = {Proceedings of the 33rd International Conference on Machine Learning (ICML)},
  editor = {Balcan, Maria-Florina and Weinberger, Kilian Q.},
  month = {June},
  note = {\url{http://proceedings.mlr.press/v48/ravanbakhsh16.html}},
  openalex = {W2963549383},
  pages = {945--954},
  publisher = {JMLR.org},
  series = {JMLR Workshop and Conference Proceedings},
  title = {Boolean Matrix Factorization and Noisy Completion via Message Passing},
  volume = {48},
  year = {2016}
}

@inproceedings{ravanbakhsh2016estimating,
  address = {New York City, New York, USA},
  author = {Ravanbakhsh, Siamak and Oliva, Junier B. and Fromenteau, S. and Price, Layne C. and Ho, Shirley and Schneider, Jeff and Póczos, Barnabás},
  booktitle = {Proceedings of the 33rd International Conference on Machine Learning (ICML)},
  editor = {Balcan, Maria-Florina and Weinberger, Kilian Q.},
  month = {June},
  note = {\url{http://proceedings.mlr.press/v48/ravanbakhshb16.html}},
  openalex = {W4295769412},
  pages = {2407--2416},
  publisher = {Journal of Machine Learning Research (JMLR)},
  series = {Workshop and Conference Proceedings},
  title = {Estimating Cosmological Parameters from the Dark Matter Distribution},
  volume = {48},
  year = {2016}
}

@inproceedings{ravi2016experimental,
  address = {New York City, New York, USA},
  author = {Ravi, Sathya N. and Ithapu, Vamsi K. and Johnson, Sterling C. and Singh, Vikas},
  booktitle = {Proceedings of the 33rd International Conference on Machine Learning (ICML)},
  editor = {Balcan, Maria-Florina and Weinberger, Kilian Q.},
  month = {June},
  note = {\url{http://proceedings.mlr.press/v48/ravi16.html}},
  pages = {583--592},
  publisher = {Journal of Machine Learning Research (JMLR)},
  series = {Workshop and Conference Proceedings},
  title = {Experimental Design on a Budget for Sparse Linear Models and Applications},
  volume = {48},
  year = {2016}
}

@inproceedings{reddi2016stochastic,
  address = {New York City, New York, USA},
  author = {Reddi, Sashank J. and Hefny, Ahmed and Sra, Suvrit and Póczos, Barnabás and Smola, Alex},
  booktitle = {Proceedings of the 33rd International Conference on Machine Learning (ICML)},
  editor = {Balcan, Maria-Florina and Weinberger, Kilian Q.},
  month = {June},
  note = {\url{http://proceedings.mlr.press/v48/reddi16.html}},
  openalex = {W2304667012},
  pages = {314--323},
  publisher = {Journal of Machine Learning Research (JMLR)},
  series = {Workshop and Conference Proceedings},
  title = {Stochastic Variance Reduction for Nonconvex Optimization},
  year = {2016}
}

@inproceedings{reed2016generative,
  address = {New York City, New York, USA},
  author = {Reed, Scott and Akata, Zeynep and Yan, Xinchen and Logeswaran, Lajanugen and Schiele, Bernt and Lee, Honglak},
  booktitle = {Proceedings of the 33rd International Conference on Machine Learning (ICML)},
  editor = {Balcan, Maria-Florina and Weinberger, Kilian Q.},
  month = {June},
  note = {\url{http://proceedings.mlr.press/v48/reed16.html}},
  openalex = {W2405756170},
  pages = {1060--1069},
  publisher = {JMLR.org},
  series = {JMLR Workshop and Conference Proceedings},
  title = {Generative Adversarial Text to Image Synthesis},
  volume = {48},
  year = {2016}
}

@inproceedings{rezende2016one,
  address = {New York City, New York, USA},
  author = {Rezende, Danilo Jimenez and Mohamed, Shakir and Danihelka, Ivo and Gregor, Karol and Wierstra, Daan},
  booktitle = {Proceedings of the 33rd International Conference on Machine Learning (ICML)},
  editor = {Balcan, Maria-Florina and Weinberger, Kilian Q.},
  month = {June},
  note = {\url{http://proceedings.mlr.press/v48/rezende16.html}},
  openalex = {W2949247522},
  pages = {1521--1529},
  publisher = {JMLR.org},
  series = {JMLR Workshop and Conference Proceedings},
  title = {One-Shot Generalization in Deep Generative Models},
  volume = {48},
  year = {2016}
}

@inproceedings{riemer2016correcting,
  address = {New York City, New York, USA},
  author = {Riemer, Matthew and Vempaty, Aditya and Calmon, Flávio P. and Heath, Fenno F. and Hull, Richard and Khabiri, Elham},
  booktitle = {Proceedings of the 33rd International Conference on Machine Learning (ICML)},
  editor = {Balcan, Maria-Florina and Weinberger, Kilian Q.},
  month = {June},
  note = {\url{http://proceedings.mlr.press/v48/riemer16.html}},
  openalex = {W2475207701},
  pages = {3010--3019},
  publisher = {JMLR.org},
  series = {Workshop and Conference Proceedings},
  title = {Correcting forecasts with multifactor neural attention},
  year = {2016}
}

@inproceedings{rodomanov2016superlinearlyconvergent,
  address = {New York City, New York, USA},
  author = {Rodomanov, Anton and Kropotov, Dmitry},
  booktitle = {Proceedings of the 33rd International Conference on Machine Learning (ICML)},
  editor = {Balcan, Maria-Florina and Weinberger, Kilian Q.},
  month = {June},
  note = {\url{http://proceedings.mlr.press/v48/rodomanov16.html}},
  openalex = {W2436943375},
  pages = {2597--2605},
  publisher = {Journal of Machine Learning Research (JMLR)},
  series = {Workshop and Conference Proceedings},
  title = {A superlinearly-convergent proximal Newton-type method for the optimization of finite sums},
  volume = {48},
  year = {2016}
}

@inproceedings{rosenski2016multiplayer,
  address = {New York City, New York, USA},
  author = {Rosenski, Jonathan and Shamir, Ohad and Szlak, Liran},
  booktitle = {Proceedings of the 33rd International Conference on Machine Learning (ICML)},
  editor = {Balcan, Maria-Florina and Weinberger, Kilian Q.},
  month = {June},
  note = {\url{http://proceedings.mlr.press/v48/rosenski16.html}},
  openalex = {W2962934197},
  pages = {155--163},
  publisher = {Journal of Machine Learning Research (JMLR)},
  series = {Workshop and Conference Proceedings},
  title = {Multi-Player Bandits -- a Musical Chairs Approach},
  year = {2016}
}

@inproceedings{roychowdhury2016robust,
  address = {New York City, New York, USA},
  author = {Roychowdhury, Anirban and Kulis, Brian and Parthasarathy, Srinivasan},
  booktitle = {Proceedings of the 33rd International Conference on Machine Learning (ICML)},
  editor = {Balcan, Maria-Florina and Weinberger, Kilian Q.},
  month = {June},
  note = {\url{http://proceedings.mlr.press/v48/roychowdhury16.html}},
  openalex = {W2474478148},
  pages = {2673--2681},
  publisher = {JMLR.org},
  series = {Workshop and Conference Proceedings},
  title = {Robust Monte Carlo sampling using Riemannian Nosé-Poincaré Hamiltonian dynamics},
  year = {2016}
}

@inproceedings{s2016exploiting,
  address = {New York City, New York, USA},
  author = {Dieleman, Sander and Fauw, Jeffrey De and Kavukcuoglu, Koray},
  booktitle = {Proceedings of the 33rd International Conference on Machine Learning (ICML)},
  editor = {Balcan, Maria-Florina and Weinberger, Kilian Q.},
  month = {June},
  note = {\url{\url{http://proceedings.mlr.press/v48/dieleman16.html}}},
  openalex = {W2951770173},
  pages = {1889--1898},
  publisher = {Journal of Machine Learning Research (JMLR)},
  series = {Workshop and Conference Proceedings},
  title = {Exploiting Cyclic Symmetry in Convolutional Neural Networks},
  volume = {48},
  year = {2016}
}

@inproceedings{sa2016ensuring,
  address = {New York City, New York, USA},
  author = {De, Christopher and Olukotun, Kunle and Ré, Christopher},
  booktitle = {Proceedings of the 33rd International Conference on Machine Learning (ICML)},
  editor = {Balcan, Maria-Florina and Weinberger, Kilian Q.},
  month = {June},
  note = {\url{http://proceedings.mlr.press/v48/sa16.html}},
  openalex = {W2949816416},
  pages = {1567--1576},
  publisher = {JMLR.org},
  series = {JMLR Workshop and Conference Proceedings},
  title = {Ensuring Rapid Mixing and Low Bias for Asynchronous Gibbs Sampling},
  volume = {48},
  year = {2016}
}

@inproceedings{saeedi2016segmented,
  address = {New York City, New York, USA},
  author = {Saeedi, Ardavan and Hoffman, Matthew D. and Johnson, Matthew and Adams, Ryan P.},
  booktitle = {Proceedings of the 33rd International Conference on Machine Learning (ICML)},
  editor = {Balcan, Maria-Florina and Weinberger, Kilian Q.},
  month = {June},
  note = {\url{http://proceedings.mlr.press/v48/saeedi16.html}},
  openalex = {W2275495996},
  pages = {2682--2691},
  publisher = {JMLR.org},
  series = {Workshop and Conference Proceedings},
  title = {The Segmented iHMM: A Simple, Efficient Hierarchical Infinite HMM},
  year = {2016}
}

@inproceedings{safran2016on,
  address = {New York City, New York, USA},
  author = {Safran, Itay and Shamir, Ohad},
  booktitle = {Proceedings of the 33rd International Conference on Machine Learning (ICML)},
  editor = {Balcan, Maria-Florina and Weinberger, Kilian Q.},
  month = {June},
  note = {\url{http://proceedings.mlr.press/v48/safran16.html}},
  openalex = {W2963326517},
  pages = {774--782},
  publisher = {JMLR.org},
  series = {JMLR Workshop and Conference Proceedings},
  title = {On the quality of the initial basin in overspecified neural networks},
  volume = {48},
  year = {2016}
}

@inproceedings{sangnier2016early,
  address = {New York City, New York, USA},
  author = {Sangnier, Maxime and Gauthier, Jérôme and Rakotomamonjy, Alain},
  booktitle = {Proceedings of the 33rd International Conference on Machine Learning (ICML)},
  editor = {Balcan, Maria-Florina and Weinberger, Kilian Q.},
  month = {June},
  note = {\url{http://proceedings.mlr.press/v48/sangnier16.html}},
  openalex = {W2466938731},
  pages = {2310--2319},
  publisher = {Journal of Machine Learning Research (JMLR)},
  series = {Workshop and Conference Proceedings},
  title = {Early and reliable event detection using proximity space representation},
  volume = {48},
  year = {2016}
}

@inproceedings{santoro2016meta,
  address = {New York City, New York, USA},
  author = {Santoro, Adam and Bartunov, Sergey and Botvinick, Matthew and Wierstra, Daan and Lillicrap, Timothy},
  booktitle = {Proceedings of the 33rd International Conference on Machine Learning (ICML)},
  editor = {Balcan, Maria-Florina and Weinberger, Kilian Q.},
  month = {June},
  note = {\url{http://proceedings.mlr.press/v48/santoro16.html}},
  openalex = {W2472819217},
  pages = {1842--1850},
  publisher = {JMLR.org},
  series = {JMLR Workshop and Conference Proceedings},
  title = {Meta-learning with memory-augmented neural networks},
  volume = {48},
  year = {2016}
}

@inproceedings{schein2016bayesian,
  address = {New York City, New York, USA},
  author = {Schein, Aaron and Zhou, Mingyuan and Blei, David M. and Wallach, Hanna},
  booktitle = {Proceedings of the 33rd International Conference on Machine Learning (ICML)},
  editor = {Balcan, Maria-Florina and Weinberger, Kilian Q.},
  month = {June},
  note = {\url{http://proceedings.mlr.press/v48/schein16.html}},
  openalex = {W2411803586},
  pages = {2810--2819},
  publisher = {JMLR.org},
  series = {Workshop and Conference Proceedings},
  title = {Bayesian Poisson Tucker Decomposition for Learning the Structure of International Relations},
  year = {2016}
}

@inproceedings{schnabel2016recommendations,
  address = {New York City, New York, USA},
  author = {Schnabel, Tobias and Swaminathan, Adith and Singh, Ashudeep and Chandak, Navin and Joachims, Thorsten},
  booktitle = {Proceedings of the 33rd International Conference on Machine Learning (ICML)},
  editor = {Balcan, Maria-Florina and Weinberger, Kilian Q.},
  month = {June},
  note = {\url{http://proceedings.mlr.press/v48/schnabel16.html}},
  openalex = {W2952613481},
  pages = {1670--1679},
  publisher = {JMLR.org},
  series = {JMLR Workshop and Conference Proceedings},
  title = {Recommendations as Treatments: Debiasing Learning and Evaluation},
  volume = {48},
  year = {2016}
}

@inproceedings{shah2016no,
  address = {New York City, New York, USA},
  author = {Shah, Nihar B. and Zhou, Dengyong},
  booktitle = {Proceedings of the 33rd International Conference on Machine Learning (ICML)},
  editor = {Balcan, Maria-Florina and Weinberger, Kilian Q.},
  month = {June},
  note = {\url{http://proceedings.mlr.press/v48/shaha16.html}},
  openalex = {W2467989257},
  pages = {1--10},
  publisher = {Journal of Machine Learning Research (JMLR)},
  series = {Workshop and Conference Proceedings},
  title = {No oops, you won't do it again: mechanisms for self-correction in crowdsourcing},
  year = {2016}
}

@inproceedings{shah2016pareto,
  address = {New York City, New York, USA},
  author = {Shah, Amar and Ghahramani, Zoubin},
  booktitle = {Proceedings of the 33rd International Conference on Machine Learning (ICML)},
  editor = {Balcan, Maria-Florina and Weinberger, Kilian Q.},
  month = {June},
  note = {\url{\url{http://proceedings.mlr.press/v48/shahc16.html}}},
  openalex = {W2467110937},
  pages = {1919--1927},
  publisher = {Journal of Machine Learning Research (JMLR)},
  series = {Workshop and Conference Proceedings},
  title = {Pareto frontier learning with expensive correlated objectives},
  volume = {48},
  year = {2016}
}

@inproceedings{shah2016stochastically,
  address = {New York City, New York, USA},
  author = {Shah, Nihar B. and Balakrishnan, Sivaraman and Guntuboyina, Aditya and Wainwright, Martin J.},
  booktitle = {Proceedings of the 33rd International Conference on Machine Learning (ICML)},
  editor = {Balcan, Maria-Florina and Weinberger, Kilian Q.},
  month = {June},
  note = {\url{http://proceedings.mlr.press/v48/shahb16.html}},
  pages = {11--20},
  publisher = {Journal of Machine Learning Research (JMLR)},
  series = {Workshop and Conference Proceedings},
  title = {Stochastically Transitive Models for Pairwise Comparisons: Statistical and Computational Issues},
  year = {2016}
}

@inproceedings{shaham2016deep,
  address = {New York City, New York, USA},
  author = {Shaham, Uri and Cheng, Xiuyuan and Dror, Omer and Jaffe, Ariel and Nadler, Boaz and Chang, Joseph T. and Kluger, Yuval},
  booktitle = {Proceedings of the 33rd International Conference on Machine Learning (ICML)},
  editor = {Balcan, Maria-Florina and Weinberger, Kilian Q.},
  month = {June},
  note = {\url{http://proceedings.mlr.press/v48/shaham16.html}},
  openalex = {W2266169473},
  pages = {30--39},
  publisher = {Journal of Machine Learning Research (JMLR)},
  series = {Workshop and Conference Proceedings},
  title = {A Deep Learning Approach to Unsupervised Ensemble Learning},
  year = {2016}
}

@inproceedings{shalevshwartz2016minimizing,
  address = {New York City, New York, USA},
  author = {Shalev‐Shwartz, Shai and Wexler, Yonatan},
  booktitle = {Proceedings of the 33rd International Conference on Machine Learning (ICML)},
  editor = {Balcan, Maria-Florina and Weinberger, Kilian Q.},
  month = {June},
  note = {\url{http://proceedings.mlr.press/v48/shalev-shwartz16.html}},
  openalex = {W2295869408},
  pages = {793--801},
  publisher = {JMLR.org},
  series = {JMLR Workshop and Conference Proceedings},
  title = {Minimizing the maximal loss: how and why},
  volume = {48},
  year = {2016}
}

@inproceedings{shalevshwartz2016sdca,
  address = {New York City, New York, USA},
  author = {Shalev‐Shwartz, Shai},
  booktitle = {Proceedings of the 33rd International Conference on Machine Learning (ICML)},
  editor = {Balcan, Maria-Florina and Weinberger, Kilian Q.},
  month = {June},
  note = {\url{http://proceedings.mlr.press/v48/shalev-shwartza16.html}},
  openalex = {W2949853948},
  pages = {747--754},
  publisher = {Journal of Machine Learning Research (JMLR)},
  series = {Workshop and Conference Proceedings},
  title = {SDCA without Duality, Regularization, and Individual Convexity},
  volume = {48},
  year = {2016}
}

@inproceedings{shamir2016convergence,
  address = {New York City, New York, USA},
  author = {Shamir, Ohad},
  booktitle = {Proceedings of the 33rd International Conference on Machine Learning (ICML)},
  editor = {Balcan, Maria-Florina and Weinberger, Kilian Q.},
  month = {June},
  note = {\url{http://proceedings.mlr.press/v48/shamirb16.html}},
  openalex = {W2962789083},
  pages = {257--265},
  publisher = {Journal of Machine Learning Research (JMLR)},
  series = {Workshop and Conference Proceedings},
  title = {Convergence of Stochastic Gradient Descent for PCA},
  year = {2016}
}

@inproceedings{shamir2016fast,
  address = {New York City, New York, USA},
  author = {Shamir, Ohad},
  booktitle = {Proceedings of the 33rd International Conference on Machine Learning (ICML)},
  editor = {Balcan, Maria-Florina and Weinberger, Kilian Q.},
  month = {June},
  note = {\url{http://proceedings.mlr.press/v48/shamira16.html}},
  openalex = {W2963901142},
  pages = {248--256},
  publisher = {Journal of Machine Learning Research (JMLR)},
  series = {Workshop and Conference Proceedings},
  title = {Fast stochastic algorithms for SVD and PCA: convergence properties and convexity},
  year = {2016}
}

@inproceedings{shang2016understanding,
  address = {New York City, New York, USA},
  author = {Shang, Wenling and Sohn, Kihyuk and Almeida, Diogo and Lee, Honglak},
  booktitle = {Proceedings of the 33rd International Conference on Machine Learning (ICML)},
  editor = {Balcan, Maria-Florina and Weinberger, Kilian Q.},
  month = {June},
  note = {\url{\url{http://proceedings.mlr.press/v48/shang16.html}}},
  openalex = {W2962685937},
  pages = {2217--2225},
  publisher = {Journal of Machine Learning Research (JMLR)},
  series = {Workshop and Conference Proceedings},
  title = {Understanding and Improving Convolutional Neural Networks via Concatenated Rectified Linear Units},
  volume = {48},
  year = {2016}
}

@inproceedings{shen2016online,
  address = {New York City, New York, USA},
  author = {Shen, Jie and Li, Ping and Xu, Huan},
  booktitle = {Proceedings of the 33rd International Conference on Machine Learning (ICML)},
  editor = {Balcan, Maria-Florina and Weinberger, Kilian Q.},
  month = {June},
  note = {\url{http://proceedings.mlr.press/v48/shen16.html}},
  openalex = {W2404771443},
  pages = {622--631},
  publisher = {Journal of Machine Learning Research (JMLR)},
  series = {Workshop and Conference Proceedings},
  title = {Online low-rank subspace clustering by basis dictionary pursuit},
  volume = {48},
  year = {2016}
}

@inproceedings{shibagaki2016simultaneous,
  address = {New York City, New York, USA},
  author = {Shibagaki, Atsushi and Karasuyama, Masayuki and Hatano, Kohei and Takeuchi, Ichiro},
  booktitle = {Proceedings of the 33rd International Conference on Machine Learning (ICML)},
  editor = {Balcan, Maria-Florina and Weinberger, Kilian Q.},
  month = {June},
  note = {\url{http://proceedings.mlr.press/v48/shibagaki16.html}},
  openalex = {W2269622027},
  pages = {1577--1586},
  publisher = {JMLR.org},
  series = {JMLR Workshop and Conference Proceedings},
  title = {Simultaneous safe screening of features and samples in doubly sparse modeling},
  volume = {48},
  year = {2016}
}

@inproceedings{si2016computationally,
  address = {New York City, New York, USA},
  author = {Si, Si and Hsieh, Cho‐Jui and Dhillon, Inderjit S.},
  booktitle = {Proceedings of the 33rd International Conference on Machine Learning (ICML)},
  editor = {Balcan, Maria-Florina and Weinberger, Kilian Q.},
  month = {June},
  note = {\url{http://proceedings.mlr.press/v48/si16.html}},
  openalex = {W2578798508},
  pages = {2655--2663},
  publisher = {JMLR.org},
  series = {Workshop and Conference Proceedings},
  title = {Computationally efficient Nyström approximation using fast transforms},
  year = {2016}
}

@inproceedings{simsek2016why,
  address = {New York City, New York, USA},
  author = {Şimşek, Özgür and Algorta, Simón and Kothiyal, Amit},
  booktitle = {Proceedings of the 33rd International Conference on Machine Learning (ICML)},
  editor = {Balcan, Maria-Florina and Weinberger, Kilian Q.},
  month = {June},
  note = {\url{http://proceedings.mlr.press/v48/simsek16.html}},
  openalex = {W2463044753},
  pages = {1757--1765},
  publisher = {JMLR.org},
  series = {JMLR Workshop and Conference Proceedings},
  title = {Why most decisions are easy in tetris—And perhaps in other sequential decision problems, as well},
  volume = {48},
  year = {2016}
}

@inproceedings{simsekli2016stochastic,
  address = {New York City, New York, USA},
  author = {Şimşekli, Umut and Badeau, Roland and Cemgil, Ali Taylan and Richard, Gaël},
  booktitle = {Proceedings of the 33rd International Conference on Machine Learning (ICML)},
  editor = {Balcan, Maria-Florina and Weinberger, Kilian Q.},
  month = {June},
  note = {\url{http://proceedings.mlr.press/v48/simsekli16.html}},
  openalex = {W2963050127},
  pages = {642--651},
  publisher = {Journal of Machine Learning Research (JMLR)},
  series = {Workshop and Conference Proceedings},
  title = {Stochastic Quasi-Newton Langevin Monte Carlo},
  volume = {48},
  year = {2016}
}

@inproceedings{singla2016actively,
  address = {New York City, New York, USA},
  author = {Singla, Adish and Tschiatschek, Sebastian and Krause, Andreas},
  booktitle = {Proceedings of the 33rd International Conference on Machine Learning (ICML)},
  editor = {Balcan, Maria-Florina and Weinberger, Kilian Q.},
  month = {June},
  note = {\url{http://proceedings.mlr.press/v48/singla16.html}},
  openalex = {W2398650862},
  pages = {412--420},
  publisher = {Journal of Machine Learning Research (JMLR)},
  series = {Workshop and Conference Proceedings},
  title = {Actively Learning Hemimetrics with Applications to Eliciting User Preferences},
  volume = {48},
  year = {2016}
}

@inproceedings{song2016factored,
  address = {New York City, New York, USA},
  author = {Song, Jiaming and Gan, Zhe and Carin, Lawrence},
  booktitle = {Proceedings of the 33rd International Conference on Machine Learning (ICML)},
  editor = {Balcan, Maria-Florina and Weinberger, Kilian Q.},
  month = {June},
  note = {\url{http://proceedings.mlr.press/v48/songa16.html}},
  openalex = {W2964186239},
  pages = {1272--1281},
  publisher = {Journal of Machine Learning Research (JMLR)},
  series = {JMLR Workshop and Conference Proceedings},
  title = {Factored Temporal Sigmoid Belief Networks for Sequence Learning},
  volume = {48},
  year = {2016}
}

@inproceedings{song2016training,
  address = {New York City, New York, USA},
  author = {Song, Yang and Schwing, Alexander G. and Zemel, Richard S. and Urtasun, Raquel},
  booktitle = {Proceedings of the 33rd International Conference on Machine Learning (ICML)},
  editor = {Balcan, Maria-Florina and Weinberger, Kilian Q.},
  month = {June},
  note = {\url{\url{http://proceedings.mlr.press/v48/songb16.html}}},
  openalex = {W2963789586},
  pages = {2169--2177},
  publisher = {Journal of Machine Learning Research (JMLR)},
  series = {Workshop and Conference Proceedings},
  title = {Training deep neural networks via direct loss minimization},
  volume = {48},
  year = {2016}
}

@inproceedings{steeg2016information,
  address = {New York City, New York, USA},
  author = {Steeg, Greg Ver and Galstyan, Aram},
  booktitle = {Proceedings of the 33rd International Conference on Machine Learning (ICML)},
  editor = {Balcan, Maria-Florina and Weinberger, Kilian Q.},
  month = {June},
  note = {\url{http://proceedings.mlr.press/v48/steeg16.html}},
  openalex = {W2963386555},
  pages = {164--172},
  publisher = {Journal of Machine Learning Research (JMLR)},
  series = {Workshop and Conference Proceedings},
  title = {The information sieve},
  year = {2016}
}

@inproceedings{su2016nonlinear,
  address = {New York City, New York, USA},
  author = {Su, Qinliang and Liao, Xuejun and Chen, Changyou and Carin, Lawrence},
  booktitle = {Proceedings of the 33rd International Conference on Machine Learning (ICML)},
  editor = {Balcan, Maria-Florina and Weinberger, Kilian Q.},
  month = {June},
  note = {\url{\url{http://proceedings.mlr.press/v48/su16.html}}},
  openalex = {W2414244650},
  pages = {1948--1957},
  publisher = {Journal of Machine Learning Research (JMLR)},
  series = {Workshop and Conference Proceedings},
  title = {Nonlinear Statistical Learning with Truncated Gaussian Graphical Models},
  volume = {48},
  year = {2016}
}

@inproceedings{suh2016label,
  address = {New York City, New York, USA},
  author = {Suh, Jina and Zhu, Xiaojin and Amershi, Saleema},
  booktitle = {Proceedings of the 33rd International Conference on Machine Learning (ICML)},
  editor = {Balcan, Maria-Florina and Weinberger, Kilian Q.},
  month = {June},
  note = {\url{http://proceedings.mlr.press/v48/suh16.html}},
  openalex = {W2468829523},
  pages = {2800--2809},
  publisher = {JMLR.org},
  series = {Workshop and Conference Proceedings},
  title = {The label complexity of mixed-initiative classifier training},
  year = {2016}
}

@inproceedings{sun2016learning,
  address = {New York City, New York, USA},
  author = {Sun, Wen and Venkatraman, Arun and Boots, Byron and Bagnell, J. Andrew},
  booktitle = {Proceedings of the 33rd International Conference on Machine Learning (ICML)},
  editor = {Balcan, Maria-Florina and Weinberger, Kilian Q.},
  month = {June},
  note = {\url{http://proceedings.mlr.press/v48/sun16.html}},
  openalex = {W2963194474},
  pages = {1197--1205},
  publisher = {Journal of Machine Learning Research (JMLR)},
  series = {JMLR Workshop and Conference Proceedings},
  title = {Learning to filter with predictive state inference machines},
  volume = {48},
  year = {2016}
}

@inproceedings{syrgkanis2016efficient,
  address = {New York City, New York, USA},
  author = {Syrgkanis, Vasilis and Krishnamurthy, Akshay and Schapire, Robert E.},
  booktitle = {Proceedings of the 33rd International Conference on Machine Learning (ICML)},
  editor = {Balcan, Maria-Florina and Weinberger, Kilian Q.},
  month = {June},
  note = {\url{\url{http://proceedings.mlr.press/v48/syrgkanis16.html}}},
  openalex = {W2256838191},
  pages = {2159--2168},
  publisher = {Journal of Machine Learning Research (JMLR)},
  series = {Workshop and Conference Proceedings},
  title = {Efficient algorithms for adversarial contextual learning},
  volume = {48},
  year = {2016}
}

@inproceedings{taylor2016training,
  address = {New York City, New York, USA},
  author = {Taylor, Gavin and Burmeister, Ryan and Xu, Zheng and Singh, Bharat and Patel, Ankit and Goldstein, Tom},
  booktitle = {Proceedings of the 33rd International Conference on Machine Learning (ICML)},
  editor = {Balcan, Maria-Florina and Weinberger, Kilian Q.},
  month = {June},
  note = {\url{http://proceedings.mlr.press/v48/taylor16.html}},
  openalex = {W2346438296},
  pages = {2722--2731},
  publisher = {JMLR.org},
  series = {Workshop and Conference Proceedings},
  title = {Training neural networks without gradients: a scalable ADMM approach},
  year = {2016}
}

@inproceedings{thomas2016dataefficient,
  address = {New York City, New York, USA},
  author = {Thomas, Philip S. and Brunskill, Emma},
  booktitle = {Proceedings of the 33rd International Conference on Machine Learning (ICML)},
  editor = {Balcan, Maria-Florina and Weinberger, Kilian Q.},
  month = {June},
  note = {\url{\url{http://proceedings.mlr.press/v48/thomasa16.html}}},
  openalex = {W2964068481},
  pages = {2139--2148},
  publisher = {Journal of Machine Learning Research (JMLR)},
  series = {Workshop and Conference Proceedings},
  title = {Data-efficient off-policy policy evaluation for reinforcement learning},
  volume = {48},
  year = {2016}
}

@inproceedings{thomas2016energetic,
  address = {New York City, New York, USA},
  author = {Thomas, Philip S. and Silva, Bruno Castro da and Dann, Christoph and Brunskill, Emma},
  booktitle = {Proceedings of the 33rd International Conference on Machine Learning (ICML)},
  editor = {Balcan, Maria-Florina and Weinberger, Kilian Q.},
  month = {June},
  note = {\url{http://proceedings.mlr.press/v48/thomasb16.html}},
  openalex = {W2467681623},
  pages = {2887--2895},
  publisher = {JMLR.org},
  series = {Workshop and Conference Proceedings},
  title = {Energetic natural gradient descent},
  year = {2016}
}

@inproceedings{tosh2016mixing,
  address = {New York City, New York, USA},
  author = {Tosh, Christopher},
  booktitle = {Proceedings of the 33rd International Conference on Machine Learning (ICML)},
  editor = {Balcan, Maria-Florina and Weinberger, Kilian Q.},
  month = {June},
  note = {\url{http://proceedings.mlr.press/v48/tosh16.html}},
  openalex = {W2470429818},
  pages = {840--849},
  publisher = {JMLR.org},
  series = {JMLR Workshop and Conference Proceedings},
  title = {Mixing rates for the alternating Gibbs sampler over restricted Boltzmann machines and friends},
  volume = {48},
  year = {2016}
}

@inproceedings{tremblay2016compressive,
  address = {New York City, New York, USA},
  author = {Tremblay, Nicolas and Puy, Gilles and Gribonval, Rémi and Vandergheynst, Pierre},
  booktitle = {Proceedings of the 33rd International Conference on Machine Learning (ICML)},
  editor = {Balcan, Maria-Florina and Weinberger, Kilian Q.},
  month = {June},
  note = {\url{http://proceedings.mlr.press/v48/tremblay16.html}},
  openalex = {W2252984395},
  pages = {1002--1011},
  publisher = {JMLR.org},
  series = {JMLR Workshop and Conference Proceedings},
  title = {Compressive Spectral Clustering},
  volume = {48},
  year = {2016}
}

@inproceedings{trouillon2016complex,
  address = {New York City, New York, USA},
  author = {Trouillon, Théo and Welbl, Johannes and Riedel, Sebastian and Gaussier, Éric and Bouchard, Guillaume},
  booktitle = {Proceedings of the 33rd International Conference on Machine Learning (ICML)},
  editor = {Balcan, Maria-Florina and Weinberger, Kilian Q.},
  month = {June},
  note = {\url{\url{http://proceedings.mlr.press/v48/trouillon16.html}}},
  openalex = {W2963432357},
  pages = {2071--2080},
  publisher = {Journal of Machine Learning Research (JMLR)},
  series = {Workshop and Conference Proceedings},
  title = {Complex Embeddings for Simple Link Prediction},
  volume = {48},
  year = {2016}
}

@inproceedings{tu2016lowrank,
  address = {New York City, New York, USA},
  author = {Tu, Stephen and Boczar, Ross and Simchowitz, Max and Soltanolkotabi, Mahdi and Recht, Benjamin},
  booktitle = {Proceedings of the 33rd International Conference on Machine Learning (ICML)},
  editor = {Balcan, Maria-Florina and Weinberger, Kilian Q.},
  month = {June},
  note = {\url{http://proceedings.mlr.press/v48/tu16.html}},
  openalex = {W2963099043},
  pages = {964--973},
  publisher = {JMLR.org},
  series = {JMLR Workshop and Conference Proceedings},
  title = {Low-rank solutions of linear matrix equations via procrustes flow},
  volume = {48},
  year = {2016}
}

@inproceedings{ubaru2016fast,
  address = {New York City, New York, USA},
  author = {Ubaru, Shashanka and Saad, Yousef},
  booktitle = {Proceedings of the 33rd International Conference on Machine Learning (ICML)},
  editor = {Balcan, Maria-Florina and Weinberger, Kilian Q.},
  month = {June},
  note = {\url{http://proceedings.mlr.press/v48/ubaru16.html}},
  openalex = {W2461939514},
  pages = {468--477},
  publisher = {Journal of Machine Learning Research (JMLR)},
  series = {Workshop and Conference Proceedings},
  title = {Fast methods for estimating the numerical rank of large matrices},
  volume = {48},
  year = {2016}
}

@inproceedings{ulyanov2016texture,
  address = {New York City, New York, USA},
  author = {Ulyanov, Dmitry and Lebedev, Vadim and Vedaldi, Andrea and Lempitsky, Victor},
  booktitle = {Proceedings of the 33rd International Conference on Machine Learning (ICML)},
  editor = {Balcan, Maria-Florina and Weinberger, Kilian Q.},
  month = {June},
  note = {\url{http://proceedings.mlr.press/v48/ulyanov16.html}},
  openalex = {W2295130376},
  pages = {1349--1357},
  publisher = {Journal of Machine Learning Research (JMLR)},
  series = {JMLR Workshop and Conference Proceedings},
  title = {Texture networks: feed-forward synthesis of textures and stylized images},
  volume = {48},
  year = {2016}
}

@inproceedings{ustinovskiy2016metagradient,
  address = {New York City, New York, USA},
  author = {Ustinovskiy, Yury and Fedorova, Valentina and Gusev, Gleb and Serdyukov, Pavel},
  booktitle = {Proceedings of the 33rd International Conference on Machine Learning (ICML)},
  editor = {Balcan, Maria-Florina and Weinberger, Kilian Q.},
  month = {June},
  note = {\url{http://proceedings.mlr.press/v48/ustinovskiy16.html}},
  openalex = {W2441217280},
  pages = {2692--2701},
  publisher = {JMLR.org},
  series = {Workshop and Conference Proceedings},
  title = {Meta-gradient boosted decision tree model for weight and target learning},
  year = {2016}
}

@inproceedings{veldt2016simple,
  address = {New York City, New York, USA},
  author = {Veldt, Nate and Gleich, David F. and Mahoney, Michael W.},
  booktitle = {Proceedings of the 33rd International Conference on Machine Learning (ICML)},
  editor = {Balcan, Maria-Florina and Weinberger, Kilian Q.},
  month = {June},
  note = {\url{\url{http://proceedings.mlr.press/v48/veldt16.html}}},
  openalex = {W2962804156},
  pages = {1938--1947},
  publisher = {Journal of Machine Learning Research (JMLR)},
  series = {Workshop and Conference Proceedings},
  title = {A simple and strongly-local flow-based method for cut improvement},
  volume = {48},
  year = {2016}
}

@inproceedings{vikram2016interactive,
  address = {New York City, New York, USA},
  author = {Vikram, Sharad and Dasgupta, Sanjoy},
  booktitle = {Proceedings of the 33rd International Conference on Machine Learning (ICML)},
  editor = {Balcan, Maria-Florina and Weinberger, Kilian Q.},
  month = {June},
  note = {\url{\url{http://proceedings.mlr.press/v48/vikram16.html}}},
  openalex = {W2949806198},
  pages = {2081--2090},
  publisher = {Journal of Machine Learning Research (JMLR)},
  series = {Workshop and Conference Proceedings},
  title = {Interactive Bayesian Hierarchical Clustering},
  volume = {48},
  year = {2016}
}

@inproceedings{vinogradska2016stability,
  address = {New York City, New York, USA},
  author = {Vinogradska, Julia and Bischoff, Bastian and Nguyen-Tuong, Duy and Schmidt, Henner and Römer, Anne and Peters, Jan},
  booktitle = {Proceedings of the 33rd International Conference on Machine Learning (ICML)},
  editor = {Balcan, Maria-Florina and Weinberger, Kilian Q.},
  month = {June},
  note = {\url{http://proceedings.mlr.press/v48/vinogradska16.html}},
  openalex = {W2468321057},
  pages = {545--554},
  publisher = {Journal of Machine Learning Research (JMLR)},
  series = {Workshop and Conference Proceedings},
  title = {Stability of controllers for Gaussian process forward models},
  volume = {48},
  year = {2016}
}

@inproceedings{vladymyrov2016variational,
  address = {New York City, New York, USA},
  author = {Vladymyrov, Max and Carreira-Perpiñán, Miguel Á},
  booktitle = {Proceedings of the 33rd International Conference on Machine Learning (ICML)},
  editor = {Balcan, Maria-Florina and Weinberger, Kilian Q.},
  month = {June},
  note = {\url{http://proceedings.mlr.press/v48/vladymyrov16.html}},
  pages = {211--220},
  publisher = {Journal of Machine Learning Research (JMLR)},
  series = {Workshop and Conference Proceedings},
  title = {The Variational Nystrom method for large-scale spectral problems},
  year = {2016}
}

@inproceedings{vojnovic2016parameter,
  address = {New York City, New York, USA},
  author = {Vojnović, Milan and Yun, Se-Young},
  booktitle = {Proceedings of the 33rd International Conference on Machine Learning (ICML)},
  editor = {Balcan, Maria-Florina and Weinberger, Kilian Q.},
  month = {June},
  note = {\url{http://proceedings.mlr.press/v48/vojnovic16.html}},
  openalex = {W2428618018},
  pages = {498--506},
  publisher = {Journal of Machine Learning Research (JMLR)},
  series = {Workshop and Conference Proceedings},
  title = {Parameter estimation for generalized thurstone choice models},
  volume = {48},
  year = {2016}
}

@inproceedings{wang2016analysis,
  address = {New York City, New York, USA},
  author = {Wang, Shengjie and Mohamed, Abdelrahman and Caruana, Rich and Bilmes, Jeff and Plilipose, Matthai and Richardson, Matthew and Geras, Krzysztof J. and Urban, Gregor and Aslan, Özlem},
  booktitle = {Proceedings of the 33rd International Conference on Machine Learning (ICML)},
  editor = {Balcan, Maria-Florina and Weinberger, Kilian Q.},
  month = {June},
  note = {\url{http://proceedings.mlr.press/v48/wanga16.html}},
  openalex = {W2473476732},
  pages = {718--726},
  publisher = {Journal of Machine Learning Research (JMLR)},
  series = {Workshop and Conference Proceedings},
  title = {Analysis of Deep Neural Networks with Extended Data Jacobian Matrix},
  volume = {48},
  year = {2016}
}

@inproceedings{wang2016dueling,
  address = {New York City, New York, USA},
  author = {Wang, Ziyu and Schaul, Tom and Hessel, Matteo and Hasselt, Hado van and Lanctot, Marc and Freitas, Nando de},
  booktitle = {Proceedings of the 33rd International Conference on Machine Learning (ICML)},
  editor = {Balcan, Maria-Florina and Weinberger, Kilian Q.},
  month = {June},
  note = {\url{\url{http://proceedings.mlr.press/v48/wangf16.html}}},
  openalex = {W2951799221},
  pages = {1995--2003},
  publisher = {Journal of Machine Learning Research (JMLR)},
  series = {Workshop and Conference Proceedings},
  title = {Dueling Network Architectures for Deep Reinforcement Learning},
  volume = {48},
  year = {2016}
}

@inproceedings{wang2016epigraph,
  address = {New York City, New York, USA},
  author = {Wang, Po-Wei and Wytock, Matt and Kolter, J. Zico},
  booktitle = {Proceedings of the 33rd International Conference on Machine Learning (ICML)},
  editor = {Balcan, Maria-Florina and Weinberger, Kilian Q.},
  month = {June},
  note = {\url{http://proceedings.mlr.press/v48/wangh16.html}},
  openalex = {W2439655505},
  pages = {2868--2877},
  publisher = {JMLR.org},
  series = {Workshop and Conference Proceedings},
  title = {Epigraph projections for fast general convex programming},
  year = {2016}
}

@inproceedings{wang2016isotonic,
  address = {New York City, New York, USA},
  author = {Wang, Yichen and Xie, Bo and Du, Nan and Song, Le},
  booktitle = {Proceedings of the 33rd International Conference on Machine Learning (ICML)},
  editor = {Balcan, Maria-Florina and Weinberger, Kilian Q.},
  month = {June},
  note = {\url{\url{http://proceedings.mlr.press/v48/wangg16.html}}},
  openalex = {W2466168322},
  pages = {2226--2234},
  publisher = {Journal of Machine Learning Research (JMLR)},
  series = {Workshop and Conference Proceedings},
  title = {Isotonic hawkes processes},
  volume = {48},
  year = {2016}
}

@inproceedings{wang2016knowledge,
  address = {New York City, New York, USA},
  author = {Wang, Yingfei and Wang, Chu and Powell, Warren B.},
  booktitle = {Proceedings of the 33rd International Conference on Machine Learning (ICML)},
  editor = {Balcan, Maria-Florina and Weinberger, Kilian Q.},
  month = {June},
  note = {\url{http://proceedings.mlr.press/v48/wangb16.html}},
  openalex = {W2463351286},
  pages = {1138--1147},
  publisher = {Journal of Machine Learning Research (JMLR)},
  series = {JMLR Workshop and Conference Proceedings},
  title = {The knowledge gradient for sequential decision making with stochastic binary feedbacks},
  volume = {48},
  year = {2016}
}

@inproceedings{wang2016no,
  address = {New York City, New York, USA},
  author = {Wang, Xiangyu and Dunson, David B. and Leng, Chenlei},
  booktitle = {Proceedings of the 33rd International Conference on Machine Learning (ICML)},
  editor = {Balcan, Maria-Florina and Weinberger, Kilian Q.},
  month = {June},
  note = {\url{http://proceedings.mlr.press/v48/wange16.html}},
  openalex = {W2963033543},
  pages = {1814--1822},
  publisher = {JMLR.org},
  series = {JMLR Workshop and Conference Proceedings},
  title = {No penalty no tears: Least squares in high-dimensional linear models},
  volume = {48},
  year = {2016}
}

@inproceedings{wang2016on,
  address = {New York City, New York, USA},
  author = {Wang, Zhaoran and Gu, Quanquan and Liu, Han},
  booktitle = {Proceedings of the 33rd International Conference on Machine Learning (ICML)},
  editor = {Balcan, Maria-Florina and Weinberger, Kilian Q.},
  month = {June},
  note = {\url{http://proceedings.mlr.press/v48/wangc16.html}},
  openalex = {W1503792852},
  pages = {1368--1377},
  publisher = {Journal of Machine Learning Research (JMLR)},
  series = {JMLR Workshop and Conference Proceedings},
  title = {Statistical Limits of Convex Relaxations},
  volume = {48},
  year = {2016}
}

@inproceedings{wang2016parallel,
  address = {New York City, New York, USA},
  author = {Wang, Yu-Xiang and Sadhanala, Veeranjaneyulu and Dai, Wei and Neiswanger, Willie and Sra, Suvrit and Xing, Eric P.},
  booktitle = {Proceedings of the 33rd International Conference on Machine Learning (ICML)},
  editor = {Balcan, Maria-Florina and Weinberger, Kilian Q.},
  month = {June},
  note = {\url{http://proceedings.mlr.press/v48/wangd16.html}},
  openalex = {W2287820382},
  pages = {1548--1557},
  publisher = {JMLR.org},
  series = {JMLR Workshop and Conference Proceedings},
  title = {Parallel and distributed block-coordinate frank-wolfe algorithms},
  volume = {48},
  year = {2016}
}

@inproceedings{wei2016network,
  address = {New York City, New York, USA},
  author = {Wei, Tao and Wang, Changhu and Rui, Yong and Chen, Chang Wen},
  booktitle = {Proceedings of the 33rd International Conference on Machine Learning (ICML)},
  editor = {Balcan, Maria-Florina and Weinberger, Kilian Q.},
  month = {June},
  note = {\url{http://proceedings.mlr.press/v48/wei16.html}},
  openalex = {W2913732044},
  pages = {564--572},
  publisher = {Journal of Machine Learning Research (JMLR)},
  series = {Workshop and Conference Proceedings},
  title = {Network morphism},
  volume = {48},
  year = {2016}
}

@inproceedings{weller2016uprooting,
  address = {New York City, New York, USA},
  author = {Weller, Adrian},
  booktitle = {Proceedings of the 33rd International Conference on Machine Learning (ICML)},
  editor = {Balcan, Maria-Florina and Weinberger, Kilian Q.},
  month = {June},
  note = {\url{http://proceedings.mlr.press/v48/weller16.html}},
  openalex = {W2472143053},
  pages = {21--29},
  publisher = {Journal of Machine Learning Research (JMLR)},
  series = {Workshop and Conference Proceedings},
  title = {Uprooting and rerooting graphical models},
  year = {2016}
}

@inproceedings{wiatowski2016discrete,
  address = {New York City, New York, USA},
  author = {Wiatowski, Thomas and Tschannen, Michael and Stanić, Aleksandar and Grohs, Philipp and Bölcskei, Helmut},
  booktitle = {Proceedings of the 33rd International Conference on Machine Learning (ICML)},
  editor = {Balcan, Maria-Florina and Weinberger, Kilian Q.},
  month = {June},
  note = {\url{\url{http://proceedings.mlr.press/v48/wiatowski16.html}}},
  openalex = {W3158307145},
  pages = {2149--2158},
  publisher = {Journal of Machine Learning Research (JMLR)},
  series = {Workshop and Conference Proceedings},
  title = {Discrete Deep Feature Extraction: A Theory and New Architectures},
  volume = {48},
  year = {2016}
}

@inproceedings{wipf2016analysis,
  address = {New York City, New York, USA},
  author = {Wipf, David},
  booktitle = {Proceedings of the 33rd International Conference on Machine Learning (ICML)},
  editor = {Balcan, Maria-Florina and Weinberger, Kilian Q.},
  month = {June},
  note = {\url{http://proceedings.mlr.press/v48/wipf16.html}},
  openalex = {W2466605915},
  pages = {926--935},
  publisher = {JMLR.org},
  series = {JMLR Workshop and Conference Proceedings},
  title = {Analysis of Variational Bayesian Factorizations for Sparse and Low-Rank Estimation},
  volume = {48},
  year = {2016}
}

@inproceedings{wu2016conservative,
  address = {New York City, New York, USA},
  author = {Wu, Yifan and Shariff, Roshan and Lattimore, Tor and Szepesvári, Csaba},
  booktitle = {Proceedings of the 33rd International Conference on Machine Learning (ICML)},
  editor = {Balcan, Maria-Florina and Weinberger, Kilian Q.},
  month = {June},
  note = {\url{http://proceedings.mlr.press/v48/wu16.html}},
  openalex = {W2914526782},
  pages = {1254--1262},
  publisher = {Journal of Machine Learning Research (JMLR)},
  series = {JMLR Workshop and Conference Proceedings},
  title = {Conservative bandits},
  volume = {48},
  year = {2016}
}

@inproceedings{xie2016diversitypromoting,
  address = {New York City, New York, USA},
  author = {Xie, Pengtao and Zhu, Jun and Xing, Eric P.},
  booktitle = {Proceedings of the 33rd International Conference on Machine Learning (ICML)},
  editor = {Balcan, Maria-Florina and Weinberger, Kilian Q.},
  month = {June},
  note = {\url{http://proceedings.mlr.press/v48/xiea16.html}},
  openalex = {W2963039268},
  pages = {59--68},
  publisher = {Journal of Machine Learning Research (JMLR)},
  series = {Workshop and Conference Proceedings},
  title = {Diversity-promoting Bayesian learning of latent variable models},
  year = {2016}
}

@inproceedings{xie2016theory,
  address = {New York City, New York, USA},
  author = {Xie, Jianwen and Lu, Yang and Zhu, Song-Chun and Wu, Ying Nian},
  booktitle = {Proceedings of the 33rd International Conference on Machine Learning (ICML)},
  editor = {Balcan, Maria-Florina and Weinberger, Kilian Q.},
  month = {June},
  note = {\url{http://proceedings.mlr.press/v48/xiec16.html}},
  pages = {2635--2644},
  publisher = {Journal of Machine Learning Research (JMLR)},
  series = {Workshop and Conference Proceedings},
  title = {A Theory of Generative ConvNet},
  volume = {48},
  year = {2016}
}

@inproceedings{xie2016unsupervised,
  address = {New York City, New York, USA},
  author = {Xie, Junyuan and Girshick, Ross and Farhadi, Ali},
  booktitle = {Proceedings of the 33rd International Conference on Machine Learning (ICML)},
  editor = {Balcan, Maria-Florina and Weinberger, Kilian Q.},
  month = {June},
  note = {\url{http://proceedings.mlr.press/v48/xieb16.html}},
  openalex = {W2964074409},
  pages = {478--487},
  publisher = {Journal of Machine Learning Research (JMLR)},
  series = {Workshop and Conference Proceedings},
  title = {Unsupervised Deep Embedding for Clustering Analysis},
  volume = {48},
  year = {2016}
}

@inproceedings{xiong2016dynamic,
  address = {New York City, New York, USA},
  author = {Xiong, Caiming and Merity, Stephen and Socher, Richard},
  booktitle = {Proceedings of the 33rd International Conference on Machine Learning (ICML)},
  editor = {Balcan, Maria-Florina and Weinberger, Kilian Q.},
  month = {June},
  note = {\url{http://proceedings.mlr.press/v48/xiong16.html}},
  openalex = {W2293453011},
  pages = {2397--2406},
  publisher = {Journal of Machine Learning Research (JMLR)},
  series = {Workshop and Conference Proceedings},
  title = {Dynamic Memory Networks for Visual and Textual Question Answering},
  volume = {48},
  year = {2016}
}

@inproceedings{xu2016false,
  address = {New York City, New York, USA},
  author = {Xu, Qianqian and Xiong, Jiechao and Cao, Xiaochun and Yao, Yuan},
  booktitle = {Proceedings of the 33rd International Conference on Machine Learning (ICML)},
  editor = {Balcan, Maria-Florina and Weinberger, Kilian Q.},
  month = {June},
  note = {\url{http://proceedings.mlr.press/v48/xua16.html}},
  openalex = {W2405076208},
  pages = {1282--1291},
  publisher = {Journal of Machine Learning Research (JMLR)},
  series = {JMLR Workshop and Conference Proceedings},
  title = {False Discovery Rate Control and Statistical Quality Assessment of Annotators in Crowdsourced Ranking},
  volume = {48},
  year = {2016}
}

@inproceedings{xu2016learning,
  address = {New York City, New York, USA},
  author = {Xu, Hongteng and Farajtabar, Mehrdad and Zha, Hongyuan},
  booktitle = {Proceedings of the 33rd International Conference on Machine Learning (ICML)},
  editor = {Balcan, Maria-Florina and Weinberger, Kilian Q.},
  month = {June},
  note = {\url{http://proceedings.mlr.press/v48/xuc16.html}},
  openalex = {W2963918231},
  pages = {1717--1726},
  publisher = {JMLR.org},
  series = {JMLR Workshop and Conference Proceedings},
  title = {Learning Granger Causality for Hawkes Processes},
  volume = {48},
  year = {2016}
}

@inproceedings{xu2016matrix,
  address = {New York City, New York, USA},
  author = {Xu, Zhiqiang and Zhao, Peilin and Cao, Jianneng and Li, Xiaoli},
  booktitle = {Proceedings of the 33rd International Conference on Machine Learning (ICML)},
  editor = {Balcan, Maria-Florina and Weinberger, Kilian Q.},
  month = {June},
  note = {\url{http://proceedings.mlr.press/v48/xub16.html}},
  openalex = {W2429260987},
  pages = {1660--1669},
  publisher = {JMLR.org},
  series = {JMLR Workshop and Conference Proceedings},
  title = {Matrix eigen-decomposition via doubly stochastic riemannian optimization},
  volume = {48},
  year = {2016}
}

@inproceedings{xue2016variable,
  address = {New York City, New York, USA},
  author = {Xue, Yexiang and Ermon, Stefano and Bras, Ronan Le and Gomes, Carla P. and Selman, Bart},
  booktitle = {Proceedings of the 33rd International Conference on Machine Learning (ICML)},
  editor = {Balcan, Maria-Florina and Weinberger, Kilian Q.},
  month = {June},
  note = {\url{http://proceedings.mlr.press/v48/xue16.html}},
  openalex = {W2963183030},
  pages = {285--294},
  publisher = {Journal of Machine Learning Research (JMLR)},
  series = {Workshop and Conference Proceedings},
  title = {Variable elimination in the Fourier domain},
  year = {2016}
}

@inproceedings{yang2016revisiting,
  address = {New York City, New York, USA},
  author = {Yang, Zhilin and Cohen, William W. and Salakhutdinov, Ruslan},
  booktitle = {Proceedings of the 33rd International Conference on Machine Learning (ICML)},
  editor = {Balcan, Maria-Florina and Weinberger, Kilian Q.},
  month = {June},
  note = {\url{http://proceedings.mlr.press/v48/yanga16.html}},
  openalex = {W2963312446},
  pages = {40--48},
  publisher = {Journal of Machine Learning Research (JMLR)},
  series = {Workshop and Conference Proceedings},
  title = {Revisiting Semi-Supervised Learning with Graph Embeddings},
  year = {2016}
}

@inproceedings{yang2016sparse,
  address = {New York City, New York, USA},
  author = {Yang, Zhuoran and Wang, Zhaoran and Liu, Han and Eldar, Yonina C. and Zhang, Tong},
  booktitle = {Proceedings of the 33rd International Conference on Machine Learning (ICML)},
  editor = {Balcan, Maria-Florina and Weinberger, Kilian Q.},
  month = {June},
  note = {\url{http://proceedings.mlr.press/v48/yangc16.html}},
  openalex = {W2420609820},
  pages = {2472--2481},
  publisher = {Journal of Machine Learning Research (JMLR)},
  series = {Workshop and Conference Proceedings},
  title = {Sparse nonlinear regression: parameter estimation under nonconvexity},
  volume = {48},
  year = {2016}
}

@inproceedings{yang2016tracking,
  address = {New York City, New York, USA},
  author = {Yang, Tianbao and Zhang, Lijun and Jin, Rong and Yi, Jinfeng},
  booktitle = {Proceedings of the 33rd International Conference on Machine Learning (ICML)},
  editor = {Balcan, Maria-Florina and Weinberger, Kilian Q.},
  month = {June},
  note = {\url{http://proceedings.mlr.press/v48/yangb16.html}},
  openalex = {W2963598363},
  pages = {449--457},
  publisher = {Journal of Machine Learning Research (JMLR)},
  series = {Workshop and Conference Proceedings},
  title = {Tracking Slowly Moving Clairvoyant: Optimal Dynamic Regret of Online Learning with True and Noisy Gradient},
  volume = {48},
  year = {2016}
}

@inproceedings{yao2016efficient,
  address = {New York City, New York, USA},
  author = {Yao, Quanming and Kwok, James T.},
  booktitle = {Proceedings of the 33rd International Conference on Machine Learning (ICML)},
  editor = {Balcan, Maria-Florina and Weinberger, Kilian Q.},
  month = {June},
  note = {\url{http://proceedings.mlr.press/v48/yao16.html}},
  openalex = {W2809317144},
  pages = {2645--2654},
  publisher = {JMLR.org},
  series = {Workshop and Conference Proceedings},
  title = {Efficient Learning with a Family of Nonconvex Regularizers by Redistributing Nonconvexity},
  year = {2016}
}

@inproceedings{yen2016convex,
  address = {New York City, New York, USA},
  author = {Yen, Ian En-Hsu and Lin, Xin and Zhang, Jiong and Ravikumar, Pradeep and Dhillon, Inderjit S.},
  booktitle = {Proceedings of the 33rd International Conference on Machine Learning (ICML)},
  editor = {Balcan, Maria-Florina and Weinberger, Kilian Q.},
  month = {June},
  note = {\url{http://proceedings.mlr.press/v48/yena16.html}},
  openalex = {W2463019460},
  pages = {2272--2280},
  publisher = {Journal of Machine Learning Research (JMLR)},
  series = {Workshop and Conference Proceedings},
  title = {A Convex Atomic-Norm Approach to Multiple Sequence Alignment and Motif Discovery.},
  volume = {48},
  year = {2016}
}

@inproceedings{yen2016pdsparse,
  address = {New York City, New York, USA},
  author = {Yen, Ian En-Hsu and Huang, Xiangru and Zhong, Kai and Ravikumar, Pradeep and Dhillon, Inderjit S.},
  booktitle = {Proceedings of the 33rd International Conference on Machine Learning (ICML)},
  month = {June},
  note = {\url{http://proceedings.mlr.press/v48/yenb16.html}},
  openalex = {W2461743311},
  pages = {3069--3077},
  publisher = {Journal of Machine Learning Research (JLMR)},
  series = {Workshop and Conference Proceedings},
  title = {PD-sparse: a primal and dual sparse approach to extreme multiclass and multilabel classification},
  year = {2016}
}

@inproceedings{yoon2016forecasticu,
  address = {New York City, New York, USA},
  author = {Yoon, Jinsung and Alaa, Ahmed M. and Hu, Scott and Schaar, Mihaela van der},
  booktitle = {Proceedings of the 33rd International Conference on Machine Learning (ICML)},
  editor = {Balcan, Maria-Florina and Weinberger, Kilian Q.},
  month = {June},
  note = {\url{http://proceedings.mlr.press/v48/yoon16.html}},
  openalex = {W2462530867},
  pages = {1680--1689},
  publisher = {JMLR.org},
  series = {JMLR Workshop and Conference Proceedings},
  title = {ForecastICU: a prognostic decision support system for timely prediction of intensive care unit admission},
  volume = {48},
  year = {2016}
}

@inproceedings{yu2016learning,
  address = {New York City, New York, USA},
  author = {Yu, Rose and Liu, Yan},
  booktitle = {Proceedings of the 33rd International Conference on Machine Learning (ICML)},
  editor = {Balcan, Maria-Florina and Weinberger, Kilian Q.},
  month = {June},
  note = {\url{http://proceedings.mlr.press/v48/yu16.html}},
  openalex = {W2468422810},
  pages = {373--381},
  publisher = {Journal of Machine Learning Research (JMLR)},
  series = {Workshop and Conference Proceedings},
  title = {Learning from multiway data: simple and efficient tensor regression},
  volume = {48},
  year = {2016}
}

@inproceedings{zadeh2016geometric,
  address = {New York City, New York, USA},
  author = {Zadeh, Pourya and Hosseini, Reshad and Sra, Suvrit},
  booktitle = {Proceedings of the 33rd International Conference on Machine Learning (ICML)},
  editor = {Balcan, Maria-Florina and Weinberger, Kilian Q.},
  month = {June},
  note = {\url{http://proceedings.mlr.press/v48/zadeh16.html}},
  pages = {2464--2471},
  publisher = {Journal of Machine Learning Research (JMLR)},
  series = {Workshop and Conference Proceedings},
  title = {Geometric Mean Metric Learning},
  volume = {48},
  year = {2016}
}

@inproceedings{zahavy2016graying,
  address = {New York City, New York, USA},
  author = {Zahavy, Tom and Zrihem, Nir Ben and Mannor, Shie},
  booktitle = {Proceedings of the 33rd International Conference on Machine Learning (ICML)},
  editor = {Balcan, Maria-Florina and Weinberger, Kilian Q.},
  month = {June},
  note = {\url{\url{http://proceedings.mlr.press/v48/zahavy16.html}}},
  openalex = {W2950708852},
  pages = {1899--1908},
  publisher = {Journal of Machine Learning Research (JMLR)},
  series = {Workshop and Conference Proceedings},
  title = {Graying the black box: Understanding DQNs},
  volume = {48},
  year = {2016}
}

@inproceedings{zaremba2016learning,
  address = {New York City, New York, USA},
  author = {Zaremba, Wojciech and Mikolov, Tomáš and Joulin, Armand and Fergus, Rob},
  booktitle = {Proceedings of the 33rd International Conference on Machine Learning (ICML)},
  editor = {Balcan, Maria-Florina and Weinberger, Kilian Q.},
  month = {June},
  note = {\url{http://proceedings.mlr.press/v48/zaremba16.html}},
  openalex = {W2963773578},
  pages = {421--429},
  publisher = {Journal of Machine Learning Research (JMLR)},
  series = {Workshop and Conference Proceedings},
  title = {Learning Simple Algorithms from Examples},
  volume = {48},
  year = {2016}
}

@inproceedings{zhai2016deep,
  address = {New York City, New York, USA},
  author = {Zhai, Shuangfei and Cheng, Yu and Lu, Weining and Zhang, Zhongfei},
  booktitle = {Proceedings of the 33rd International Conference on Machine Learning (ICML)},
  editor = {Balcan, Maria-Florina and Weinberger, Kilian Q.},
  month = {June},
  note = {\url{http://proceedings.mlr.press/v48/zhai16.html}},
  openalex = {W2398119937},
  pages = {1100--1109},
  publisher = {JMLR.org},
  series = {JMLR Workshop and Conference Proceedings},
  title = {Deep Structured Energy Based Models for Anomaly Detection},
  volume = {48},
  year = {2016}
}

@inproceedings{zhang2016augmenting,
  address = {New York City, New York, USA},
  author = {Zhang, Yuting and Lee, Kibok and Lee, Honglak},
  booktitle = {Proceedings of the 33rd International Conference on Machine Learning (ICML)},
  editor = {Balcan, Maria-Florina and Weinberger, Kilian Q.},
  month = {June},
  note = {\url{http://proceedings.mlr.press/v48/zhangc16.html}},
  openalex = {W2962694510},
  pages = {612--621},
  publisher = {Journal of Machine Learning Research (JMLR)},
  series = {Workshop and Conference Proceedings},
  title = {Augmenting supervised neural networks with unsupervised objectives for large-scale image classification},
  volume = {48},
  year = {2016}
}

@inproceedings{zhang2016improved,
  address = {New York City, New York, USA},
  author = {Zhu, Zeyuan Allen and Yuan, Yang},
  booktitle = {Proceedings of the 33rd International Conference on Machine Learning (ICML)},
  editor = {Balcan, Maria-Florina and Weinberger, Kilian Q.},
  month = {June},
  note = {\url{http://proceedings.mlr.press/v48/allen-zhub16.html}},
  pages = {1080--1089},
  publisher = {JMLR.org},
  series = {JMLR Workshop and Conference Proceedings},
  title = {Improved SVRG for Non-Strongly-Convex or Sum-of-Non-Convex Objectives},
  volume = {48},
  year = {2016}
}

@inproceedings{zhang2016l1regularized,
  address = {New York City, New York, USA},
  author = {Zhang, Yuchen and Lee, Jason D. and Jordan, Michael I.},
  booktitle = {Proceedings of the 33rd International Conference on Machine Learning (ICML)},
  editor = {Balcan, Maria-Florina and Weinberger, Kilian Q.},
  month = {June},
  note = {\url{http://proceedings.mlr.press/v48/zhang16.html}},
  pages = {993--1001},
  publisher = {JMLR.org},
  series = {JMLR Workshop and Conference Proceedings},
  title = {L1-regularized Neural Networks are Improperly Learnable in Polynomial Time},
  volume = {48},
  year = {2016}
}

@inproceedings{zhang2016markov,
  address = {New York City, New York, USA},
  author = {Zhang, Aonan and Paisley, John},
  booktitle = {Proceedings of the 33rd International Conference on Machine Learning (ICML)},
  editor = {Balcan, Maria-Florina and Weinberger, Kilian Q.},
  month = {June},
  note = {\url{http://proceedings.mlr.press/v48/zhangf16.html}},
  openalex = {W2462347650},
  pages = {1129--1137},
  publisher = {Journal of Machine Learning Research (JMLR)},
  series = {JMLR Workshop and Conference Proceedings},
  title = {Markov latent feature models},
  volume = {48},
  year = {2016}
}

@inproceedings{zhang2016on,
  address = {New York City, New York, USA},
  author = {Zhang, Yue and Ray, Soumya and Guo, Weihong},
  booktitle = {Proceedings of the 33rd International Conference on Machine Learning (ICML)},
  editor = {Balcan, Maria-Florina and Weinberger, Kilian Q.},
  month = {June},
  note = {\url{http://proceedings.mlr.press/v48/zhanga16.html}},
  openalex = {W2469115402},
  pages = {183--191},
  publisher = {Journal of Machine Learning Research (JMLR)},
  series = {Workshop and Conference Proceedings},
  title = {On the consistency of feature selection with lasso for non-linear targets},
  year = {2016}
}

@inproceedings{zhang2016online,
  address = {New York City, New York, USA},
  author = {Zhang, Lijun and Yang, Tianbao and Jin, Rong and Xiao, Yichi and Zhou, Zhi‐Hua},
  booktitle = {Proceedings of the 33rd International Conference on Machine Learning (ICML)},
  editor = {Balcan, Maria-Florina and Weinberger, Kilian Q.},
  month = {June},
  note = {\url{http://proceedings.mlr.press/v48/zhangb16.html}},
  openalex = {W2210740898},
  pages = {392--401},
  publisher = {Journal of Machine Learning Research (JMLR)},
  series = {Workshop and Conference Proceedings},
  title = {Online stochastic linear optimization under one-bit feedback},
  volume = {48},
  year = {2016}
}

@inproceedings{zhang2016provable,
  address = {New York City, New York, USA},
  author = {Zhang, Huishuai and Chi, Yuejie and Liang, Yingbin},
  booktitle = {Proceedings of the 33rd International Conference on Machine Learning (ICML)},
  editor = {Balcan, Maria-Florina and Weinberger, Kilian Q.},
  month = {June},
  note = {\url{http://proceedings.mlr.press/v48/zhang16.html}},
  openalex = {W2296832563},
  pages = {1022--1031},
  publisher = {JMLR.org},
  series = {JMLR Workshop and Conference Proceedings},
  title = {Provable non-convex phase retrieval with outliers: median truncated wirtinger flow},
  volume = {48},
  year = {2016}
}

@inproceedings{zhao2016collapsed,
  address = {New York City, New York, USA},
  author = {Zhao, Han and Adel, Tameem and Gordon, Geoff and Amos, Brandon},
  booktitle = {Proceedings of the 33rd International Conference on Machine Learning (ICML)},
  editor = {Balcan, Maria-Florina and Weinberger, Kilian Q.},
  month = {June},
  note = {\url{http://proceedings.mlr.press/v48/zhaoa16.html}},
  openalex = {W2420777250},
  pages = {1310--1318},
  publisher = {Journal of Machine Learning Research (JMLR)},
  series = {JMLR Workshop and Conference Proceedings},
  title = {Collapsed variational inference for sum-product networks},
  volume = {48},
  year = {2016}
}

@inproceedings{zhao2016learning,
  address = {New York City, New York, USA},
  author = {Zhao, Zhibing and Piech, Peter and Xia, Lirong},
  booktitle = {Proceedings of the 33rd International Conference on Machine Learning (ICML)},
  editor = {Balcan, Maria-Florina and Weinberger, Kilian Q.},
  month = {June},
  note = {\url{http://proceedings.mlr.press/v48/zhaob16.html}},
  openalex = {W2953312250},
  pages = {2906--2914},
  publisher = {JMLR.org},
  series = {Workshop and Conference Proceedings},
  title = {Learning Mixtures of Plackett-Luce Models},
  year = {2016}
}

@inproceedings{zheng2016neural,
  address = {New York City, New York, USA},
  author = {Zheng, Yin and Tang, Bangsheng and Ding, Wenkui and Zhou, Hanning},
  booktitle = {Proceedings of the 33rd International Conference on Machine Learning (ICML)},
  editor = {Balcan, Maria-Florina and Weinberger, Kilian Q.},
  month = {June},
  note = {\url{http://proceedings.mlr.press/v48/zheng16.html}},
  openalex = {W2409498980},
  pages = {764--773},
  publisher = {JMLR.org},
  series = {JMLR Workshop and Conference Proceedings},
  title = {A Neural Autoregressive Approach to Collaborative Filtering},
  volume = {48},
  year = {2016}
}

@inproceedings{zhu2016even,
  address = {New York City, New York, USA},
  author = {Zhu, Zeyuan Allen and Qu, Zheng and Richtárik, Peter and Yuan, Yang},
  booktitle = {Proceedings of the 33rd International Conference on Machine Learning (ICML)},
  editor = {Balcan, Maria-Florina and Weinberger, Kilian Q.},
  month = {June},
  note = {\url{http://proceedings.mlr.press/v48/allen-zhuc16.html}},
  pages = {1110--1119},
  publisher = {JMLR.org},
  series = {JMLR Workshop and Conference Proceedings},
  title = {Even Faster Accelerated Coordinate Descent Using Non-Uniform Sampling},
  volume = {48},
  year = {2016}
}

@inproceedings{zhu2016variance,
  address = {New York City, New York, USA},
  author = {Allen-Zhu, Zeyuan and Hazan, Elad},
  booktitle = {Proceedings of the 33rd International Conference on Machine Learning (ICML)},
  editor = {Balcan, Maria-Florina and Weinberger, Kilian Q.},
  month = {June},
  note = {\url{http://proceedings.mlr.press/v48/allen-zhua16.html}},
  openalex = {W2962851402},
  pages = {699--707},
  publisher = {Journal of Machine Learning Research (JMLR)},
  series = {Workshop and Conference Proceedings},
  title = {Variance reduction for faster non-convex optimization},
  volume = {48},
  year = {2016}
}
